2279 3260
241 252 288 272 nn.
310 247 338 273 ti.
366 247 429 274 1⁴55

268 625 369 644 Fauiam·
381 630 424 644 uio-

241 653 326 671 uasturii
346 656 423 670 innuta-

241 678 290 697 liuui
304 680 324 697 ul.
339 677 423 697 fratrum

242 704 380 723 Ιιμωῐσοᾶῐοι
381 710 419 722 111111

240 730 324 748 mutuus
357 733 422 749 saucu

243 756 347 775 «manuni
356 762 374 775 iu
383 756 423 775 »al-

241 782 258 801 le
271 783 295 801 dt·
308 782 422 805 ,Nalm-uas.

475 242 537 271 5:36

435 297 475 329 mi
499 297 664 341 obsequiis
681 299 739 332 sul)
756 301 901 333 arctioris
921 295 1001 332 vitae
1020 299 1165 331 instituto

433 351 686 393 iu.·uir.ipatorum
711 364 820 386 curum
844 359 1005 395 gerentes,
1021 352 1102 385 felici
1130 352 1166 385 il-

433 403 537 435 lorum
562 404 654 436 statui
681 416 717 438 ac
748 405 930 448 progressui
963 410 995 437 et
1033 404 1166 446 religio-

432 457 481 490 nis
506 457 717 498 incremento,
734 464 888 501 quantum
914 458 1008 489 nohis
1033 469 1069 489 ex
1102 458 1166 489 alto

433 511 632 551 conceditur,
668 511 853 553 prospicere
886 509 1006 552 iugiter
1041 509 1166 542 studea-

434 573 515 595 mus.

477 616 492 658 ἓ
524 615 553 648 1.
589 615 733 648 lnnotuit
761 614 923 657 siquidem
956 614 1049 647 nobis
1080 614 1166 657 quod

436 669 556 701 dudum
581 669 687 701 clarae
711 667 884 700 memoriae
921 667 1049 709 Aloysia
1072 667 1167 699 Maria

435 720 509 752 dum
538 720 613 752 vixit
647 719 863 761 l‘ortugalliae
889 725 925 752 ct
945 719 1167 761 Algarbiorum

435 773 546 815 regina
569 772 712 810 illustris,
743 781 801 814 pro
826 771 942 804 eximia
966 773 1021 804 sua
1047 772 1167 814 pietate

434 829 464 856 et
487 824 639 866 singulari
662 834 737 866 erga
754 823 907 856 Ordinem
928 823 1026 855 sancti
1048 823 1164 864 Augus-

434 876 492 908 tini
524 876 722 916 devotione,
760 874 1013 909 monasteriuin¹
1045 875 1166 908 monia-

431 929 510 962 lium
547 928 842 961 Discalceatarum²
867 928 1015 961 eiusdem
1039 928 1166 961 Ordinis

432 981 464 1013 in
490 981 572 1013 valle
610 981 650 1014 de
688 981 853 1024 Xabregas
875 991 979 1024 prope
1015 987 1047 1014 et
1078 986 1173 1026 extra

432 1043 542 1066 muros
581 1033 716 1065 civitatis
741 1033 999 1076 Ulyssiponensis
1020 1033 1109 1075 regia
1133 1033 1169 1066 li-

433 1086 600 1119 beralitate
626 1085 781 1126 fundavit,
808 1086 944 1129 ipsaque
968 1086 1095 1129 Aloysia
1112 1086 1168 1118 Ma·

433 1140 479 1171 ria
504 1139 615 1181 regina
638 1139 722 1171 inter
753 1139 882 1171 easdem
914 1139 1071 1172 moniales
1096 1139 1168 1172 reli-

433 1202 514 1234 quos
535 1192 617 1224 vitae
636 1202 712 1225 suae
737 1192 805 1224 dics
831 1191 864 1224 in
888 1202 967 1235 pace
992 1191 1167 1235 disposuit,

434 1252 466 1277 et
489 1245 623 1288 cupiens
656 1250 850 1277 conventum
882 1245 1016 1277 fratrum
1051 1245 1169 1278 Discal-

434 1303 601 1331 ceatorum
633 1297 762 1331 Ordinis
787 1297 1001 1330 Eremitarum
1025 1297 1168 1330 eiusdem

435 1351 534 1383 saneti
560 1350 740 1393 Augustini,
774 1350 828 1393 qui
860 1350 1020 1383 dictorum
1044 1361 1166 1383 monas·

437 1403 507 1435 terii
530 1407 561 1435 et
583 1402 775 1435 monialium
800 1402 971 1435 directioni
997 1407 1029 1435 et
1055 1403 1166 1445 guber·

435 1456 488 1489 nio
512 1455 752 1496 incumberent,
778 1455 898 1498 pariter
926 1455 1059 1488 fundare
1077 1460 1168 1498 atque

435 1510 572 1552 erigere,
596 1509 761 1542 licentiam
785 1509 925 1551 desuper
956 1509 1169 1542 necessariam

435 1562 576 1595 obtinuit
599 1572 616 1594 a
641 1567 715 1594 tunc
743 1562 899 1595 existente
932 1561 1042 1605 priore
1074 1572 1170 1604 gene—

434 1615 492 1647 rali
518 1614 593 1647 dicti
616 1613 759 1654 Ordinis,
788 1614 842 1657 qui
867 1619 993 1647 certum
1018 1614 1169 1647 determi—

433 1673 544 1700 natum
567 1677 738 1700 numerum
763 1667 990 1710 religiosorum
1014 1667 1048 1700 in
1065 1670 1101 1701 ea
1117 1668 1170 1700 ad-

434 1720 667 1753 mittendorum
692 1720 848 1763 praefixss,
887 1721 1059 1764 ipsumque
1094 1731 1169 1754 con-

433 1779 565 1806 ventum
591 1783 609 1806 a
633 1773 863 1817 superioritate
887 1773 1005 1816 prioris
1037 1774 1168 1817 provin-

433 1825 524 1859 cialis
543 1832 572 1858 et
589 1826 727 1859 aliorum
748 1827 967 1869 praelatorum
983 1827 1168 1870 provinciae

434 1878 651 1920 Portugalliae
676 1878 804 1911 Ordinis
828 1878 1014 1912 huiusmodi
1039 1880 1166 1920 exemit,

433 1942 470 1963 ac
495 1931 587 1963 illum
604 1940 681 1963 suae
700 1936 733 1963 et
748 1931 929 1964 futurorum
946 1942 1004 1975 pro
1022 1938 1167 1976 tempore

433 1984 581 2027 priorum
616 1983 818 2026 generalium
857 1984 1002 2017 eiusdem
1040 1985 1168 2019 Ordinis

375 2057 381 2063 -
432 2036 647 2070 iurisdictioni
676 2036 862 2070 immediate
893 2037 1038 2078 subiecit,
1069 2044 1168 2082 prout

264 2202 332 2228 Ipsum
348 2204 420 2229 augeri

237 2232 318 2255 petunt.

432 2090 466 2122 in
489 2090 606 2123 litteris
631 2089 774 2123 eiusdem
797 2090 914 2133 prioris
933 2091 1094 2133 generalis
1112 2092 1168 2125 de-

432 2153 530 2186 super
547 2143 702 2176 emanatis
722 2143 818 2176 latius
837 2143 1033 2177 continetur.

475 2197 490 2240 g
514 2196 545 2229 2.
573 2195 714 2239 Cumque
739 2197 894 2239 temporis
916 2197 1073 2239 decursu,
1100 2208 1168 2231 cre-

431 2255 543 2283 scente
563 2260 694 2292 semper
716 2250 817 2292 inagis
842 2250 875 2282 in
899 2250 967 2283 dies
992 2261 1069 2294 erga
1092 2252 1167 2285 reli-

431 2303 563 2346 gionem
586 2303 723 2335 fratrum
747 2302 1020 2336 Discalceatorum
1052 2304 1165 2338 liuius-

431 2356 519 2389 modi
557 2355 672 2399 populi
708 2355 898 2396 devotione,
936 2357 1164 2399 quamplurimi

430 2419 543 2442 eorum
567 2408 743 2451 religiosae
784 2408 866 2441 vitae
896 2418 1006 2441 amore
1037 2410 1164 2443 accensi

387 2454 389 2456 ’
428 2462 466 2494 ad
492 2461 637 2494 habitum
660 2461 745 2494 inter
768 2461 856 2504 ipsos
887 2461 1013 2494 admitti
1039 2462 1165 2496 deside-

427 2519 549 2556 rarent,
575 2513 675 2547 iidem
700 2514 814 2547 fratres
837 2513 1024 2547 Discaleeati
1042 2515 1165 2558 suppli-

464 2586 476 2612 1
499 2585 570 2612 Male
581 2584 624 2612 ed.
636 2584 715 2612 lltain.
731 2584 796 2619 legit
810 2585 1052 2612 monasteriorum
1065 2587 1103 2620 (a.
1115 2586 1162 2619 iu).

463 2630 480 2657 2
499 2629 570 2657 Edit.
592 2629 674 2658 Main.
695 2629 761 2666 legit
779 2629 1024 2658 Discalceacorum
1043 2630 1081 2665 (a.
1102 2632 1151 2666 12).

1000 284 1013 294 a
1022 251 1200 277 nott-tuum
1225 251 1375 277 nou-mnu

1208 310 1261 331 ces
1300 300 1466 342 petierunt
1506 314 1522 334 a
1565 303 1666 336 felicis
1707 303 1941 335 recordatiouis

1208 351 1390 385 Alexandro
1416 354 1499 396 Papa
1524 355 1571 387 Vll
1598 356 1853 397 praedecessore
1871 365 1942 388 nos-

1209 408 1258 436 tro
1282 411 1316 437 ut
1340 406 1474 447 gratiam
1507 413 1539 440 et
1573 408 1737 441 licentiam
1771 418 1941 441 numerum

1207 457 1436 499 religiosorum
1460 460 1610 501 augendi,
1635 470 1802 503 novasque
1827 460 1941 494 domos

1208 511 1373 551 regulares
1388 511 1420 544 in
1436 522 1535 554 regno
1552 513 1769 555 Portugalliae
1785 513 1942 547 fundandi

1209 563 1390 596 concedere
1414 564 1615 606 dignaretur.

1253 616 1268 658 ἓ
1285 615 1316 649 3.
1334 615 1448 649 Verum
1470 622 1532 649 tam
1550 617 1634 649 idem
1652 618 1835 651 Alexander
1851 628 1942 661 prae-

1210 721 1384 754 memoriae
1399 721 1547 755 Clemens
1565 722 1649 765 Papa
1669 723 1708 755 lx
1733 723 1829 756 etiam
1852 734 1944 766 prae—

1210 774 1361 806 deeessor
1378 780 1494 813 noster,
1513 775 1563 807 cui
1581 775 1714 808 eaedem
1727 785 1842 818 preces
1859 776 1944 809 obla-

1193 870 1195 872 Υ
1211 831 1260 859 tae
1278 826 1415 866 fuerant,
1434 827 1591 860 eiusmodi
1609 827 1742 869 gratiam
1766 829 1945 861 concedere

1193 886 1396 920 ⁸renuerunt,
1409 880 1567 923 quinimo,
1580 890 1652 912 cum
1665 881 1740 913 dicti
1755 880 1867 914 fratres
1878 880 1945 913 Dis-

1209 932 1344 965 calceati
1369 933 1409 965 de
1435 933 1518 966 facto
1545 938 1577 965 et
1600 933 1733 976 propria
1756 933 1944 966 auctoritate

1210 986 1384 1018 nonnullos
1408 985 1548 1018 novitios
1565 986 1647 1018 ultra
1665 995 1837 1018 numerum
1852 995 1945 1028 prae-

1210 1036 1305 1070 fixum
1331 1038 1370 1071 ad
1395 1037 1539 1071 habitum
1558 1037 1739 1077 admittere,
1756 1047 1856 1070 novos
1873 1047 1945 1070 con-

1210 1095 1323 1122 ventus
1358 1090 1390 1122 in
1421 1090 1518 1123 variis
1558 1090 1633 1123 dicti
1671 1090 1762 1132 regni
1799 1089 1945 1133 partibus

1210 1143 1346 1185 erigere,
1372 1148 1404 1176 et
1427 1144 1663 1186 subsequenter
1687 1154 1742 1177 eos
1767 1154 1946 1186 congrega-

1211 1195 1289 1228 tioni
1315 1196 1446 1228 fratrum
1476 1196 1747 1229 Discalceatorum
1771 1195 1944 1239 Hispaniae

1210 1248 1287 1281 dicti
1310 1248 1439 1281 Ordinis
1455 1248 1548 1281 unire
1562 1248 1871 1291 praesumpsissent,
1894 1248 1946 1280 de—

1210 1301 1282 1333 latis
1306 1311 1343 1333 ex
1373 1305 1466 1343 parte
1505 1300 1640 1332 fratrum
1674 1299 1947 1332 Discalceatorum

1187 1353 1357 1399 „eiusdem
1380 1352 1508 1385 Ordinis
1534 1353 1566 1384 in
1590 1352 1737 1395 praefato
1762 1362 1865 1394 regno
1890 1352 1946 1385 de-

1211 1407 1354 1449 gentium
1377 1407 1416 1439 ad
1440 1416 1498 1439 nos
1524 1406 1584 1438 hac
1608 1416 1708 1449 super
1732 1416 1767 1438 re
1783 1405 1947 1448 querimo-

1210 1459 1283 1500 niis,
1317 1459 1445 1502 illisque
1470 1459 1502 1491 in
1527 1457 1785 1501 Congregatione
1810 1468 1827 1490 a
1852 1457 1947 1490 nobis

1211 1512 1396 1555 specialiter
1421 1513 1575 1554 deputata
1602 1511 1806 1551 examinatis,
1834 1511 1947 1544 eadem

1209 1565 1426 1608 Congregatio
1450 1565 1577 1598 censuit
1599 1564 1781 1597 revocanda
1805 1574 1877 1597 esse
1905 1570 1947 1597 at-

1210 1623 1332 1651 tentata
1355 1618 1528 1661 praedicta,
1543 1628 1604 1650 nec
1628 1618 1732 1650 ullum
1756 1618 1806 1650 ius
1823 1627 1947 1661 compe-

1210 1676 1276 1704 tere
1291 1671 1442 1704 t'ratribus
1457 1670 1651 1703 Excalceatis
1661 1670 1836 1712 Hispaniae
1849 1680 1948 1714 super

1209 1725 1295 1758 dicto
1331 1724 1528 1757 monasterio
1564 1724 1807 1767 Ulyssiponensi
1838 1730 1948 1757 erecto

1209 1788 1269 1820 pro
1294 1779 1370 1810 cura
1394 1777 1595 1816 monialium,
1622 1787 1728 1819 neque
1748 1786 1816 1809 esse
1840 1777 1948 1809 locum

1210 1830 1487 1863 dismembrationi
1514 1841 1531 1862 a
1555 1830 1726 1872 religione,
1751 1833 1784 1862 et
1808 1828 1947 1862 subinde

1209 1883 1330 1925 pariter
1365 1882 1492 1915 censuit
1524 1893 1590 1915 non
1626 1892 1700 1915 esse
1734 1883 1843 1915 locum
1878 1891 1948 1914 ere-

1209 1935 1309 1968 ctioni
1325 1946 1483 1968 novorum
1500 1940 1718 1968 conventuum
1735 1935 1871 1967 fratrum
1884 1934 1947 1967 Dis-

1209 1988 1423 2021 calceatorum
1448 1987 1578 2021 Ordinis
1602 1987 1703 2020 sancti
1723 1985 1894 2028 Augustini
1912 1986 1946 2018 in

1208 2051 1311 2083 regno
1348 2039 1550 2080 Lusitaniae,
1587 2050 1624 2072 ac
1658 2045 1838 2082 propterea
1871 2039 1946 2072 illos

1209 2093 1288 2136 erigi
1305 2099 1360 2126 aut
1376 2093 1503 2126 fundari
1520 2092 1699 2135 prohibuit,
1719 2096 1751 2124 et
1769 2091 1946 2135 praedictis

1208 2147 1360 2180 fratribus
1398 2146 1593 2179 Excalceatis
1632 2145 1713 2178 citra
1752 2150 1943 2178 controver-

1207 2200 1286 2233 siam
1324 2200 1509 2232 huiusmodi
1548 2204 1743 2242 perpetuum
1777 2198 1944 2232 silentium

1207 2252 1370 2296 imposuit.
1390 2251 1453 2285 Nos
1477 2261 1552 2285 vero
1577 2251 1784 2294 postmodum
1807 2261 1873 2284 non
1893 2261 1945 2284 so-

1208 2306 1272 2338 lum
1297 2305 1425 2337 decreta
1448 2303 1654 2347 particularis
1675 2303 1943 2346 Congregationis

1207 2357 1401 2397 huiusmodi,
1416 2362 1449 2390 ut
1463 2357 1643 2400 praefertur
1658 2362 1814 2397 emanata,
1831 2355 1945 2389 confir-

1206 2411 1374 2450 mavimus,
1398 2409 1454 2442 sed
1488 2409 1585 2442 etiam
1618 2410 1726 2442 omnia
1747 2415 1779 2442 et
1801 2409 1941 2452 singula,

1207 2474 1290 2507 quae
1328 2463 1360 2495 in
1397 2462 1518 2495 eisdem
1545 2463 1684 2495 decretis
1711 2463 1941 2504 continentur,

1205 2522 1294 2550 motu
1317 2515 1450 2560 proprio
1475 2515 1676 2548 decrevimus
1700 2516 1821 2559 pariter
1845 2521 1877 2549 et
1892 2526 1943 2550 or-

1207 2569 1394 2609 dinavimus,
1420 2578 1493 2601 cum
1517 2568 1613 2601 simili
1645 2568 1795 2612 perpetui
1819 2568 1941 2602 silentii

1207 2621 1435 2666 impositione,
1461 2627 1493 2655 et
1530 2621 1630 2663 alias,
1657 2627 1756 2666 prout
1789 2622 1823 2658 in
1855 2623 1940 2657 binis

1943 255 1990 281 An.
2012 254 2041 280 C.
2068 255 2133 281 1075

2003 628 2063 651 Quod
2079 631 2136 655 prim

1954 661 1993 675 uon
2025 655 2062 675 l'uit
2086 662 2136 676 cmi·

1210 669 1371 708 decessor,
1384 680 1479 712 quam
1493 669 1562 702 eius
1571 680 1737 703 successor
1750 671 1943 704 recolendae
1954 687 2042 701 cessum.
