2279 3260
973 255 1068 279 lxnnx
1097 255 1199 278 unitrn
1753 248 1817 283 7253

404 307 491 340 sonis
516 315 667 339 concessa
691 307 731 338 ad
759 306 835 339 iuris
861 307 1017 340 terminos
1044 306 1252 347 reducuntur,
1273 306 1338 340 125
1362 318 1400 347 ιι;
1426 307 1589 352 privilegia
1613 311 1861 354 consanguineis

403 360 594 394 Pontificum
620 358 726 403 quoad
747 360 966 403 exemptiones
991 371 1008 393 a
1032 359 1244 403 vectigalibus
1268 370 1423 394 concessa
1450 367 1651 404 revocantur,
1683 363 1772 404 ὦπα
1795 365 1860 408 pri-

404 413 518 455 vilegia
534 417 564 444 et
583 412 706 445 indulta
723 411 755 444 in
773 413 1006 456 praeiudicium
1025 413 1115 447 Sedis
1131 419 1161 447 ct
1179 413 1330 447 Gamerae
1347 413 1546 458 Apostolicae
1563 422 1766 458 revocantur,
1782 418 1858 451 ibid.

317 465 484 508 Privilegia
510 464 720 507 regularium,
749 465 774 498 si
799 465 861 498 sint
885 466 1057 509 ambigua,
1091 476 1155 499 non
1180 477 1197 498 a
1222 466 1470 510 metropolitano
1487 493 1494 507 ‚
1530 466 1585 500 sed
1610 467 1649 500 ab
1675 468 1857 512 Apostolica

401 518 482 551 Sede
508 524 582 551 sunt
609 517 863 562 interpretanda,
891 519 932 551 58
957 530 977 552 α
1002 526 1033 553 et
1058 519 1088 551 b.

315 571 522 615 Propaganda
547 572 613 619 (de)
647 571 723 605 Fide
758 572 990 615 congregatio,
1016 572 1081 606 :393
1105 584 1146 613 ff}
1179 572 1245 606 sine
1277 572 1376 616 ipsius
1401 572 1529 606 lieentia
1554 573 1604 608 edi
1639 584 1702 608 non
1728 582 1859 618 possunt

402 625 478 657 libri
504 626 542 658 de
569 625 779 658 missionibus
804 631 988 666 tractantcS,
1016 626 1094 658 ibid.

314 678 556 711 Protomedicus
589 684 620 711 et
653 678 851 712 medicorum
886 679 1054 722 collegium
1081 679 1113 711 in
1139 679 1223 712 Urbe
1246 688 1310 711 non
1337 684 1486 712 tenentur
1510 680 1547 711 atl
1574 689 1728 722 expensas
1753 680 1857 713 litium

403 741 500 773 super
532 737 602 764 taxa
635 741 741 764 rerum
777 731 815 763 ad
846 730 1063 774 pliarmaciam
1097 731 1311 774 spectantium
1329 758 1336 771 ,
1364 732 1419 764 sed
1445 731 1576 765 Camera
1601 732 1694 765 Urbis
1719 733 1757 766 ad
1788 733 1856 767 illas

402 793 556 826 expensas
583 784 787 817 sustinendas
822 789 960 822 tenetur⁷
988 781 1050 816 50ss
1075 794 1095 816 a
1119 790 1149 816 et
1174 794 1235 826 seq.

310 836 475 869 Provincia
499 836 681 870 declaratur
704 836 849 870 custodia
873 836 906 868 S.
934 836 1015 869 Petri
1041 836 1081 869 de
1105 836 1273 869 Alcantara
1297 837 1328 869 in
1358 847 1457 880 regno
1482 838 1702 882 Neapolitano⁷
1728 839 1791 873 532
1817 839 1856 880 b3

401 889 473 921 item
499 890 644 923 custodia
669 892 803 923 fratrum
828 889 987 922 Minorum
1019 889 1058 922 de
1083 889 1289 923 observantia
1319 890 1448 924 nomine
1482 891 1708 926 Immaculatae
1732 893 1856 926 Conce-

402 941 522 984 ptionis
546 942 580 974 B.
609 943 647 975 M.
676 943 725 981 V„
751 941 815 975 585
840 953 859 974 ιι
885 949 915 975 et
940 953 1002 985 seq.

309 995 436 1027 Puellae
462 1005 685 1038 quaecumque
710 995 938 1028 conservatorii
962 996 1098 1029 Divinae
1122 996 1346 1029 Providentiae
1370 996 1408 1030 de
1426 997 1509 1031 Urbe
1523 998 1562 1030 ad
1580 999 1697 1032 dotalia
1715 998 1858 1033 subsidia

401 1054 534 1091 possunt
558 1047 694 1083 admitti,
723 1046 785 1080 597
811 1059 842 1080 a.

1074 1164 1097 1201 Q

310 1258 578 1300 Quadragesimae
603 1265 633 1291 et
658 1259 820 1291 Adventus
848 1259 1045 1301 temporibus
1071 1262 1270 1305 praecipitur
1295 1262 1571 1305 praedicatoribus
1596 1270 1631 1297 ut
1662 1265 1856 1309 redemptio-

397 1321 472 1343 nem
497 1311 695 1355 captivorum
721 1313 840 1355 populo
867 1312 1103 1354 commendent,
1131 1313 1195 1346 5⁶22
1221 1314 1238 1346 b
1263 1321 1294 1348 et
1317 1326 1394 1358 5·qu
1420 1316 1496 1349 item
1522 1317 1771 1351 Terraesanctae
1803 1329 1854 1352 ne-

397 1364 589 1404 cessitatem,
617 1364 679 1398 599
706 1365 734 1397 b.

310 1417 514 1455 Quindennia
539 1425 569 1451 et
595 1424 738 1459 cannatae,
765 1419 830 1452 270
854 1431 894 1455 a:
919 1420 957 1452 ad
983 1420 1259 1463 quindenniorum
1285 1423 1477 1455 solutionem
1504 1424 1608 1456 teneri
1636 1435 1856 1468 quascumque

396 1471 547 1504 ecclesias
573 1482 632 1514 pro
656 1471 819 1505 benefieiis
845 1472 962 1507 unitis.
988 1474 1085 1507 voluit
1111 1474 1186 1507 Pius
1211 1475 1233 1506 V
1251 1501 1258 1514 ,
1292 1475 1439 1509 Urbanus
1464 1476 1551 1517 VIII,
1579 1476 1644 1510 270
1669 1477 1684 1510 b
1709 1484 1740 1511 et
1767 1489 1854 1522 seq.;

396 1524 668 1566 quindenniorum
694 1525 809 1558 solutio
835 1525 1018 1559 introducta
1036 1533 1084 1560 est
1109 1538 1147 1560 ne
1173 1528 1320 1561 Gamerae
1338 1529 1540 1572 Apostolieae
1557 1541 1594 1563 ex
1622 1531 1854 1564 beneficiorum

397 1577 514 1609 unione
539 1588 621 1620 quae
647 1578 786 1620 amplius
812 1589 925 1612 vacare
950 1589 1015 1612 non
1041 1587 1209 1623 sperantur
1233 1581 1462 1615 detrimentum
1494 1583 1688 1623 inducatur,
1722 1583 1781 1616 271
1813 1584 1851 1624 b;

396 1629 593 1671 quindennia
629 1631 705 1664 solvi
738 1631 854 1665 debere
890 1642 948 1675 pro
977 1632 1142 1666 beneficiis
1176 1639 1330 1677 perpetuo
1360 1634 1459 1667 unitis
1494 1646 1511 1668 a
1546 1635 1623 1669 locis
1647 1637 1853 1679 quantumvis

397 1682 616 1726 privilegiatis,
642 1683 766 1716 etiamsi
792 1684 857 1717 sint
882 1685 1045 1718 manualia
1070 1692 1101 1719 et
1126 1686 1165 1718 de
1194 1687 1466 1730 iurepatronatus‚
1491 1688 1669 1722 dummodo
1699 1691 1854 1725 excedant

394 1736 533 1769 valorem
560 1736 669 1780 viginti
697 1743 835 1780 quatuor
860 1739 1051 1772 ducatorum
1077 1739 1146 1772 auri
1171 1739 1210 1773 de
1244 1740 1395 1779 Carnem,
1422 1742 1534 1775 statuit
1557 1741 1667 1776 Sixtus
1694 1743 1732 1783 V,
1757 1743 1852 1784 2'bid.;

394 1789 600 1832 quindennia,
621 1796 755 1823 annatas
779 1797 809 1824 et
834 1791 894 1824 alia
920 1802 1016 1825 onera
1041 1791 1190 1825 Gamerae
1215 1792 1319 1826 debita
1344 1804 1409 1827 non
1433 1794 1601 1834 solventes,
1628 1806 1707 1839 quas
1732 1806 1853 1839 poenas

394 1843 570 1883 incurrant,
591 1842 655 1876 273
680 1850 709 1877 et
734 1855 812 1888 seq.;
839 1844 1037 1889 quindennia
1063 1855 1129 1878 non
1153 1846 1295 1879 solvendi
1321 1847 1540 1890 exemptiones
1565 1855 1594 1881 et
1621 1849 1785 1892 privilegia
1802 1860 1852 1883 re-

394 1902 558 1936 vocantur,
578 1896 642 1928 274
659 1907 694 1928 a:
714 1908 770 1940 pro
790 1898 933 1940 Ipsorum
951 1898 1115 1931 exactione
1133 1899 1335 1941 particularis
1353 1902 1561 1944 congregatio
1579 1902 1722 1945 erigitur,
1743 1902 1808 1935 276
1826 1902 1851 1935 b.

1072 2017 1093 2048 tt

305 2104 442 2148 negatae
466 2113 495 2139 et
519 2108 684 2150 generales
702 2109 947 2142 constitutiones
964 2113 1100 2144 fratrum
1115 2112 1383 2145 Discalceatorum
1403 2113 1662 2155 congregationis
1680 2113 1853 2158 Hispaniae

391 2157 516 2191 Ordinis
541 2158 592 2192 SS.
619 2161 782 2193 Trinitatis
809 2162 1035 2206 redemptionis
1061 2165 1274 2206 captivorum,
1300 2164 1364 2198 614
1389 2176 1409 2197 α
1435 2172 1466 2199 et
1491 2177 1554 2208 seq.

306 2208 479 2252 Regulares
511 2219 620 2255 petere
653 2213 766 2247 debent
802 2215 1060 2248 benedictionem
1085 2218 1124 2250 ab
1151 2218 1300 2262 episcopo
1326 2229 1384 2262 pro
1410 2217 1497 2252 verbi
1520 2220 1576 2253 Dei
1601 2220 1847 2264 praedicatione,

393 2263 435 2295 55
460 2275 479 2296 α
505 2271 533 2297 et
559 2276 637 2309 seq.··,
655 2273 686 2300 et
711 2268 975 2311 approbationem
993 2270 1032 2302 ab
1056 2270 1157 2313 ipsius
1178 2282 1237 2315 pro
1259 2271 1514 2305 confessionibus
1536 2273 1744 2316 excipiendis,
1761 2274 1803 2307 56
1821 2274 1850 2313 b,

393 2315 434 2348 57
460 2327 502 2356 αζ,
527 2320 624 2351 semel
649 2320 831 2364 approbati,
858 2321 899 2354 ob
923 2323 1110 2365 scandalum
1137 2325 1290 2368 suspendi
1317 2332 1463 2368 possunt,
1479 2325 1521 2358 57
1547 2327 1582 2367 [13
1608 2328 1769 2371 regulares
1794 2329 1850 2361 ab·

392 2369 535 2403 solvendi
561 2372 740 2406 facultatem
767 2385 783 2405 a
809 2375 936 2408 casibus
961 2375 1034 2409 Sedi
1067 2377 1266 2420 Apostolicae
1289 2379 1456 2412 reservatis
1481 2378 1652 2420 habentes,
1677 2390 1695 2411 a
1724 2380 1850 2413 casibus

393 2423 545 2466 episcopo
571 2427 732 2459 reservatis
757 2437 822 2460 non
848 2428 979 2469 habent,
1008 2429 1049 2463 58
1075 2441 1116 2470 α’,
1144 2431 1220 2465 item
1247 2431 1354 2474 vigore
1378 2431 1494 2465 horum
1528 2433 1769 2477 privilegiorum
1795 2434 1849 2467 ab·

392 2476 515 2509 solutos
542 2477 637 2510 etiam
669 2480 825 2513 satisfacta
857 2487 947 2523 parte
980 2482 1014 2515 in
1039 2483 1107 2516 foro
1133 2483 1350 2527 poenitentiali
1377 2494 1443 2518 non
1468 2491 1603 2528 possunt
1626 2485 1791 2519 absolvere
1814 2487 1848 2519 in

393 2528 513 2562 iudicio
539 2531 748 2572 contentioso,
768 2533 869 2571 ibid.;
891 2533 1003 2567 eadem
1025 2536 1223 2579 regularium
1248 2537 1415 2581 privilegia
1441 2540 1548 2582 quoad
1573 2539 1806 2572 absolutionem
1830 2551 1849 2573 a

392 2581 519 2615 casibus
540 2582 690 2627 episcopo
716 2587 885 2619 reservatis
909 2596 972 2620 non
1000 2588 1194 2623 reviviscunt
1218 2600 1276 2634 per
1304 2592 1582 2625 confirmationem
1606 2592 1848 2636 privilegiorum

393 2645 411 2666 a
435 2634 515 2668 Sede
539 2635 718 2678 Apostolica
743 2637 902 2671 obtentam
938 2647 1007 2681 post
1033 2640 1208 2675 Concilium
1236 2642 1458 2677 Tridentinum
1475 2671 1483 2684 ‚
1509 2644 1587 2679 ibid.
1619 2656 1660 2686 α;
1684 2646 1847 2689 regulares
