2279 3260
238 262 290 288 An.
307 260 335 288 C.
357 261 421 288 167¹

290 896 419 922 indulgentia

235 923 331 949 plenaria
368 923 418 943 alia·

237 956 344 970 concessa.

254 2258 309 2280 nnus
325 2261 417 2282 extensio

234 2290 257 2307 ut
272 2293 292 2307 iu
307 2288 400 2308 rubrica.

716 308 885 342 Lxxxvll.

429 379 581 412 Extensio
598 378 831 421 indulgimztiae,
848 386 1009 410 concessae
1026 375 1164 408 ecclesiis

473 433 614 474 fratrum
633 431 898 464 Excalceaeorum
923 434 950 461 et
968 428 1165 461 monialium

475 484 607 517 Ordinis
623 485 660 516 B.
677 484 802 516 Mariae
819 484 855 515 de
880 482 1019 515 Mercede
1034 481 1165 514 Redem-

473 537 596 580 ptiom’s
612 537 826 578 Captivorum,
842 534 884 566 ad
898 545 1002 566 omnes
1019 533 1165 565 ecclesias

475 589 616 621 eiusdem
643 588 776 621 Ordinis
803 587 1022 620 Calceatorum
1049 585 1166 628 ubique

475 642 570 673 etiam
596 644 632 672 in
666 641 814 682 ficturum
847 639 1015 670 existentes
1047 638 1083 669 in
1114 637 1165 670 die

473 693 550 735 festo
575 693 680 725 sancti
704 691 791 724 Petri
811 691 848 723 de
872 690 1019 723 Nolasco.

655 772 789 798 Clemens
809 771 887 803 Papa
906 769 943 802 X,

553 816 588 842 ad
605 818 778 849 perpetuam
797 814 841 841 rei
856 813 1035 840 memoriam.

474 885 487 927 ξ
502 885 532 917 1.
551 885 636 917 Alias
654 895 712 917 nos
731 883 881 916 omnibus
898 888 930 916 et
942 883 1077 925 singulis
1093 881 1165 914 utri-

431 948 529 981 usque
554 947 649 970 sexus
672 936 940 969 christifidelibus
958 946 1033 968 vere
1054 934 1165 978 poeni-

430 989 573 1022 tentibus
598 994 630 1022 et
654 989 812 1022 confessis
848 999 884 1021 ac
907 990 997 1020 sacra
1021 997 1161 1020 commu—

429 1043 525 1075 nione
549 1042 686 1081 refectis,
713 1041 767 1084 qui
793 1041 931 1084 aliquam
957 1051 993 1072 ex
1019 1039 1164 1072 ecclesiis

429 1095 561 1127 fratrum
575 1094 838 1126 Excalceatorum
856 1098 887 1126 et
906 1092 1096 1125 monialium
1113 1090 1163 1123 Or-

428 1147 512 1179 dinis
538 1147 572 1179 B.
600 1145 716 1179 Mariae
737 1146 776 1178 de
797 1145 941 1178 Mercede
962 1143 1163 1187 Redemptio-

428 1200 476 1232 nis
513 1199 736 1242 Captivorum,
773 1203 835 1230 tam
877 1202 1009 1231 eatenus
1045 1196 1162 1229 erectis

428 1263 523 1296 quam
560 1252 769 1295 imposterum
806 1252 1076 1294 quandocumque
1102 1249 1165 1282 eri-

428 1304 556 1347 gendis,
579 1310 611 1337 et
634 1304 831 1347 ubicumque
857 1305 1000 1337 locorum
1025 1302 1163 1335 existen-

428 1358 521 1398 tibus,
548 1357 599 1390 die
621 1358 703 1390 festo
729 1357 875 1389 eiusdem
899 1356 1027 1389 Ordinis
1051 1355 1163 1387 funda-

427 1411 516 1451 toris,
536 1421 553 1442 a
578 1410 691 1453 primis
716 1410 860 1452 vesperis
885 1419 986 1452 usque
1007 1408 1046 1440 ad
1071 1418 1162 1440 occa-

426 1473 496 1496 sum
519 1463 594 1495 solis
616 1462 687 1495 festi
705 1462 899 1501 hufflsmodi,
917 1460 1008 1494 annis
1025 1460 1160 1502 singulis

427 1515 541 1547 devote
566 1514 792 1554 visitavissent,
812 1519 843 1546 et
859 1513 903 1545 ibi
929 1523 987 1555 pro
1013 1511 1162 1545 christia-

427 1578 540 1600 norum
565 1567 748 1610 principum
774 1566 957 1605 concordia,
990 1566 1161 1597 haeresum

426 1620 652 1662 extimatione,
670 1630 706 1652 ac
731 1624 859 1651 sanctae
875 1618 983 1650 Matris
1001 1617 1160 1650 Ecclesiae

427 1673 620 1706 exaltatione
650 1672 719 1715 pias
755 1672 797 1704 ad
819 1672 919 1704 Deum
943 1681 1058 1714 preces
1084 1669 1161 1703 effu-

427 1726 563 1765 dissent,
582 1724 761 1768 plenariam
787 1723 929 1756 omnium
954 1728 1161 1766 peccatorum

427 1788 561 1811 suorum
595 1776 832 1820 indulgentiam
871 1781 903 1808 et
937 1775 1160 1808 remissionem

427 1830 682 1864 misericorditer
695 1830 924 1870 concessimus3
941 1833 972 1861 et
985 1828 1073 1867 alias,
1087 1838 1161 1871 pro-

429 1890 463 1915 ut
494 1884 527 1916 in
551 1883 669 1916 nostris
702 1884 844 1926 desuper
871 1883 903 1914 in
937 1881 1033 1914 simili
1059 1881 1161 1913 forma

429 1936 535 1968 Brevis
551 1936 602 1968 die
615 1946 710 1968 xxviii
725 1935 850 1977 augusti
865 1945 988 1968 iiocrxx
1003 1933 1160 1977 expeditis

428 1988 554 2028 litteris,
573 1998 651 2030 quas
674 1987 840 2030 perpetuis
867 1987 980 2019 futuris
1009 1986 1160 2029 tempori-

428 2040 488 2073 bus
514 2040 621 2073 valere
647 2040 819 2080 voluimus,
850 2046 881 2072 et
907 2050 1043 2082 quarum
1068 2045 1160 2072 teno-

427 2102 496 2124 rem
531 2091 759 2135 praesentibus
792 2102 849 2134 pro
880 2093 975 2134 plene
1009 2097 1040 2124 et
1074 2091 1160 2123 suffi—

429 2144 552 2177 cienter
576 2153 730 2188 expresso
766 2150 797 2177 et
822 2144 943 2177 inserto
980 2145 1157 2183 habemus,

428 2197 559 2229 uberius
579 2197 773 2229 continetur.

472 2250 487 2292 ἓ
511 2249 541 2282 2
560 2249 649 2283 Nunc
675 2255 782 2282 autem
807 2249 1096 2292 supplicationibus
1115 2249 1160 2282 di-

428 2303 500 2336 lecti
526 2302 583 2334 sitii
604 2303 752 2335 Matthiae
770 2303 808 2335 de
833 2303 978 2335 Cardona
1003 2303 1112 2335 vicarii
1131 2308 1162 2335 et

428 2356 643 2399 procuratoris
658 2355 815 2398 generalis
831 2355 925 2387 totius
935 2354 1062 2387 Ordinis
1076 2365 1162 2398 prae·

427 2516 482 2548 Dei
508 2514 728 2548 misericordia
758 2520 788 2546 et
819 2515 986 2546 beatorum
1021 2514 1105 2547 Petri
1131 2520 1163 2548 et

429 2568 519 2601 Pauli
545 2569 767 2611 apostolorum
786 2567 856 2600 eius
882 2567 1071 2599 auctoritate
1090 2577 1162 2600 con-

1011 259 1191 284 nULLARiUM
1213 257 1365 283 ROMANUM

1207 310 1237 337 et
1266 310 1471 348 peccatorum
1493 305 1710 347 remissionis,
1737 303 1940 338 visitantibus

1207 357 1360 390 ecclesias
1385 358 1585 401 supradictas
1616 369 1634 390 a
1654 357 1747 390 nohis
1772 357 1887 390 factam
1908 361 1944 388 ut

1207 409 1400 451 praefertur,
1423 410 1461 442 ad
1480 420 1590 443 omnes
1615 415 1646 443 et
1671 410 1815 452 singulas
1840 409 1942 442 eccle-

1207 461 1266 493 sias
1292 461 1424 494 fratrum
1450 461 1665 495 Calceatoruin
1690 462 1818 494 Ordinis
1849 471 1942 504 prae-

1208 513 1296 553 dicti,
1323 518 1385 545 tam
1410 513 1566 546 hactenus
1602 519 1739 553 erectas,
1768 524 1863 557 quam
1883 514 1942 546 im-

1208 570 1376 608 posterum
1401 566 1671 608 quandocumque
1697 566 1884 608 erigendas,
1909 570 1943 598 et

1208 618 1404 660 ubicumque
1429 618 1575 650 locorum
1608 618 1802 659 existentes,
1834 618 1878 651 ita
1907 623 1943 650 ut

1208 680 1320 703 omnes
1345 675 1377 702 et
1401 669 1519 712 singuli
1543 670 1712 712 utriusque
1736 680 1830 703 sexus
1855 669 1942 702 chri-

1208 721 1363 755 stifideles
1375 732 1448 754 vere
1467 719 1722 765 poenitentes'et
1738 721 1890 763 confessi,
1904 733 1942 755 ac

1208 776 1296 807 sacra
1320 775 1546 807 communione
1571 774 1693 813 refecti,
1719 774 1774 817 qui
1799 774 1941 817 aliquam

1208 838 1242 859 ex
1263 827 1313 860 his
1331 827 1476 859 ecclesiis
1502 827 1552 859 die
1570 827 1652 859 festo
1678 826 1822 860 eiusdem
1841 826 1941 858 sancti

1208 879 1290 912 Petri
1314 879 1476 919 Nolaschi,
1501 890 1518 912 a
1536 879 1647 921 primis
1672 877 1816 922 vesperis
1841 888 1942 921 usque

1207 933 1245 965 ad
1271 943 1420 966 occasum
1444 933 1521 965 solis
1540 932 1612 964 festi
1631 931 1829 970 huiusmodi,
1850 931 1942 964 annis

1207 985 1342 1027 singulis
1378 985 1500 1028 pariter
1520 984 1739 1024 visitaverint,
1765 989 1797 1018 et
1820 984 1942 1016 ibidem

1207 1038 1289 1070 sicut
1328 1038 1544 1081 praemittitur
1583 1038 1764 1078 oraverim,
1791 1037 1940 1070 eamdem

1206 1091 1385 1134 plenariam
1407 1096 1611 1134 peccatorum
1629 1101 1760 1124 suorum
1775 1090 1942 1132 indulgen-

1208 1142 1282 1174 tiam
1306 1148 1337 1175 et
1361 1142 1587 1175 remissionem
1611 1147 1872 1186 consequantur,
1891 1153 1941 1175 au-

1206 1194 1352 1227 ctoritate
1370 1195 1554 1238 apostolica,
1577 1200 1689 1228 tenore
1707 1194 1938 1238 praesentium,

1206 1247 1409 1280 extendimus
1433 1252 1465 1280 et
1488 1247 1692 1290 ampliamus.
1712 1246 1939 1280 Praesentibus

1206 1300 1319 1333 itidem
1343 1300 1511 1343 perpetuis
1527 1300 1642 1332 futuris
1667 1299 1871 1344 temporibus
1894 1309 1941 1332 va-

1206 1353 1322 1385 lituris.

1249 1406 1263 1449 ἓ
1280 1405 1312 1439 3.
1331 1406 1484 1438 Volumus
1502 1410 1606 1438 autem
1620 1410 1656 1437 ut
1675 1405 1821 1448 ipsarum
1846 1414 1940 1447 prae-

1205 1458 1345 1490 sentium
1366 1458 1545 1491 litterarum
1569 1457 1788 1500 transumptis,
1815 1467 1870 1489 seu
1887 1467 1939 1489 ex-

1205 1511 1329 1554 emplis,
1348 1511 1443 1543 etiam
1473 1510 1652 1553 impressis,
1680 1520 1776 1542 manu
1804 1509 1938 1542 alicuius

1204 1564 1320 1597 notarii
1338 1564 1460 1607 publici
1485 1563 1683 1607 subscriptis,
1701 1568 1733 1595 et
1748 1562 1855 1604 sigillo
1869 1572 1941 1605 per-

1204 1628 1303 1650 sonae
1328 1617 1361 1649 in
1386 1616 1605 1650 ecclesiastica
1635 1615 1791 1658 dignitate
1822 1614 1941 1647 consti-

1204 1676 1289 1702 tutae
1314 1670 1456 1710 munitis,
1475 1670 1588 1702 eadem
1605 1679 1740 1713 prorsus
1764 1668 1845 1701 tides
1869 1667 1941 1700 ubi-

1204 1734 1267 1767 que
1302 1723 1496 1756 adhibeatur
1528 1733 1610 1765 quae
1646 1721 1726 1765 ipsis
1758 1720 1940 1765 praesenti-

1203 1777 1263 1809 bus
1287 1776 1497 1809 adhiberetur
1518 1775 1544 1808 si
1572 1775 1681 1808 forent
1700 1773 1864 1807 exhibitae
1889 1773 1939 1806 vel

1204 1833 1367 1861 ostensae.

1246 1882 1360 1926 Datum
1387 1881 1528 1922 Romae,
1554 1880 1638 1923 apud
1662 1879 1693 1912 S.
1715 1878 1847 1912 Mariam
1875 1878 1939 1911 Ma-

1203 1934 1314 1974 iorem,
1340 1935 1397 1967 sub
1416 1935 1535 1966 annulo
1554 1932 1735 1971 Piscatoris,
1764 1932 1815 1964 die
1837 1942 1856 1964 v
1884 1931 1938 1963 de-

1203 1986 1342 2019 cembris
1360 1996 1508 2027 MDCLxXI,
1527 1984 1734 2028 pontificatus
1752 1983 1855 2016 nostri
1882 1993 1938 2015 an—

1203 2049 1244 2072 no
1270 2050 1306 2072 11.

1238 2100 1298 2127 Dat.
1314 2100 1357 2127 die
1377 2101 1393 2126 5
1413 2099 1565 2126 decembris
1586 2098 1664 2132 1671,
1685 2097 1782 2133 pontit.
1804 2103 1919 2124 annon.

1478 2273 1661 2308 LXXXVIII.

427 2408 504 2442 dim
523 2409 652 2442 wmilm
670 2408 763 2441 nobi<
789 2419 886 2451 §uper
908 2409 971 2441 hoc
995 2408 1162 2441 humiliter
1181 2408 1183 2421 ‚
1204 2381 1371 2423 Eoeemptio
1387 2380 1620 2413 nonrmllorum
1633 2380 1856 2423 familiarium
1872 2391 1939 2414 suo-

427 2463 584 2505 porrectis
614 2461 780 2498 inclinati,
806 2472 843 2494 ac
868 2462 905 2495 de
931 2462 1184 2505 omnipotentis¹

1247 2444 1319 2466 rum
1342 2444 1361 2466 a
1385 2433 1486 2476 spolio
1500 2432 1520 2466 ¹.

1238 2540 1252 2566 1
1275 2539 1365 2566 Simile
1385 2539 1551 2575 privilegium
1575 2540 1646 2567 inter
1665 2539 1717 2567 alia
1736 2540 1871 2568 concessit
1889 2541 1938 2567 da-

1205 2584 1296 2618 piferis
1311 2584 1339 2610 S.
1356 2583 1385 2610 II.
1404 2584 1432 2609 Ε.
1456 2585 1630 2610 cardinalium
1651 2585 1772 2611 Clemens
1792 2584 1833 2619 IX,
1849 2588 1875 2612 et
1894 2583 1938 2611 hie

429 2620 490 2663 sisi,
506 2620 748 2655 concessionem
762 2619 927 2665 plenariae
941 2620 1161 2663 indulgentiae
1204 2628 1276 2656 idem
1295 2628 1374 2656 Ροιιι.
1396 2628 1476 2655 cousi
1498 2635 1541 2662 vn,
1561 2629 1617 2657 Sos
1638 2629 1770 2657 volentes.

1949 255 1999 283 An.
2016 255 2046 282 C.
2069 255 2132 282 1671

1985 1415 2136 1442 'transumpto-

1950 1449 1995 1463 rum
2010 1443 2069 1463 fidos.
