2279 3260
241 239 288 265 An.
306 238 335 266 c.
360 239 426 266 1610
475 230 540 264 (3⁶20

437 296 466 322 rt
500 289 637 322 curiosis
662 291 780 324 crustis
805 297 918 324 ornata
945 289 1033 323 siant.
1068 290 1101 321 ln
1127 298 1174 321 sa-

436 344 542 376 crario
558 355 632 377 vcro
647 345 786 388 aliquam
800 342 1172 388 permittimusfasciam,

437 402 472 429 ut
496 403 621 430 vocant.

482 461 529 483 111.
556 451 599 483 De
629 450 751 494 pariete
783 451 821 483 ad
853 450 1011 493 parietem
1042 448 1174 482 claustri

437 502 469 535 in
488 503 722 546 longitudinem
741 503 779 535 sit
797 504 912 535 saltem
930 501 1067 545 spatium
1085 501 1177 545 quin-

438 556 592 598 quaginta
609 561 639 588 ct
658 556 802 598 quinque
821 554 950 597 pedum,
976 564 1043 586 non
1068 559 1175 586 tamen

437 610 521 641 ultra
546 608 734 651 sexaginta;
763 607 915 640 transitus
934 612 1038 640 autem
1056 617 1115 649 pro
1131 607 1177 639 la-

438 662 575 695 titudine
601 672 715 694 11016111
733 661 781 693 vel
808 660 918 692 decem
937 659 1038 703 pedes
1057 658 1174 702 capiat.

482 726 521 748 iv.
545 714 651 747 Cellae
673 713 817 746 habeant
841 712 992 745 undecim
1018 712 1119 754 pedes
1144 711 1175 743 in

437 768 616 810 quadrato;
636 767 762 799 illarum
781 766 941 797 fenestrae
960 765 998 798 ad
1017 775 1175 797 summum

437 819 615 853 altitudinis
642 825 705 852 treS
724 819 824 861 pedes
843 823 873 850 et
893 817 1010 860 digitos
1027 822 1175 860 quatuor,

436 872 615 907 latitudinis
642 872 740 915 pedes
766 872 845 904 duos
871 877 902 904 et
927 871 1071 914 quinque
1098 870 1178 912 digi-

438 932 499 959 tos.
526 925 690 958 Transitus
707 930 814 957 autem
834 923 1018 957 dormitorii
1040 934 1094 956 sex
1122 934 1178 967 pe-

438 980 494 1013 des
521 978 699 1012 latitudinis
716 989 782 1011 non
804 979 951 1010 excedat.
972 977 1078 1010 Cellae
1101 987 1178 1015 vero

438 1031 632 1064 infirmariae
669 1036 825 1074 poterunt
857 1031 980 1063 habere
1014 1029 1178 1063 sexdecim

438 1085 539 1128 pedes
563 1084 596 1116 in
622 1084 757 1127 quadro.
831 1120 835 1124 ,

482 1148 511 1169 v.
540 1136 702 1177 Ossicinae‚
718 1147 800 1180 quae
826 1141 902 1169 sunt
926 1136 957 1168 in
974 1137 1082 1176 terra,
1102 1135 1178 1168 duo-

439 1190 543 1224 decim
569 1196 690 1223 tantum
708 1190 807 1233 pedes
825 1189 1004 1223 altitudinis
1023 1189 1176 1229 habeant,

439 1245 522 1277 itaut
556 1243 699 1287 parietes
737 1248 918 1276 conventus
953 1254 970 1275 a
993 1242 1178 1285 pavimento

440 1298 569 1330 claustri
593 1307 695 1339 usque
721 1297 759 1328 ad
793 1301 914 1329 tectum
948 1306 1014 1328 non
1047 1295 1179 1328 excedat

440 1350 644 1384 altitudinem
665 1349 779 1392 viginti
801 1354 831 1381 ct
849 1360 901 1381 sex
920 1349 1051 1391 pedum,
1068 1348 1130 1380 nisi
1147 1347 1179 1379 id

441 1404 547 1446 exigat
570 1402 714 1445 angustia
739 1401 828 1442 situs,
848 1402 898 1433 vel
916 1412 954 1434 ne
976 1400 1122 1443 religiosi
1140 1400 1178 1432 de

441 1457 518 1490 soris
542 1455 722 1488 videantur.
750 1454 873 1487 Solaria
907 1459 1015 1486 autem
1047 1458 1077 1485 et
1107 1463 1181 1496 pro-

441 1515 569 1553 spectus
596 1507 684 1551 plani
711 1507 775 1539 sint
800 1506 910 1550 operis
936 1512 968 1539 et
990 1506 1095 1550 parvis
1129 1517 1181 1539 ex-

441 1563 553 1608 pensis
580 1562 789 1594 fabricentur.

485 1627 528 1649 11.
547 1615 722 1648 Observata
747 1614 934 1657 supradicta
959 1613 1180 1646 aedificiorum

442 1668 665 1713 proportione,
684 1666 857 1700 interiores
875 1666 1021 1700 officinae
1043 1672 1075 1699 et
1094 1677 1183 1699 man-

443 1722 552 1755 siones
578 1721 791 1764 disponantur
816 1720 903 1752 iuxta
921 1719 1091 1752 arbitrium
1108 1730 1183 1763 pru-

443 1775 548 1808 dentis
585 1773 766 1807 architecti.
805 1773 839 1806 In
875 1773 1050 1817 praedictis
1075 1780 1181 1806 autem

442 1828 624 1867 mensuris,
658 1838 716 1870 per
740 1828 857 1870 pedem
883 1827 1095 1870 intelligimus
1121 1832 1183 1860 ter-

443 1881 519 1914 tiam
544 1886 669 1924 partem
694 1881 791 1912 ulnae
818 1881 1036 1920 castellanae;
1058 1880 1184 1923 praeci—

443 1934 614 1978 pimusque
632 1933 731 1966 dictas
749 1943 918 1966 mensuras
936 1933 1099 1966 immutari
1116 1944 1182 1966 non

443 1997 540 2029 posse
566 1986 628 2019 nisi
654 1996 713 2029 per
737 1986 912 2029 capitulum
937 1988 1103 2030 generale.

488 2051 544 2073 vn.
572 2040 607 2072 In
632 2039 814 2072 civitatibus
834 2039 1024 2084 magnisque
1052 2041 1182 2085 oppidis

444 2093 600 2126 ecclesiae
627 2098 658 2125 et
682 2093 824 2126 claustra
848 2094 1037 2137 pertingant
1062 2099 1094 2127 et
1117 2106 1183 2128 non

444 2146 599 2179 excedant
620 2156 777 2178 summam
794 2146 1031 2188 longitudinem
1058 2151 1090 2179 et
1112 2147 1182 2180 lati-

444 2199 590 2232 tudinem
627 2209 663 2231 ex
701 2199 903 2241 supradictis.
931 2199 966 2232 ln
999 2200 1181 2234 minoribus

443 2262 520 2285 vero
547 2251 676 2295 oppidis
701 2252 859 2294 attingant
877 2253 1036 2286 minorem
1054 2264 1183 2287 mensu-

443 2315 511 2338 ram
532 2305 742 2347 designatam,
776 2316 842 2338 non
875 2311 980 2338 tamen
1013 2307 1076 2339 sint
1099 2307 1183 2341 infra

446 2359 544 2391 illam.
580 2358 732 2401 Idemque
766 2359 932 2397 volumus,
967 2361 1182 2403 proportione

445 2414 577 2451 .t¹t''t';!tsl‚
605 2412 643 2444 de
670 2411 803 2444 minima
825 2413 986 2454 elegantia
1004 2419 1182 2448 structurae

444 2465 667 2504 ecclesiarum,
685 2476 766 2507 quae
785 2476 915 2508 semper
931 2464 1015 2498 iuxta
1036 2468 1180 2510 regulam

443 2524 586 2551 nostram
612 2518 734 2551 debent
759 2529 828 2551 csse
854 2519 943 2562 plani
971 2520 1091 2563 operis.
1118 2522 1182 2554 Ma-

443 2573 492 2604 ior
516 2578 621 2605 autem
648 2574 801 2605 cellarum
834 2578 866 2605 ct
897 2574 1098 2607 officinarum
1122 2585 1182 2608 nu-

441 2636 551 2660 merus
578 2626 609 2658 in
629 2636 827 2670 unoquoque
849 2633 1011 2660 com-enta
1031 2628 1181 2672 dispona-

1013 241 1194 266 numanum
1217 241 1368 267 Romnum

1217 294 1266 321 tur
1283 290 1368 323 iuxta
1392 291 1547 324 maiorem
1573 292 1621 325 vel
1646 290 1804 324 minorem
1820 289 1953 333 religio-

1216 353 1323 376 sorum
1347 354 1516 377 numerum
1540 344 1594 388 qui
1624 344 1746 378 ibidem
1779 343 1952 377 sustentari

1216 397 1335 429 valent.

1247 483 1378 515 nam-m.
1400 493 1493 515 mprr
1515 485 1562 515 lv.
1587 502 1621 507 —
1644 485 1783 515 Fratres
1804 484 1924 515 debent

1296 543 1368 563 esse
1390 533 1424 562 in
1445 536 1511 563 una
1532 533 1786 570 cohabitatione,
1810 537 1872 564 etc.

1275 607 1366 648 Caput
1387 617 1425 638 tv.
1451 626 1486 630 ——
1509 608 1548 638 De
1571 618 1686 638 numero
1706 608 1897 647 reliyiosorum

1298 658 1345 696 qui
1366 657 1459 686 debent
1481 667 1536 687 esse
1548 658 1578 687 in
1597 657 1715 696 quolibet
1736 661 1876 687 conventu.

1262 732 1297 764 ln
1321 732 1441 765 nostris
1467 732 1681 765 conventibus
1698 737 1731 765 61
1746 731 1894 774 collegiis
1916 731 1958 764 sit

1219 791 1410 828 competens
1436 795 1590 818 numerus
1615 786 1750 818 fratrum
1774 784 1863 817 iuxta
1887 794 1958 828 pru-

1220 839 1352 871 dentem
1388 838 1488 881 patris
1525 838 1733 881 provincialis
1771 836 1958 880 dispositio-

1220 902 1316 932 nem3
1342 902 1511 934 nunquam
1537 896 1644 923 tamen
1669 891 1735 924 sint
1769 890 1854 923 infra
1879 894 1959 923 tres-

1221 944 1336 984 decim,
1361 944 1443 976 sicut
1479 944 1639 986 praecipit
1673 944 1798 985 regula,
1821 947 1960 986 praeter-

1221 1008 1316 1040 quam
1340 997 1373 1029 in
1391 996 1452 1029 alia
1473 997 1557 1029 nova
1574 995 1779 1037 fundatione,
1797 1001 1832 1028 ut
1847 1005 1960 1039 supra-

1221 1051 1341 1084 dictum
1366 1055 1425 1083 est.

1221 1138 1351 1168 timim
1374 1145 1467 1166 CAPL'T
1489 1136 1522 1165 V.
1548 1154 1582 1158 —-
1612 1135 1776 1165 Omnibus
1799 1134 1959 1165 stau-ihus

1385 1184 1466 1220 suis,
1482 1183 1567 1214 sicut
1581 1183 1724 1219 sibimet,
1739 1187 1801 1213 etc.

1221 1261 1309 1300 Caput
1331 1269 1359 1289 v.
1381 1278 1416 1282 —-
1439 1260 1479 1290 De
1500 1262 1567 1289 curci
1589 1269 1670 1298 qnam
1688 1258 1810 1298 praelati
1831 1262 1960 1289 tenemur

1420 1305 1517 1335 habore
1538 1315 1602 1343 erga
1624 1304 1754 1334 subditos.

1267 1382 1301 1414 In
1319 1381 1469 1414 omnibus
1486 1380 1604 1413 nostris
1622 1379 1835 1413 conventibus
1851 1383 1883 1412 et
1899 1379 1964 1413 col-

1224 1433 1318 1476 legiis
1342 1433 1406 1466 sint
1430 1433 1577 1465 officinae
1602 1442 1805 1471 communes,
1830 1442 1867 1465 ex
1892 1431 1963 1475 qui-

1223 1487 1282 1519 bus
1300 1486 1410 1519 onmia
1427 1485 1621 1525 necessaria,
1636 1491 1700 1518 tam
1714 1485 1754 1518 de
1769 1485 1853 1518 victu
1867 1495 1963 1529 quam

1218 1540 1264 1573 -de
1288 1539 1418 1579 vestitu,
1433 1543 1498 1571 tam
1520 1548 1581 1581 pro
1607 1539 1709 1571 salute
1727 1548 1821 1581 quam
1838 1548 1898 1582 pro
1914 1537 1964 1570 in-

1225 1592 1382 1632 firmitate,
1398 1591 1579 1634 aequaliter
1589 1591 1816 1624 ministrentur
1831 1590 1964 1633 religio-

1225 1646 1269 1678 sis
1285 1645 1436 1679 omnibus
1456 1650 1518 1677 tam
1535 1645 1689 1688 praelatis
1704 1655 1799 1688 quam
1814 1643 1962 1685 subditis,

1225 1699 1283 1731 sub
1308 1701 1415 1742 poena
1440 1697 1666 1741 suspensionis
1684 1698 1722 1730 ab
1741 1697 1848 1731 officio
1868 1708 1964 1741 supe-

1224 1752 1302 1785 riori
1328 1762 1406 1794 erga
1430 1752 1491 1784 hoc
1511 1751 1706 1793 negligenti.
1734 1750 1832 1784 Curet
1856 1756 1964 1784 tamen

1223 1811 1258 1838 ut
1278 1816 1342 1846 res,
1360 1816 1441 1849 quae
1460 1805 1687 1838 conceduntur
1708 1805 1748 1838 ad
1768 1815 1877 1847 usum,
1899 1804 1965 1838 sint

1224 1864 1321 1903 prout
1347 1859 1441 1892 decet
1464 1858 1693 1892 Discateeatos.

1257 1948 1387 1979 REGULAE
1410 1955 1503 1977 CAPUT
1526 1946 1573 1976 vt.
1597 1965 1625 1968 —
1644 1946 1848 1976 Vestimenta
1867 1945 1933 1976 sint

1423 1996 1520 2026 lanea
1542 1999 1573 2025 et
1595 1994 1681 2034 alba,
1703 1999 1764 2025 etc.

1223 2073 1314 2113 Caput
1328 2081 1415 2102 v1.—
1430 2072 1470 2102 De
1484 2072 1580 2101 vestitu
1597 2075 1749 2101 nostrorum
1761 2071 1962 2110 religiosorum.

1267 2160 1290 2183 1.
1308 2147 1455 2181 Exterior
1479 2147 1574 2181 vestis
1600 2157 1655 2180 seu
1674 2146 1806 2180 habitus
1829 2146 1963 2179 fratrum

1224 2208 1406 2236 nostrorum
1424 2201 1466 2234 sit
1483 2211 1519 2234 ex
1539 2211 1632 2234 sacco
1650 2201 1734 2242 albo,
1749 2211 1809 2234 nec
1822 2211 1881 2244 per
1896 2205 1962 2234 tres

1225 2256 1343 2300 digitos
1361 2255 1400 2289 ad
1417 2260 1535 2288 terram
1551 2254 1728 2298 perveniat,
1745 2264 1805 2287 nec
1824 2254 1962 2287 latitudo

1224 2309 1332 2343 intima
1363 2309 1397 2342 in
1432 2308 1568 2342 circuitu
1600 2313 1664 2341 tres
1695 2308 1788 2341 ulnas
1813 2308 1960 2349 excedat,

1225 2363 1360 2406 eiusque
1379 2361 1526 2395 manicae
1552 2361 1680 2394 strictae
1706 2361 1772 2394 sint
1799 2366 1831 2394 et
1852 2371 1962 2395 versus

1224 2427 1352 2450 manum
1376 2415 1470 2448 unius
1488 2415 1584 2458 palmi
1603 2414 1811 2448 latitudinem
1827 2423 1893 2448 non
1910 2425 1963 2448 ex-

1223 2470 1388 2503 cedentes.
1416 2468 1554 2502 Interior
1579 2468 1678 2501 vestis
1705 2468 1802 2501 etiam
1831 2468 1893 2501 erit
1923 2478 1963 2502 ex

1223 2532 1316 2555 sacco
1342 2522 1426 2561 albo,
1445 2521 1574 2554 brevior
1591 2527 1700 2554 tamen
1725 2521 1889 2555 exteriore
1909 2521 1964 2555 tri-

1223 2576 1283 2608 bus
1310 2575 1431 2618 digitis.
1454 2574 1678 2618 scapularum
1702 2575 1852 2608 similiter
1868 2575 1909 2609 sit
1924 2585 1962 2608 ex

1225 2639 1317 2663 sacco
1332 2629 1417 2670 albo,
1428 2629 1527 2662 latum
1541 2629 1578 2662 ad
1593 2630 1739 2673 palmum
1750 2634 1781 2664 et
1794 2629 1963 2667 dimidium

1952 241 2008 269 An.
2023 240 2054 269 C.
2075 241 2145 270 ¹670
