2279 3260
134 226 186 254 An.
202 225 230 253 C.
253 226 321 256 1675
701 248 704 251 .

330 275 438 309 xerint
471 275 646 310 adiutrices
687 275 743 318 (ex
785 275 910 309 indulto
946 275 1064 319 Grego-

330 328 367 361 rii
395 328 461 361 XIII
487 328 670 373 quinquies,
697 329 784 372 etc),
810 328 898 362 mille
924 328 998 361 anni
1033 333 1064 361 et

329 380 462 414 totidem
486 381 713 424 quadragenae
738 380 991 413 misericorditer
1014 391 1064 413 re-

328 434 473 466 laxantur
502 433 725 477 (Innocentius
750 433 794 473 IV⁷
824 433 996 475 Quoniam,
1030 438 1065 466 ut

328 487 453 530 supra).

148 551 168 572 in
180 551 267 583 fastus.
279 552 318 571 Au·
373 538 406 571 2⁰
423 539 456 571 In
475 539 588 572 diebus
608 539 814 573 festivitatum
832 539 975 572 eiusdem
993 549 1064 571 san-

136 577 370 633 tlffl'ifliifssffcti
390 591 561 634 Augustini
587 598 619 625 et
647 597 776 625 sanctae
801 592 963 631 Monicae,
989 590 1065 623 Gre-

134 631 164 650 Μ
179 632 281 657 pienum.
330 643 439 686 gorius
468 644 545 684 XIII,
576 644 629 678 Ad
660 644 861 688 auqrndam,
894 649 928 676 ut
951 654 1061 687 supra,

330 696 506 739 praedictis
531 697 756 737 confratribus,
779 697 832 740 qui
859 696 1063 740 poenitentes

331 754 362 781 et
383 749 522 783 confessi
549 761 585 783 ac
610 750 814 783 sanctissima
839 749 1063 783 communione

331 802 441 835 refecti
477 803 630 837 ecclesias
654 803 782 836 Ordinis
807 808 839 836 et
870 802 1063 846 praedictam

331 856 604 889 confraternitatis
621 857 812 899 cappellam,
833 866 868 888 ac
886 855 984 888 sancti
1003 855 1064 886 Au-

330 908 449 950 gustini
483 915 514 942 et
539 915 667 942 sanctae
702 908 844 941 Monicae
879 906 1062 940 huiusmodi

330 961 391 994 sita
415 962 540 1001 altaria,
561 972 577 994 a
594 961 705 1004 primis
731 960 873 1004 vesperis
897 970 999 1003 usque
1025 959 1063 991 ad

330 1025 481 1047 occasum
499 1014 587 1054 solis,
605 1014 742 1056 singulis
768 1014 861 1046 annis
882 1014 996 1046 devote
1020 1012 1065 1044 vi-

329 1066 512 1108 sitaverint,
540 1072 572 1099 et
595 1066 639 1098 ibi
665 1076 724 1109 pro
748 1076 827 1109 pace
852 1065 937 1098 inter
961 1064 1064 1097 chris-

329 1118 433 1151 tianos
457 1118 622 1162 principes
655 1118 883 1158 conservanda,
916 1128 951 1150 ac
986 1117 1064 1149 hae—

328 1181 438 1204 resum
467 1171 682 1214 extirpatione
700 1198 708 1212 ,
731 1176 925 1214 sanctaeque
957 1169 1063 1202 Matris

329 1223 490 1257 Ecclesiae
516 1224 712 1257 exaltatione
731 1223 800 1267 pias
818 1224 856 1256 ad
872 1224 970 1256 Deum
992 1233 1064 1266 pre-

331 1286 383 1309 ces
415 1275 612 1316 effuderint,
647 1287 710 1319 quo
743 1276 793 1309 die
825 1276 1064 1319 praedictorum

953 227 1095 253 emmaus
1116 228 1136 253 X
1159 229 1207 254 1¹1³.

1739 226 1802 260 557
1847 235 1896 262 An.
1913 234 1942 261 c.
1964 234 2032 262 ¹675

1105 277 1176 310 dem
1192 277 1354 319 inclusive,
1371 279 1484 314 devote
1502 281 1700 315 visitaverint
1716 294 1837 317 annua-

1105 329 1169 370 tim,
1190 336 1221 363 et
1237 342 1349 365 manus
1374 333 1411 366 ad
1438 333 1580 367 eiusdem
1600 336 1752 369 ecclesiae
1773 336 1837 370 sive

1105 385 1272 427 cappellae
1296 386 1344 419 vel
1369 386 1478 420 altaris
1496 388 1768 422 confraternitatis
1791 400 1840 422 re-

1105 436 1316 479 parationem,
1344 439 1612 472 restaurationem
1638 446 1670 473 et
1689 451 1841 483 augmen-

1106 492 1171 542 tum
1195 491 1400 531 porrexerint
1429 492 1601 525 adjutrices
1627 492 1689 535 (ex
1715 494 1840 527 indulto

1104 541 1251 585 Gregorii
1268 544 1333 576 XIII
1351 544 1537 588 quinquies,
1556 547 1644 589 etc.),
1663 556 1722 589 pro
1743 547 1843 589 quali-

1105 595 1159 627 bet
1183 596 1233 628 die
1260 596 1465 630 festivitatum
1488 598 1682 639 huiusmodi,
1697 599 1840 632 omnium

1106 652 1137 679 et
1157 647 1354 691 singulorum
1371 661 1500 683 suorum
1525 651 1697 684 criminum
1715 657 1746 685 et
1764 652 1841 685 deli-

1105 705 1230 734 ctorum
1255 712 1291 734 ac
1314 709 1521 746 pcccatorum
1543 704 1681 747 (etiamsi
1707 705 1745 737 de
1775 705 1838 738 illis

1107 758 1181 785 tunc
1195 764 1354 787 memores
1373 766 1438 788 non
1459 756 1634 798 extiterint,
1652 757 1836 798 dummodo,

1106 805 1129 837 si
1147 807 1336 839 memoriam
1354 808 1483 842 illorum
1501 810 1670 851 haberent,
1692 811 1746 843 illa
1765 821 1838 844 eon-

1106 858 1216 891 fitendi
1242 861 1445 903 propositum
1471 862 1658 903 habuerint,
1685 868 1717 895 et
1741 864 1766 896 si
1791 874 1840 897 re-

1107 911 1230 944 cordati
1255 913 1429 956 aliquando
1454 915 1594 948 confessi
1616 916 1760 959 fuerint),
1778 917 1842 959 ple-

1106 964 1273 997 nissimam
1306 967 1495 1000 auctoritate
1526 968 1702 1011 apostolica
1732 969 1843 1001 remis-

1106 1016 1229 1049 sionem
1244 1018 1497 1052 misericorditer
1509 1026 1751 1064 consequuntur
1766 1021 1842 1064 (Six-

1107 1074 1154 1101 tus
1178 1069 1224 1109 IV,
1242 1071 1328 1103 Dum
1352 1076 1481 1113 attente,
1502 1084 1586 1106 anno
1608 1073 1841 1107 Incarnationis

1106 1121 1289 1155 Dominicae
1306 1133 1473 1164 MCDLXXIX,
1488 1136 1531 1159 xii
1547 1126 1701 1159 kalendas
1718 1126 1841 1170 aprilis,

1106 1174 1312 1216 pontificatus
1337 1187 1422 1210 anno
1448 1179 1504 1220 ix).

1148 1226 1181 1258 4⁰
1206 1226 1399 1261 Conceditur
1432 1230 1527 1262 etiam
1558 1231 1735 1273 praedietis
1765 1241 2034 1289 con-dffioffifffgcffi-

1106 1278 1256 1312 fratribus
1286 1291 1359 1313 vere
1390 1282 1632 1324 poenitentibus
1661 1288 1693 1315 et
1717 1284 1877 1316 confes-a.
1899 1295 1980 1316 xieuiai
2004 1279 2036 1313 ,αἱ

1867 1325 1928 1341 uento
1969 1322 2035 1341 indul-

330 1329 361 1362 id
387 1328 520 1371 egerint,
546 1328 727 1372 plenariam
752 1328 896 1362 omnium
920 1333 1066 1372 peccato·
1086 1361 1088 1372 ,
1106 1330 1170 1371 sis,
1198 1331 1252 1374 qui
1289 1332 1322 1364 in
1351 1333 1512 1367 dominica
1544 1335 1658 1368 festum
1688 1335 1719 1368 S.
1746 1328 1920 1373 Nico-{entia
1939 1348 2037 1368 romnu-

330 1391 400 1414 rum
423 1391 556 1414 suorum
588 1378 825 1424 indulgentiam
849 1386 881 1414 et
904 1381 1066 1414 remissio·
1085 1381 1088 1414 l
1107 1384 1148 1417 lai
1174 1384 1212 1417 de
1237 1385 1407 1419 Tolentino
1427 1386 1611 1422 immediate
1633 1394 1798 1432 sequente,
1823 1400 1841 1422 a

330 1445 404 1467 nem
429 1434 684 1467 misericorditer
707 1434 739 1466 in
757 1434 890 1467 Domino
908 1439 1065 1478 perpetuo

330 1487 493 1521 concedit.
520 1486 651 1520 Necnon
675 1487 762 1520 idem
786 1486 960 1530 Gregorius
984 1487 1063 1527 XIII,

330 1540 414 1573 Etsi
438 1545 578 1580 eunome,
595 1540 703 1573 idibus
721 1540 901 1573 decembris
928 1550 1063 1580 MDLxxx,

330 1592 507 1636 praedictis
519 1593 669 1626 similiter
686 1603 760 1626 vere
775 1593 1019 1636 poenitentibus
1037 1598 1067 1625 et

331 1645 498 1685 confessis,
525 1645 580 1688 qui
605 1646 783 1689 cappellam
814 1650 943 1678 sanctae
968 1644 1067 1677 Moni-

332 1708 387 1731 cae
413 1709 431 1731 a
454 1697 568 1741 primis
590 1698 733 1741 vesperis
757 1702 793 1730 ut
814 1708 910 1742 supra
931 1697 1066 1740 singulis

332 1751 424 1783 annis
449 1751 564 1783 devote
596 1750 806 1790 visitaverint,
838 1755 868 1783 et
896 1750 975 1783 inibi
1006 1761 1067 1794 pro

331 1803 425 1836 Sedis
450 1803 654 1846 Apostolicae
671 1803 864 1836 exaltatione
881 1803 1066 1836 haeresum-

332 1866 396 1899 que
421 1856 636 1899 extirpatione
668 1856 738 1899 pias
764 1856 803 1889 ad
827 1856 926 1890 Deum
949 1867 1065 1901 preces

332 1907 506 1942 effuderint
529 1914 561 1942 et
583 1908 804 1942 Eucharistiae
830 1915 1063 1942 sacramentum

331 1961 537 2005 sumpserint,
575 1961 672 1994 etiarn
703 1962 883 2005 plenariam
921 1963 1065 1996 omnium

331 2019 537 2057 peccatorum
569 2025 701 2047 suorum
725 2015 935 2059 idulgentiam
960 2021 992 2049 et
1015 2027 1066 2050 re-

330 2066 516 2100 missionem
536 2067 700 2110 elargitur.

136 2124 322 2172 Βῃζπθῗῑ-ζςίεῐῇιηῑῖ
375 2119 408 2153 3⁰
438 2120 473 2152 In
507 2120 621 2153 diebus
660 2120 739 2153 item
778 2121 985 2155 festivitatum
1016 2123 1065 2166 ip-

136 2177 320 2231 isshssi'gffssiffflflfi
333 2171 398 2205 sius
428 2172 489 2205 divi
507 2173 685 2215 Augustini,
705 2183 740 2205 ac
768 2179 897 2206 sanctae
922 2174 1063 2208 Monicae

135 2235 203 2250 ΜΝ·
334 2225 479 2258 eiusdem
505 2226 673 2268 Augustini
698 2226 820 2268 matris,
842 2232 873 2260 et
893 2228 923 2260 S.
942 2228 1063 2261 Nicolai

332 2277 527 2311 confessoris
548 2279 586 2311 de
603 2278 773 2312 Tolentino
798 2281 984 2323 nuncupati,
1002 2286 1064 2314 sta-

331 2331 430 2364 tuitur
451 2336 482 2364 et
506 2331 682 2372 ordinatur,
705 2332 790 2376 quod
816 2343 927 2366 omnes
951 2340 981 2366 et
999 2336 1064 2368 sin-

331 2383 396 2427 guli
413 2383 580 2426 utriusque
596 2394 689 2417 sexus
709 2386 888 2419 confratres
905 2387 1063 2430 praedicti

329 2447 403 2470 vere
421 2436 625 2479 poenitentes
643 2443 674 2470 et
697 2438 843 2479 confessi,
862 2440 916 2482 qui
934 2439 1061 2473 Ordinis

330 2489 497 2523 ecclesiam
522 2494 553 2521 et
576 2491 754 2534 cappellam
781 2493 831 2524 vel
860 2493 961 2525 altare
991 2504 1063 2526 con-

1851 1374 1919 1395 culae.

1106 1436 1218 1479 primis
1250 1439 1394 1481 vesperis
1427 1450 1529 1482 usque
1554 1451 1612 1484 per
1635 1446 1735 1474 totum
1756 1442 1841 1475 diem

1107 1489 1206 1532 ipsius
1243 1491 1448 1533 dominicae,
1486 1494 1666 1536 cappellam
1699 1494 1844 1528 eiusdem

1107 1541 1135 1574 S.
1145 1542 1265 1576 Nicolai
1280 1548 1312 1576 et
1325 1545 1425 1579 altare
1440 1546 1715 1580 confraternitatis
1731 1547 1842 1581 devote

1108 1595 1315 1638 visitaverint,
1331 1598 1497 1632 annuatim
1514 1599 1569 1632 illa
1588 1600 1791 1643 indulgentia
1810 1606 1842 1634 et

1109 1649 1257 1682 remissio
1293 1655 1519 1694 peccatorum,
1548 1663 1645 1695 quam
1677 1653 1840 1686 visitantes

1109 1702 1278 1734 ecclesiam
1297 1703 1331 1735 B.
1348 1703 1464 1737 Mariae
1484 1704 1515 1737 in
1529 1704 1748 1745 Portiuncula‚
1762 1706 1840 1739 alias

1109 1754 1224 1787 dictam
1249 1755 1288 1788 de
1318 1756 1468 1799 Angelis,
1496 1763 1531 1790 ut
1554 1769 1651 1801 supra
1676 1759 1842 1792 annuatim

1109 1808 1353 1850 quomodolibet
1397 1816 1640 1854 consequuntur
1683 1811 1839 1854 (Bonifa-

1108 1860 1174 1893 eius
1198 1861 1246 1901 IX,
1265 1861 1352 1895 Licet
1377 1862 1415 1903 is,
1442 1862 1588 1896 kalendis
1615 1863 1738 1906 martii,
1759 1874 1841 1908 pon-

1109 1912 1245 1946 tificatus
1269 1924 1353 1948 anno
1377 1915 1435 1958 xt).

1224 1998 1261 2027 V.
1278 2014 1314 2019 —
1336 1997 1375 2027 In
1397 1998 1471 2029 aliis
1493 1998 1609 2029 diebus
1631 2000 1720 2030 nuni.

1150 2071 1187 2104 Et
1204 2072 1236 2105 1⁰
1256 2072 1288 2105 in
1314 2073 1402 2106 festis
1426 2073 1457 2107 S.
1481 2074 1610 2108 Ioannis
1631 2075 1791 2119 Baptistae
1809 2081 1840 2110 et
1871 2084 2033 2123 Ins-wgissin‘

1105 2125 1253 2158 Omnium
1269 2125 1458 2159 Sanctorum
1472 2128 1644 2170 praedictis
1657 2139 1717 2172 per
1730 2140 1839 2173 quam-
1849 2112 2034 2174 tttlssffl¹.‘1?.jl'.'sff¹ii⁰-

1106 2178 1187 2211 libet
1221 2178 1349 2213 illarum
1390 2180 1597 2213 festivitatum
1632 2166 2034 2215 visitantihusfiffiii'r'iim'‘fi‘uss'l

1105 2230 1232 2263 Ordinis
1258 2231 1407 2264 ecclesias
1425 2236 1455 2265 et
1475 2234 1653 2276 cappellam
1671 2236 1720 2267 vel
1738 2235 1837 2268 altare
1849 2216 1924 2268 3353.
1944 2216 2035 2241 qum&

1105 2284 1387 2325 confraternitatis,
1407 2290 1534 2318 centum
1551 2287 1627 2319 anni
1652 2292 1684 2320 et
1708 2293 1838 2321 centum

1105 2338 1333 2380 quadragenae
1366 2338 1584 2382 indulgentiae
1609 2351 1741 2375 suorum
1765 2353 1840 2386 pec-

1105 2395 1263 2431 catorum,
1294 2391 1400 2424 dando
1425 2392 1546 2435 aliquid
1578 2394 1610 2426 in
1640 2395 1839 2428 adiutorium

1104 2453 1162 2485 pro
1188 2442 1309 2476 fabrica
1338 2443 1495 2477 dictarum
1529 2446 1740 2480 ecclesiarum
1773 2448 1840 2481 sive

1105 2496 1271 2538 cappellae
1289 2497 1341 2530 vel
1359 2497 1467 2530 altaris
1486 2499 1760 2533 confraternitatis
1779 2501 1839 2542 (ex

330 2541 552 2582 fraternitatis,
571 2542 715 2584 aprimis
729 2544 870 2587 vesperis
883 2545 1063 2588 vigiliarum
1104 2548 1229 2582 indulto
1265 2549 1411 2592 Gregorii
1442 2551 1507 2584 XIII
1540 2552 1720 2596 quinquies,
1747 2554 1836 2597 etc.)

332 2600 364 2629 et
386 2606 444 2639 per
469 2599 567 2628 totam
592 2595 675 2628 diem
709 2596 913 2631 festivitatum
937 2609 1062 2633 earum·
1104 2601 1324 2635 conceduntur
1348 2603 1535 2647 (Gregorius
1559 2605 1617 2647 IX,
1650 2609 1684 2639 ut
1708 2606 1836 2650 supra):
