2279 3260
214 225 264 254 An.
278 225 311 254 c,
334 225 402 254 1670
445 216 465 250 6

244 547 307 568 uon.

409 284 500 307 crum
511 274 631 307 faceret
643 275 760 308 elevari
776 275 807 307 in
823 275 960 308 sublime
973 287 1079 308 coram
1090 287 1143 318 po-

408 328 485 371 pulo
503 328 675 371 aliquoties
697 334 889 371 conspectus
908 329 1002 362 suerit
1021 340 1028 368 ;
1044 329 1142 361 immo

409 385 496 413 tanta
521 381 590 413 eius
621 385 689 413 erat
714 381 882 413 assiduitas
907 381 1078 419 orationis,
1109 385 1145 412 ut

410 443 573 475 nunquam
599 433 638 465 ab
663 435 701 465 ca
724 438 875 472 cessaret,
895 438 925 465 et
942 432 1143 465 intuentibus

411 484 516 528 ipsum
539 485 636 518 homo
667 485 799 517 alterius
823 484 942 517 saeculi
968 484 1142 515 rideretur.

451 538 466 580 ἓ
480 536 533 569 ⁶20.
550 537 687 570 Edoctus
700 547 786 579 ergo,
802 537 897 569 etiam
913 537 988 569 dum
1004 537 1036 568 in
1052 536 1144 567 terris

412 590 537 632 agebat,
562 589 601 621 ad
625 590 749 622 caelum
767 590 905 627 evolare,
931 589 1060 620 tandem
1082 598 1146 620 me-

413 642 482 674 ritis
499 642 623 685 plenus,
640 642 751 674 aetatis
769 652 852 674 anno
870 641 1069 683 sexagesimo
1090 646 1146 673 ter-

415 694 459 726 tio
482 693 514 725 in
541 693 655 725 febrim
686 703 722 724 ao
746 693 875 724 dolores
902 692 1145 724 molestissimos

414 746 541 779 incidit.
572 745 759 787 Augebatur
790 744 884 777 simul
909 755 979 776 cum
1006 744 1147 785 aegritu-

415 798 488 830 dine
507 797 653 830 hilaritas
671 797 769 836 Petri,
789 797 994 839 prohibentis
1018 796 1147 837 religio-

415 861 483 882 sam
500 860 588 882 suam
614 849 765 882 familiam
792 860 809 880 a
834 848 993 891 lacrymis,
1011 848 1041 880 in
1069 859 1146 890 quas

415 903 456 934 ob
474 902 685 934 amittendum
706 901 960 934 amantissimum
979 907 1146 942 parentem

415 954 583 996 agebatur.
603 953 763 986 Ecclesiae
778 952 990 985 sacramentis
1007 953 1067 984 rite
1083 963 1147 983 sus-

415 1006 536 1048 ceptis,
563 1016 598 1038 ae
630 1005 794 1048 praedicta
818 1005 931 1038 mortis
957 1006 1056 1042 hora,
1082 1015 1145 1037 non

415 1059 542 1097 iacens,
568 1058 625 1091 sed
651 1058 739 1090 humi
766 1063 889 1090 erectus
915 1058 946 1089 in
973 1068 1087 1099 genua,
1114 1057 1146 1089 in

415 1110 602 1142 altissimam
628 1111 760 1143 extasim
785 1109 953 1152 diripuit¹;
976 1120 1011 1142 ae
1029 1110 1145 1142 deinde

415 1163 560 1195 sensibus
575 1163 749 1195 restitutus:
764 1159 916 1194 Laela'lus
933 1173 1001 1194 sum
1015 1162 1146 1205 (inquit)

414 1215 449 1246 v'n
476 1215 526 1247 liis
548 1226 633 1257 ,quae
656 1215 742 1247 dicta
763 1220 837 1247 sunt
859 1215 949 1253 mihi,
966 1216 1000 1247 in
1018 1215 1144 1247 domum

415 1266 549 1299 Domini
561 1268 702 1303 ibimus:
719 1274 759 1306 et,
780 1279 877 1300 manu
893 1269 1040 1300 fratribus
1054 1269 1147 1300 benc-

417 1319 544 1358 dicens,
564 1320 608 1352 ita
626 1321 699 1353 illos
718 1325 766 1353 est
780 1321 959 1353 allocutus:
985 1333 997 1351 <i
1011 1321 1079 1353 Non
1103 1321 1148 1352 iu-

417 1372 559 1411 tuemini,
586 1373 700 1405 sratres
725 1372 800 1411 mei,
822 1373 875 1405 SS.
895 1373 1093 1412 Trinitatem,
1117 1379 1148 1404 et
1167 1366 1169 1401 i

416 1423 578 1456 dominam
610 1435 712 1456 meam
751 1425 1015 1466 gloriosissimam
1048 1426 1146 1468 Virgi-
1167 1440 1169 1445 ⁴

416 1485 489 1507 nem
514 1475 640 1507 Mariam
662 1481 693 1508 et
721 1482 863 1508 sanctum
889 1477 1039 1509 loannem
1057 1489 1147 1510 evan-

416 1527 586 1568 gelistam?
597 1540 609 1557 n
629 1527 749 1565 Quibus
763 1528 866 1568 dietis,
883 1529 986 1561 adhuc
1001 1530 1148 1572 excepto²

416 1579 550 1620 genibus
576 1590 724 1622 corpore,
741 1580 891 1622 migravit
908 1581 1015 1613 animo
1033 1581 1064 1612 in
1079 1592 1148 1613 cae-

416 1632 490 1670 lum,
506 1637 534 1665 et
557 1638 666 1665 saneta
680 1632 819 1672 Teresia,
834 1635 948 1675 procul
971 1634 1094 1666 distans
1109 1635 1147 1666 ab
1168 1645 1169 1651 ¹

415 1684 536 1726 oppido
561 1685 598 1716 de
624 1686 745 1717 Arenas
773 1685 805 1717 in
823 1696 886 1728 quo
904 1686 1014 1718 Petrus
1041 1676 1170 1719 sicces-³

416 1740 512 1775 serat,
529 1736 619 1768 illum
637 1737 715 1769 vidit
736 1743 824 1769 recto
843 1743 874 1769 et
890 1738 996 1770 lucido
1022 1739 1146 1772 tramite

416 1787 556 1820 delatum
596 1789 634 1821 a‘d
670 1790 899 1832 sempiternam
939 1791 1145 1831 felicitatem3

416 1849 452 1871 ac
477 1849 572 1882 saepe
597 1846 710 1883 postea
735 1841 839 1873 eidem
873 1843 974 1875 oranti
1001 1844 1149 1886 apparuit

415 1892 532 1934 plenus
549 1892 707 1925 immensa
723 1893 826 1934 gloria
844 1899 875 1926 et
892 1895 1082 1936 purissimae
1100 1897 1149 1929 lu-

416 1944 461 1976 cis
485 1945 580 1977 radiis
605 1946 825 1978 circumfusus.
843 1946 967 1989 Corpus
987 1958 1063 1980 vero
1080 1950 1150 1991 pul-

416 1997 624 2037 cherrimum,
641 1998 768 2030 caelesti
787 1999 924 2041 quodam
943 2001 1053 2033 colore
1079 2012 1149 2044 per-

416 2049 530 2089 susum,
557 2051 658 2082 oeulis
683 2051 803 2093 apertis
819 2056 849 2083 et
874 2052 956 2084 miro
972 2054 1147 2094 splendore
1169 2054 1170 2099 J

416 2102 630 2141 radiantibus,
655 2103 842 2136 suavissimo
867 2105 906 2137 de
935 2106 1088 2138 membris
1115 2103 1170 2139 o-J

417 2154 497 2186 dore
519 2161 678 2194 manante,
697 2155 859 2188 intuentes
880 2158 1027 2199 replebat
1052 2159 1149 2191 admi·

415 2206 565 2243 ratione,
599 2212 698 2249 utque
735 2207 876 2240 fidelium
909 2200 1170 2244 adventantium*

417 2258 579 2291 devotioni
604 2259 788 2298 satisfieret,
817 2261 848 2292 in
874 2261 1080 2295 eminentiori
1098 2274 1170 2305 (tx-3

418 2316 465 2342 tra
491 2318 615 2353 portam
641 2313 711 2344 loco
738 2313 919 2354 expositum
946 2314 1011 2352 suit,
1036 2315 1074 2347 ad
1095 2326 1149 2347 cu-

417 2362 465 2395 ius
492 2370 698 2406 conspectum
721 2366 857 2407 populus
883 2367 1027 2408 suspiriis
1046 2378 1081 2399 ac
1097 2378 1149 2400 vo-
1168 2363 1170 2369 ’

417 2415 506 2447 etim<
531 2416 681 2448 Sanctum
706 2416 913 2456 inclamabat,
938 2418 1088 2451 auxilium
1110 2421 1147 2452 ab
1168 2414 1170 2443 3

418 2478 456 2500 eo
488 2468 625 2510 petebat,
645 2469 694 2500 vel
724 2469 889 2501 minimam
921 2470 1049 2503 habitus
1078 2482 1148 2514 par-

453 2539 462 2564 1
488 2537 557 2563 Edit.
573 2537 690 2564 Cherub.
707 2537 770 2572 legit
784 2539 881 2573 erupit
897 2540 936 2573 (a,
948 2540 997 2574 Τ.).

451 2580 468 2607 2
484 2580 552 2607 Edit.
566 2580 681 2607 Cherub.
695 2581 774 2608 habet
785 2585 877 2609 stante
889 2592 936 2617 pro
948 2586 1147 2619 exceptoffiff.)

990 226 1169 252 nrumunu
1194 228 1344 253 nonium!

1187 275 1313 308 ticnlam
1331 287 1389 319 pro
1407 287 1533 310 summo
1552 277 1688 320 quilibet
1710 277 1798 310 bono
1823 285 1921 320 repu-

1187 328 1284 360 tabat.
1312 328 1388 361 lnde
1420 339 1606 372 processum
1639 335 1687 362 est
1720 329 1759 362 ad
1796 329 1918 369 sunus,

1186 389 1361 413 numeroso
1385 382 1506 424 populo
1531 392 1604 414 cum
1640 381 1765 414 facibus
1788 391 1824 413 ac
1848 391 1922 414 can-

1188 432 1269 465 delis
1296 433 1437 465 accensis
1468 443 1592 466 sacrum
1617 433 1799 476 depositum
1825 433 1924 466 comi-

1189 489 1285 516 tante.
1313 484 1452 525 Contigit
1475 490 1580 517 autem
1605 485 1690 518 inter
1707 490 1816 518 cetera
1835 489 1924 518 nota-

1189 535 1265 568 bilia
1295 536 1379 578 quod
1406 538 1532 569 caelum
1563 538 1665 570 imbre
1698 547 1735 570 ae
1758 543 1854 570 vento
1880 537 1925 569 su-

1189 598 1274 627 rens‚
1299 589 1405 621 delato
1431 589 1462 620 in
1488 589 1630 621 medium
1655 599 1801 633 corpore,
1817 589 1924 622 subito

1188 642 1379 683 placaretur,
1396 641 1471 673 dum
1485 641 1517 673 in
1533 642 1668 674 circuitu
1683 642 1791 674 onmia
1804 647 1924 685 strepe-

1189 698 1259 725 rent
1274 698 1305 725 et
1319 694 1521 734 inundarent,
1541 690 1583 726 iia
1596 700 1629 726 ut
1647 705 1664 726 a
1677 694 1925 734 valetudinario,

1189 745 1219 777 in
1238 756 1302 788 quo
1320 746 1516 784 decesserat,
1534 757 1637 788 usque
1655 747 1694 779 ad
1714 752 1923 786 conventum,

1189 798 1316 829 duobus
1351 798 1543 831 milliaribus
1579 799 1774 839 distantem,
1814 799 1925 841 quieto

1188 851 1286 889 caclo,
1297 860 1410 882 omncs
1425 850 1638 882 immadesacti
1653 842 1884 893 processerint,
1895 855 1928 883 et.

1189 912 1294 934 ceram
1320 913 1378 944 pro
1404 903 1516 935 sunere
1543 902 1736 935 honorando
1757 913 1926 935 accensam

1189 955 1220 986 iu
1247 960 1334 987 tanto
1368 955 1471 998 spatio
1497 955 1578 988 nihil
1606 955 1807 988 imminutam
1832 965 1928 999 repe-

1190 1007 1300 1039 rerint.
1328 1007 1401 1039 Eius
1428 1018 1557 1050 corpus,
1579 1008 1609 1040 in
1631 1008 1767 1040 ecclesia
1793 1008 1924 1040 fratrum

1189 1059 1345 1091 Minorum
1365 1060 1634 1093 Discaleeatornm
1652 1061 1847 1103 depositum,
1862 1061 1926 1093 sin-

1189 1111 1289 1152 gulari
1315 1113 1506 1154 populorum
1531 1112 1737 1144 veneratione
1763 1112 1922 1144 invisitur.

1232 1163 1322 1206 5³20.
1350 1164 1494 1196 Excessit
1527 1175 1612 1197 anno
1648 1165 1759 1197 salutis
1794 1174 1926 1204 unum,

1188 1226 1264 1248 xviu
1286 1217 1336 1248 die
1363 1217 1516 1249 octobris.

1233 1270 1246 1311 g
1264 1268 1317 1301 21.
1338 1269 1486 1301 Plurimis
1505 1269 1600 1301 ctiam
1619 1274 1693 1312 post
1712 1275 1850 1302 mortem
1868 1269 1927 1302 mi-

1191 1321 1304 1353 raculis
1330 1322 1520 1354 coruscavit.

1233 1374 1420 1417 Alphonsus
1445 1374 1590 1407 Sanchez
1625 1374 1714 1408 saber
1746 1375 1924 1417 lignarius,

1190 1427 1281 1459 fracti
1306 1427 1409 1459 cruris
1436 1427 1619 1469 integrandi
1646 1427 1832 1460 mortalem'
1858 1438 1927 1460 om-

1190 1490 1261 1511 nem
1278 1489 1367 1522 spem
1383 1479 1575 1522 proiecera13
1590 1480 1644 1512 sed
1659 1480 1698 1512 ad
1715 1480 1925 1522 sepulchrum

1190 1532 1274 1563 Petri
1300 1537 1464 1564 momento
1491 1532 1645 1574 temporis
1669 1531 1843 1564 convaluit.

1233 1584 1446 1616 Laborantem
1465 1584 1583 1616 exitiali
1605 1585 1720 1616 morbo
1740 1583 1868 1616 Mariam
1886 1584 1924 1616 de

1191 1636 1333 1673 Paramo,
1355 1642 1386 1667 et
1411 1647 1427 1668 a
1451 1636 1586 1668 medicis
1611 1636 1827 1678 desperatam,
1847 1636 1927 1669 hau-

1190 1694 1258 1719 stus
1282 1699 1401 1731 aquae,
1425 1689 1636 1731 reliquiarum
1661 1688 1747 1720 Petri
1772 1693 1926 1721 contactu

1190 1752 1306 1780 sacrae,
1333 1741 1417 1773 dicto
1443 1741 1536 1773 citius
1561 1741 1706 1783 integrae
1730 1741 1858 1773 sanitati
1876 1751 1926 1773 re-

1190 1793 1302 1826 stituit.

1234 1845 1439 1878 Sacramento
1468 1845 1633 1878 Extremae
1667 1844 1832 1878 Unctionis
1856 1856 1926 1878 mu-

1191 1899 1256 1931 nita
1279 1898 1341 1930 iam
1361 1904 1430 1930 erat
1449 1898 1544 1930 Maria
1566 1898 1752 1940 velasquez,
1770 1908 1851 1941 quae
1869 1898 1926 1931 Pe-

1191 1951 1230 1982 tri
1262 1961 1358 1993 opem
1387 1960 1562 1992 exposcens
1588 1949 1676 1982 illico
1702 1950 1842 1982 surrexit
1877 1950 1926 1982 in-

1168 2028 1170 2033 .
1191 2002 1338 2035 columis.

1233 2055 1421 2087 Franciscus
1456 2054 1601 2087 Ramirez
1637 2055 1788 2087 sexennis
1820 2064 1923 2097 puer,

1190 2108 1335 2140 cruribus
1359 2113 1555 2146 contractus,
1579 2109 1652 2140 oleo
1675 2108 1833 2150 lampadis
1851 2114 1925 2140 ante

1190 2160 1275 2192 Petri
1298 2160 1505 2203 sepulchrum
1531 2161 1668 2192 lucentis
1695 2160 1854 2200 inunctus,
1875 2171 1926 2193 re-

1191 2217 1286 2254 pente
1310 2217 1453 2244 sanatur.

1235 2263 1411 2296 Balthasari
1437 2263 1618 2306 ltodriguez
1649 2264 1783 2297 sexenni
1808 2275 1923 2308 puero,

1191 2317 1288 2349 fracto
1312 2323 1451 2359 utroque
1484 2317 1605 2353 latere,
1637 2328 1674 2349 ac
1709 2317 1924 2349 defluentibus

1190 2369 1352 2401 intestinis
1384 2379 1468 2411 pene
1500 2369 1671 2409 consecto,
1698 2368 1818 2401 ess'usae
1850 2374 1924 2401 ante

1189 2421 1274 2453 Petri
1295 2421 1505 2464 sepulchrum
1526 2431 1637 2464 preces
1659 2422 1756 2454 saluti
1781 2422 1922 2454 suerunt.

1234 2470 1564 2505 F1³a110isca31.·u·tiuez
1578 2474 1718 2507 triennio
1729 2474 1923 2513 claudicans,

1216 2546 1234 2570 „1
1255 2542 1294 2568 Ita
1315 2542 1378 2576 legit
1400 2543 1478 2569 etiam
1495 2542 1559 2569 edit.
1576 2542 1705 2577 Cherub.;
1727 2548 1752 2570 at
1772 2543 1860 2570 forsan
1882 2543 1923 2570 le-

1168 2586 1169 2617 ]
1189 2586 1305 2620 gendum
1323 2587 1460 2614 mnrulrm
1478 2591 1516 2621 <¹³-
1533 2590 1580 2620 Τ.).

1929 228 1979 255 An.
1999 227 2028 255 C.
2046 225 2114 256 1670

1964 1172 2033 1193 Annus
2044 1174 2064 1193 et
2075 1173 2121 1193 dies

1937 1199 2015 1220 obitus.

1964 1276 2064 1297 miracuta
2074 1278 2121 1302 post

1935 1306 2032 1324 mortem.
