<?xml version="1.0" encoding="UTF-8"?>
<!DOCTYPE html PUBLIC "-//W3C//DTD XHTML 1.0 Transitional//EN"
    "http://www.w3.org/TR/xhtml1/DTD/xhtml1-transitional.dtd">
<html xmlns="http://www.w3.org/1999/xhtml" xml:lang="en" lang="en">
 <head>
  <title>
</title>
<meta http-equiv="Content-Type" content="text/html;charset=utf-8" />
  <meta name='ocr-system' content='tesseract 3.04.00' />
  <meta name='ocr-capabilities' content='ocr_page ocr_carea ocr_par ocr_line ocrx_word'/>
</head>
<body>
  <div class='ocr_page' id='page_1' title='image "./bullarumdiplomat18cath_0445.png"; bbox 0 0 2279 3260; ppageno 0'>
   <div class='ocr_carea' id='block_1_1' title="bbox 151 246 1080 497">
    <p class='ocr_par' dir='ltr' id='par_1_1' title="bbox 151 246 1080 497">
     <span class='ocr_line' id='line_1_1' title="bbox 151 246 336 274; baseline 0 0"><span class='ocrx_word' id='word_1_1' title='bbox 151 247 201 274; x_wconf 78' lang='lat' dir='ltr'>An.</span> <span class='ocrx_word' id='word_1_2' title='bbox 218 246 246 274; x_wconf 82' lang='lat' dir='ltr'>C.</span> <span class='ocrx_word' id='word_1_3' title='bbox 270 246 336 274; x_wconf 81' lang='lat'>¹673</span> 
     </span>
     <span class='ocr_line' id='line_1_2' title="bbox 344 293 1079 337; baseline -0.008 -6"><span class='ocrx_word' id='word_1_4' title='bbox 344 296 508 330; x_wconf 83' lang='lat' dir='ltr'>Ecclesiae</span> <span class='ocrx_word' id='word_1_5' title='bbox 533 295 727 329; x_wconf 78' lang='lat' dir='ltr'>exaltatione</span> <span class='ocrx_word' id='word_1_6' title='bbox 744 293 812 337; x_wconf 89' lang='lat' dir='ltr'>pias</span> <span class='ocrx_word' id='word_1_7' title='bbox 830 293 868 327; x_wconf 89' lang='lat' dir='ltr'>ad</span> <span class='ocrx_word' id='word_1_8' title='bbox 889 293 986 326; x_wconf 88' lang='lat' dir='ltr'>Deum</span> <span class='ocrx_word' id='word_1_9' title='bbox 1011 304 1079 337; x_wconf 83' lang='lat' dir='ltr'>pre-</span> 
     </span>
     <span class='ocr_line' id='line_1_3' title="bbox 345 347 1079 390; baseline -0.007 -7"><span class='ocrx_word' id='word_1_10' title='bbox 345 359 398 383; x_wconf 88' lang='lat' dir='ltr'>ces</span> <span class='ocrx_word' id='word_1_11' title='bbox 422 348 614 388; x_wconf 87' lang='lat' dir='ltr'>ess&#39;uderint,</span> <span class='ocrx_word' id='word_1_12' title='bbox 642 347 788 380; x_wconf 86' lang='lat' dir='ltr'>eamdem</span> <span class='ocrx_word' id='word_1_13' title='bbox 813 347 990 390; x_wconf 74' lang='lat' dir='ltr'>plenariam</span> <span class='ocrx_word' id='word_1_14' title='bbox 1014 356 1079 379; x_wconf 90' lang='lat' dir='ltr'>om-</span> 
     </span>
     <span class='ocr_line' id='line_1_4' title="bbox 345 399 1079 445; baseline -0.005 -10"><span class='ocrx_word' id='word_1_15' title='bbox 345 402 434 435; x_wconf 90' lang='lat' dir='ltr'>nium</span> <span class='ocrx_word' id='word_1_16' title='bbox 450 406 656 445; x_wconf 90' lang='lat' dir='ltr'>peccatorum</span> <span class='ocrx_word' id='word_1_17' title='bbox 675 399 910 442; x_wconf 78' lang='lat' dir='ltr'>indulgentiam</span> <span class='ocrx_word' id='word_1_18' title='bbox 925 405 956 432; x_wconf 91' lang='lat' dir='ltr'>ct</span> <span class='ocrx_word' id='word_1_19' title='bbox 969 399 1079 432; x_wconf 90' lang='lat' dir='ltr'>remis-</span> 
     </span>
     <span class='ocr_line' id='line_1_5' title="bbox 346 452 1080 497; baseline -0.005 -9"><span class='ocrx_word' id='word_1_20' title='bbox 346 456 490 494; x_wconf 82' lang='lat' dir='ltr'>sionem,</span> <span class='ocrx_word' id='word_1_21' title='bbox 515 464 610 497; x_wconf 89' lang='lat' dir='ltr'>quam</span> <span class='ocrx_word' id='word_1_22' title='bbox 643 452 760 486; x_wconf 82' lang='lat' dir='ltr'>Paulus</span> <span class='ocrx_word' id='word_1_23' title='bbox 793 452 815 484; x_wconf 91' lang='lat' dir='ltr'>V</span> <span class='ocrx_word' id='word_1_24' title='bbox 846 452 1080 495; x_wconf 83' lang='lat' dir='ltr'>praedecessor</span> 
     </span>
    </p>
   </div>
   <div class='ocr_carea' id='block_1_2' title="bbox 972 245 1225 270">
    <p class='ocr_par' dir='ltr' id='par_1_2' title="bbox 972 245 1225 270">
     <span class='ocr_line' id='line_1_6' title="bbox 972 245 1225 270; baseline 0 -1"><span class='ocrx_word' id='word_1_25' title='bbox 972 245 1113 270; x_wconf 71' lang='lat' dir='ltr'>CLEMENS</span> <span class='ocrx_word' id='word_1_26' title='bbox 1135 246 1152 268; x_wconf 71' lang='lat' dir='ltr'>X</span> <span class='ocrx_word' id='word_1_27' title='bbox 1178 246 1225 269; x_wconf 68' lang='lat'>1³1⁵.</span> 
     </span>
    </p>
   </div>
   <div class='ocr_carea' id='block_1_3' title="bbox 1120 236 2050 496">
    <p class='ocr_par' dir='ltr' id='par_1_3' title="bbox 1120 236 2048 442">
     <span class='ocr_line' id='line_1_7' title="bbox 1754 236 2048 271; baseline 0.007 -2"><span class='ocrx_word' id='word_1_28' title='bbox 1754 236 1817 270; x_wconf 71' lang='lat'>407</span> <span class='ocrx_word' id='word_1_29' title='bbox 1862 245 1958 271; x_wconf 73' lang='lat' dir='ltr'>Anc.</span> <span class='ocrx_word' id='word_1_30' title='bbox 1983 244 2048 271; x_wconf 77' lang='lat'><strong>¹67³</strong></span> 
     </span>
     <span class='ocr_line' id='line_1_8' title="bbox 1123 292 1858 337; baseline 0 -12"><span class='ocrx_word' id='word_1_31' title='bbox 1123 293 1212 326; x_wconf 82' lang='lat' dir='ltr'>Pauli</span> <span class='ocrx_word' id='word_1_32' title='bbox 1229 293 1488 337; x_wconf 77' lang='lat' dir='ltr'>praedecessoris</span> <span class='ocrx_word' id='word_1_33' title='bbox 1509 292 1689 327; x_wconf 85' lang='lat' dir='ltr'>litterarum</span> <span class='ocrx_word' id='word_1_34' title='bbox 1706 293 1809 327; x_wconf 74' lang='lat' dir='ltr'>forma</span> <span class='ocrx_word' id='word_1_35' title='bbox 1826 299 1858 326; x_wconf 91' lang='lat' dir='ltr'>et</span> 
     </span>
     <span class='ocr_line' id='line_1_9' title="bbox 1122 346 1857 389; baseline -0.001 -10"><span class='ocrx_word' id='word_1_36' title='bbox 1122 347 1341 389; x_wconf 70' lang='lat' dir='ltr'>dispositione,</span> <span class='ocrx_word' id='word_1_37' title='bbox 1352 347 1533 388; x_wconf 81' lang='lat' dir='ltr'>instituere,</span> <span class='ocrx_word' id='word_1_38' title='bbox 1543 352 1575 379; x_wconf 91' lang='lat' dir='ltr'>et</span> <span class='ocrx_word' id='word_1_39' title='bbox 1585 347 1690 380; x_wconf 90' lang='lat' dir='ltr'>nullus</span> <span class='ocrx_word' id='word_1_40' title='bbox 1703 346 1783 380; x_wconf 88' lang='lat' dir='ltr'>alius</span> <span class='ocrx_word' id='word_1_41' title='bbox 1797 347 1857 379; x_wconf 88' lang='lat' dir='ltr'>sub</span> 
     </span>
     <span class='ocr_line' id='line_1_10' title="bbox 1120 399 1417 442; baseline 0 -10"><span class='ocrx_word' id='word_1_42' title='bbox 1120 402 1226 442; x_wconf 76' lang='lat' dir='ltr'>poena</span> <span class='ocrx_word' id='word_1_43' title='bbox 1250 399 1417 433; x_wconf 88' lang='lat' dir='ltr'>nullitatis.</span> 
     </span>
    </p>

    <p class='ocr_par' dir='ltr' id='par_1_4' title="bbox 1165 449 2050 496">
     <span class='ocr_line' id='line_1_11' title="bbox 1165 449 2050 496; baseline -0.002 -11"><span class='ocrx_word' id='word_1_44' title='bbox 1165 451 1234 493; x_wconf 59' lang='lat'>58.</span> <span class='ocrx_word' id='word_1_45' title='bbox 1262 452 1396 496; x_wconf 83' lang='lat' dir='ltr'>Insuper</span> <span class='ocrx_word' id='word_1_46' title='bbox 1428 453 1466 485; x_wconf 90' lang='lat' dir='ltr'>ad</span> <span class='ocrx_word' id='word_1_47' title='bbox 1499 452 1679 495; x_wconf 80' lang='lat' dir='ltr'>augendam</span> <span class='ocrx_word' id='word_1_48' title='bbox 1712 450 1855 484; x_wconf 84' lang='lat' dir='ltr'>fidelium</span> <span class='ocrx_word' id='word_1_49' title='bbox 1901 449 1959 470; x_wconf 61' lang='lat'>*¹³³⁸</span> <span class='ocrx_word' id='word_1_50' title='bbox 1983 450 2050 470; x_wconf 54' lang='grc' dir='ltr'>ΜΝ·</span> 
     </span>
    </p>
   </div>
   <div class='ocr_carea' id='block_1_4' title="bbox 1866 479 1957 501">
    <p class='ocr_par' dir='ltr' id='par_1_5' title="bbox 1866 479 1957 501">
     <span class='ocr_line' id='line_1_12' title="bbox 1866 479 1957 501; baseline 0 -5"><span class='ocrx_word' id='word_1_51' title='bbox 1866 479 1957 501; x_wconf 62' lang='lat' dir='ltr'>“entia-³.</span> 
     </span>
    </p>
   </div>
   <div class='ocr_carea' id='block_1_5' title="bbox 346 504 1858 550">
    <p class='ocr_par' dir='ltr' id='par_1_6' title="bbox 346 504 1858 550">
     <span class='ocr_line' id='line_1_13' title="bbox 346 504 1858 550; baseline -0.002 -10"><span class='ocrx_word' id='word_1_52' title='bbox 346 507 409 541; x_wconf 92' lang='lat' dir='ltr'>illis</span> <span class='ocrx_word' id='word_1_53' title='bbox 442 506 495 550; x_wconf 92' lang='lat' dir='ltr'>qui</span> <span class='ocrx_word' id='word_1_54' title='bbox 527 505 728 550; x_wconf 80' lang='lat' dir='ltr'>processioni</span> <span class='ocrx_word' id='word_1_55' title='bbox 763 504 950 538; x_wconf 86' lang='lat' dir='ltr'>huiusmodi</span> <span class='ocrx_word' id='word_1_56' title='bbox 981 505 1081 536; x_wconf 89' lang='lat' dir='ltr'>inter·</span> <span class='ocrx_word' id='word_1_57' title='bbox 1114 504 1311 547; x_wconf 57' lang='lat' dir='ltr'>religionem</span> <span class='ocrx_word' id='word_1_58' title='bbox 1343 511 1376 538; x_wconf 89' lang='lat' dir='ltr'>et</span> <span class='ocrx_word' id='word_1_59' title='bbox 1407 505 1585 538; x_wconf 85' lang='lat' dir='ltr'>animarum</span> <span class='ocrx_word' id='word_1_60' title='bbox 1619 506 1755 537; x_wconf 89' lang='lat' dir='ltr'>salutem</span> <span class='ocrx_word' id='word_1_61' title='bbox 1785 515 1858 537; x_wconf 86' lang='lat' dir='ltr'>cae-</span> 
     </span>
    </p>
   </div>
   <div class='ocr_carea' id='block_1_6' title="bbox 155 558 1088 2452">
    <p class='ocr_par' dir='ltr' id='par_1_7' title="bbox 345 558 1086 1762">
     <span class='ocr_line' id='line_1_14' title="bbox 345 558 1080 601; baseline -0.007 -9"><span class='ocrx_word' id='word_1_62' title='bbox 345 566 418 593; x_wconf 88' lang='lat' dir='ltr'>sunt</span> <span class='ocrx_word' id='word_1_63' title='bbox 442 559 615 598; x_wconf 76' lang='lat' dir='ltr'>concessit,</span> <span class='ocrx_word' id='word_1_64' title='bbox 637 558 855 601; x_wconf 87' lang='lat' dir='ltr'>pariformiter</span> <span class='ocrx_word' id='word_1_65' title='bbox 879 566 1080 600; x_wconf 87' lang='lat' dir='ltr'>consequan-</span> 
     </span>
     <span class='ocr_line' id='line_1_15' title="bbox 347 610 1082 653; baseline -0.007 -8"><span class='ocrx_word' id='word_1_66' title='bbox 347 618 411 653; x_wconf 89' lang='lat' dir='ltr'>tur·,</span> <span class='ocrx_word' id='word_1_67' title='bbox 429 618 460 645; x_wconf 94' lang='lat' dir='ltr'>et</span> <span class='ocrx_word' id='word_1_68' title='bbox 476 611 623 644; x_wconf 89' lang='lat' dir='ltr'>similiter</span> <span class='ocrx_word' id='word_1_69' title='bbox 646 610 773 650; x_wconf 87' lang='lat' dir='ltr'>infirmi,</span> <span class='ocrx_word' id='word_1_70' title='bbox 793 610 908 653; x_wconf 88' lang='lat' dir='ltr'>captivi</span> <span class='ocrx_word' id='word_1_71' title='bbox 934 615 966 642; x_wconf 87' lang='lat' dir='ltr'>et</span> <span class='ocrx_word' id='word_1_72' title='bbox 988 619 1082 652; x_wconf 90' lang='lat' dir='ltr'>pere-</span> 
     </span>
     <span class='ocr_line' id='line_1_16' title="bbox 345 661 1082 708; baseline -0.007 -10"><span class='ocrx_word' id='word_1_73' title='bbox 345 666 519 708; x_wconf 82' lang='lat' dir='ltr'>grinantes,</span> <span class='ocrx_word' id='word_1_74' title='bbox 539 664 593 707; x_wconf 88' lang='lat' dir='ltr'>qui</span> <span class='ocrx_word' id='word_1_75' title='bbox 611 664 774 707; x_wconf 76' lang='lat' dir='ltr'>cappellus</span> <span class='ocrx_word' id='word_1_76' title='bbox 799 662 984 695; x_wconf 91' lang='lat' dir='ltr'>huiusmodi</span> <span class='ocrx_word' id='word_1_77' title='bbox 999 661 1082 694; x_wconf 76' lang='lat' dir='ltr'>dicta</span> 
     </span>
     <span class='ocr_line' id='line_1_17' title="bbox 345 714 1081 760; baseline -0.007 -9"><span class='ocrx_word' id='word_1_78' title='bbox 345 718 505 752; x_wconf 75' lang='lat' dir='ltr'>dominica</span> <span class='ocrx_word' id='word_1_79' title='bbox 520 717 647 750; x_wconf 88' lang='lat' dir='ltr'>visitare</span> <span class='ocrx_word' id='word_1_80' title='bbox 662 716 876 760; x_wconf 88' lang='lat' dir='ltr'>nequiverint,</span> <span class='ocrx_word' id='word_1_81' title='bbox 897 716 923 748; x_wconf 91' lang='lat' dir='ltr'>si</span> <span class='ocrx_word' id='word_1_82' title='bbox 940 714 1081 748; x_wconf 85' lang='lat' dir='ltr'>officium</span> 
     </span>
     <span class='ocr_line' id='line_1_18' title="bbox 345 767 1082 815; baseline -0.007 -12"><span class='ocrx_word' id='word_1_83' title='bbox 345 781 478 815; x_wconf 86' lang='lat' dir='ltr'>parvum</span> <span class='ocrx_word' id='word_1_84' title='bbox 496 771 531 802; x_wconf 87' lang='lat' dir='ltr'>B.</span> <span class='ocrx_word' id='word_1_85' title='bbox 548 769 665 802; x_wconf 85' lang='lat' dir='ltr'>Mariae</span> <span class='ocrx_word' id='word_1_86' title='bbox 684 768 833 811; x_wconf 78' lang='lat' dir='ltr'>Virginis,</span> <span class='ocrx_word' id='word_1_87' title='bbox 852 774 905 801; x_wconf 85' lang='lat' dir='ltr'>aut</span> <span class='ocrx_word' id='word_1_88' title='bbox 922 767 1082 811; x_wconf 89' lang='lat' dir='ltr'>quinqua-</span> 
     </span>
     <span class='ocr_line' id='line_1_19' title="bbox 345 818 1082 866; baseline -0.008 -10"><span class='ocrx_word' id='word_1_89' title='bbox 345 823 412 866; x_wconf 82' lang='lat' dir='ltr'>gies</span> <span class='ocrx_word' id='word_1_90' title='bbox 438 823 617 856; x_wconf 84' lang='lat' dir='ltr'>orationem</span> <span class='ocrx_word' id='word_1_91' title='bbox 643 820 838 854; x_wconf 81' lang='lat' dir='ltr'>dominicam</span> <span class='ocrx_word' id='word_1_92' title='bbox 863 825 894 852; x_wconf 91' lang='lat' dir='ltr'>et</span> <span class='ocrx_word' id='word_1_93' title='bbox 919 818 1082 852; x_wconf 86' lang='lat' dir='ltr'>salutatio-</span> 
     </span>
     <span class='ocr_line' id='line_1_20' title="bbox 345 873 1081 918; baseline -0.008 -9"><span class='ocrx_word' id='word_1_94' title='bbox 345 886 418 910; x_wconf 88' lang='lat' dir='ltr'>nem</span> <span class='ocrx_word' id='word_1_95' title='bbox 444 875 623 918; x_wconf 82' lang='lat' dir='ltr'>angelicam</span> <span class='ocrx_word' id='word_1_96' title='bbox 655 874 880 912; x_wconf 82' lang='lat' dir='ltr'>recitaverint,</span> <span class='ocrx_word' id='word_1_97' title='bbox 905 877 937 905; x_wconf 91' lang='lat' dir='ltr'>et</span> <span class='ocrx_word' id='word_1_98' title='bbox 967 873 1081 904; x_wconf 86' lang='lat' dir='ltr'>saltem</span> 
     </span>
     <span class='ocr_line' id='line_1_21' title="bbox 345 923 1082 968; baseline -0.008 -7"><span class='ocrx_word' id='word_1_99' title='bbox 345 928 474 961; x_wconf 86' lang='lat' dir='ltr'>contriti</span> <span class='ocrx_word' id='word_1_100' title='bbox 500 928 618 960; x_wconf 89' lang='lat' dir='ltr'>fuerint</span> <span class='ocrx_word' id='word_1_101' title='bbox 632 937 703 959; x_wconf 92' lang='lat' dir='ltr'>cum</span> <span class='ocrx_word' id='word_1_102' title='bbox 722 925 890 968; x_wconf 89' lang='lat' dir='ltr'>proposito</span> <span class='ocrx_word' id='word_1_103' title='bbox 907 923 1082 957; x_wconf 83' lang='lat' dir='ltr'>confitendi</span> 
     </span>
     <span class='ocr_line' id='line_1_22' title="bbox 345 976 1083 1019; baseline -0.011 -5"><span class='ocrx_word' id='word_1_104' title='bbox 345 986 377 1014; x_wconf 88' lang='lat' dir='ltr'>et</span> <span class='ocrx_word' id='word_1_105' title='bbox 387 991 511 1014; x_wconf 88' lang='lat' dir='ltr'>sacram</span> <span class='ocrx_word' id='word_1_106' title='bbox 522 978 779 1012; x_wconf 89' lang='lat' dir='ltr'>communionem</span> <span class='ocrx_word' id='word_1_107' title='bbox 790 976 967 1019; x_wconf 89' lang='lat' dir='ltr'>recipiendi</span> <span class='ocrx_word' id='word_1_108' title='bbox 978 986 1083 1019; x_wconf 86' lang='lat' dir='ltr'>quam-</span> 
     </span>
     <span class='ocr_line' id='line_1_23' title="bbox 346 1029 1083 1077; baseline -0.008 -11"><span class='ocrx_word' id='word_1_109' title='bbox 346 1034 485 1077; x_wconf 88' lang='lat' dir='ltr'>primum</span> <span class='ocrx_word' id='word_1_110' title='bbox 503 1031 678 1075; x_wconf 88' lang='lat' dir='ltr'>potuerint,</span> <span class='ocrx_word' id='word_1_111' title='bbox 700 1031 788 1073; x_wconf 93' lang='lat' dir='ltr'>quod</span> <span class='ocrx_word' id='word_1_112' title='bbox 812 1029 992 1072; x_wconf 91' lang='lat' dir='ltr'>adimplere</span> <span class='ocrx_word' id='word_1_113' title='bbox 1017 1038 1083 1060; x_wconf 92' lang='lat' dir='ltr'>om-</span> 
     </span>
     <span class='ocr_line' id='line_1_24' title="bbox 346 1084 1084 1126; baseline -0.008 -7"><span class='ocrx_word' id='word_1_114' title='bbox 346 1086 423 1119; x_wconf 90' lang='lat' dir='ltr'>nino</span> <span class='ocrx_word' id='word_1_115' title='bbox 447 1090 640 1123; x_wconf 71' lang='lat' dir='ltr'>teneantur,</span> <span class='ocrx_word' id='word_1_116' title='bbox 668 1084 782 1116; x_wconf 81' lang='lat' dir='ltr'>fratres</span> <span class='ocrx_word' id='word_1_117' title='bbox 807 1092 936 1126; x_wconf 89' lang='lat' dir='ltr'>quoque</span> <span class='ocrx_word' id='word_1_118' title='bbox 962 1086 994 1114; x_wconf 86' lang='lat' dir='ltr'>et</span> <span class='ocrx_word' id='word_1_119' title='bbox 1016 1091 1084 1113; x_wconf 89' lang='lat' dir='ltr'>mo-</span> 
     </span>
     <span class='ocr_line' id='line_1_25' title="bbox 345 1134 1082 1179; baseline -0.008 -8"><span class='ocrx_word' id='word_1_120' title='bbox 345 1139 449 1171; x_wconf 86' lang='lat' dir='ltr'>niales</span> <span class='ocrx_word' id='word_1_121' title='bbox 473 1137 601 1170; x_wconf 88' lang='lat' dir='ltr'>Ordinis</span> <span class='ocrx_word' id='word_1_122' title='bbox 628 1136 760 1179; x_wconf 86' lang='lat' dir='ltr'>praefati</span> <span class='ocrx_word' id='word_1_123' title='bbox 787 1138 1024 1168; x_wconf 85' lang='lat' dir='ltr'>commorantes</span> <span class='ocrx_word' id='word_1_124' title='bbox 1049 1134 1082 1165; x_wconf 91' lang='lat' dir='ltr'>in</span> 
     </span>
     <span class='ocr_line' id='line_1_26' title="bbox 345 1189 1083 1232; baseline -0.005 -9"><span class='ocrx_word' id='word_1_125' title='bbox 345 1190 577 1230; x_wconf 88' lang='lat' dir='ltr'>conventibus,</span> <span class='ocrx_word' id='word_1_126' title='bbox 603 1189 634 1222; x_wconf 93' lang='lat' dir='ltr'>in</span> <span class='ocrx_word' id='word_1_127' title='bbox 666 1189 782 1232; x_wconf 88' lang='lat' dir='ltr'>quibus</span> <span class='ocrx_word' id='word_1_128' title='bbox 812 1198 876 1221; x_wconf 91' lang='lat' dir='ltr'>non</span> <span class='ocrx_word' id='word_1_129' title='bbox 905 1193 953 1220; x_wconf 90' lang='lat' dir='ltr'>est</span> <span class='ocrx_word' id='word_1_130' title='bbox 976 1192 1083 1220; x_wconf 90' lang='lat' dir='ltr'>erecta</span> 
     </span>
     <span class='ocr_line' id='line_1_27' title="bbox 346 1241 1082 1285; baseline -0.007 -8"><span class='ocrx_word' id='word_1_131' title='bbox 346 1243 594 1278; x_wconf 80' lang='lat' dir='ltr'>confraternitas</span> <span class='ocrx_word' id='word_1_132' title='bbox 631 1242 662 1275; x_wconf 82' lang='lat' dir='ltr'>S.</span> <span class='ocrx_word' id='word_1_133' title='bbox 698 1241 904 1285; x_wconf 88' lang='lat' dir='ltr'>Scapularis,</span> <span class='ocrx_word' id='word_1_134' title='bbox 937 1241 987 1274; x_wconf 85' lang='lat' dir='ltr'>vel</span> <span class='ocrx_word' id='word_1_135' title='bbox 1017 1250 1082 1272; x_wconf 91' lang='lat' dir='ltr'>non</span> 
     </span>
     <span class='ocr_line' id='line_1_28' title="bbox 346 1292 1084 1341; baseline -0.007 -12"><span class='ocrx_word' id='word_1_136' title='bbox 346 1297 381 1330; x_wconf 84' lang='lat' dir='ltr'>fit</span> <span class='ocrx_word' id='word_1_137' title='bbox 404 1296 573 1341; x_wconf 86' lang='lat' dir='ltr'>processio</span> <span class='ocrx_word' id='word_1_138' title='bbox 599 1295 797 1336; x_wconf 89' lang='lat' dir='ltr'>huiusmodi,</span> <span class='ocrx_word' id='word_1_139' title='bbox 819 1294 845 1327; x_wconf 92' lang='lat' dir='ltr'>si</span> <span class='ocrx_word' id='word_1_140' title='bbox 866 1294 993 1327; x_wconf 90' lang='lat' dir='ltr'>litanias</span> <span class='ocrx_word' id='word_1_141' title='bbox 1013 1292 1084 1325; x_wconf 93' lang='lat' dir='ltr'>Om-</span> 
     </span>
     <span class='ocr_line' id='line_1_29' title="bbox 347 1346 1083 1389; baseline -0.004 -7"><span class='ocrx_word' id='word_1_142' title='bbox 347 1349 435 1383; x_wconf 88' lang='lat' dir='ltr'>nium</span> <span class='ocrx_word' id='word_1_143' title='bbox 459 1348 650 1382; x_wconf 86' lang='lat' dir='ltr'>Sanctorum</span> <span class='ocrx_word' id='word_1_144' title='bbox 676 1348 708 1380; x_wconf 91' lang='lat' dir='ltr'>in</span> <span class='ocrx_word' id='word_1_145' title='bbox 735 1348 848 1387; x_wconf 89' lang='lat' dir='ltr'>choro,</span> <span class='ocrx_word' id='word_1_146' title='bbox 865 1348 913 1380; x_wconf 93' lang='lat' dir='ltr'>vel</span> <span class='ocrx_word' id='word_1_147' title='bbox 939 1346 1083 1389; x_wconf 81' lang='lat' dir='ltr'>privatim</span> 
     </span>
     <span class='ocr_line' id='line_1_30' title="bbox 347 1399 1084 1444; baseline -0.004 -10"><span class='ocrx_word' id='word_1_148' title='bbox 347 1401 373 1434; x_wconf 86' lang='lat' dir='ltr'>si</span> <span class='ocrx_word' id='word_1_149' title='bbox 398 1401 540 1444; x_wconf 84' lang='lat' dir='ltr'>legitime</span> <span class='ocrx_word' id='word_1_150' title='bbox 566 1400 712 1443; x_wconf 93' lang='lat' dir='ltr'>impediti</span> <span class='ocrx_word' id='word_1_151' title='bbox 732 1410 796 1432; x_wconf 93' lang='lat' dir='ltr'>non</span> <span class='ocrx_word' id='word_1_152' title='bbox 821 1399 984 1443; x_wconf 87' lang='lat' dir='ltr'>potuerint</span> <span class='ocrx_word' id='word_1_153' title='bbox 1004 1399 1084 1431; x_wconf 92' lang='lat' dir='ltr'>inte-</span> 
     </span>
     <span class='ocr_line' id='line_1_31' title="bbox 348 1452 1085 1493; baseline -0.004 -6"><span class='ocrx_word' id='word_1_154' title='bbox 348 1464 434 1487; x_wconf 87' lang='lat' dir='ltr'>resse</span> <span class='ocrx_word' id='word_1_155' title='bbox 460 1454 572 1493; x_wconf 78' lang='lat' dir='ltr'>chom,</span> <span class='ocrx_word' id='word_1_156' title='bbox 592 1453 705 1486; x_wconf 90' lang='lat' dir='ltr'>devote</span> <span class='ocrx_word' id='word_1_157' title='bbox 725 1452 940 1493; x_wconf 82' lang='lat' dir='ltr'>recitaverint,</span> <span class='ocrx_word' id='word_1_158' title='bbox 964 1457 1085 1485; x_wconf 89' lang='lat' dir='ltr'>cetera-</span> 
     </span>
     <span class='ocr_line' id='line_1_32' title="bbox 348 1506 1085 1551; baseline -0.004 -11"><span class='ocrx_word' id='word_1_159' title='bbox 348 1518 410 1551; x_wconf 90' lang='lat' dir='ltr'>que</span> <span class='ocrx_word' id='word_1_160' title='bbox 436 1507 470 1539; x_wconf 93' lang='lat' dir='ltr'>in</span> <span class='ocrx_word' id='word_1_161' title='bbox 487 1506 604 1540; x_wconf 85' lang='lat' dir='ltr'>litteris</span> <span class='ocrx_word' id='word_1_162' title='bbox 625 1506 761 1549; x_wconf 82' lang='lat' dir='ltr'>praefati</span> <span class='ocrx_word' id='word_1_163' title='bbox 778 1506 869 1538; x_wconf 86' lang='lat' dir='ltr'>Pauli</span> <span class='ocrx_word' id='word_1_164' title='bbox 894 1506 1085 1548; x_wconf 83' lang='lat' dir='ltr'>praedeces-</span> 
     </span>
     <span class='ocr_line' id='line_1_33' title="bbox 348 1559 1085 1604; baseline -0.005 -10"><span class='ocrx_word' id='word_1_165' title='bbox 348 1560 430 1594; x_wconf 87' lang='lat' dir='ltr'>soris</span> <span class='ocrx_word' id='word_1_166' title='bbox 456 1559 656 1604; x_wconf 87' lang='lat' dir='ltr'>praescripta</span> <span class='ocrx_word' id='word_1_167' title='bbox 680 1559 938 1602; x_wconf 86' lang='lat' dir='ltr'>adimpleverint,</span> <span class='ocrx_word' id='word_1_168' title='bbox 962 1559 1085 1601; x_wconf 83' lang='lat' dir='ltr'>praefa-</span> 
     </span>
     <span class='ocr_line' id='line_1_34' title="bbox 350 1613 1086 1658; baseline -0.005 -10"><span class='ocrx_word' id='word_1_169' title='bbox 350 1620 414 1648; x_wconf 88' lang='lat' dir='ltr'>tam</span> <span class='ocrx_word' id='word_1_170' title='bbox 437 1613 615 1658; x_wconf 81' lang='lat' dir='ltr'>plenariam</span> <span class='ocrx_word' id='word_1_171' title='bbox 640 1613 873 1656; x_wconf 77' lang='lat' dir='ltr'>indulgentiam</span> <span class='ocrx_word' id='word_1_172' title='bbox 890 1618 922 1645; x_wconf 91' lang='lat' dir='ltr'>et</span> <span class='ocrx_word' id='word_1_173' title='bbox 937 1616 1086 1655; x_wconf 86' lang='lat' dir='ltr'>peccato-</span> 
     </span>
     <span class='ocr_line' id='line_1_35' title="bbox 350 1667 1084 1708; baseline -0.005 -7"><span class='ocrx_word' id='word_1_174' title='bbox 350 1678 420 1701; x_wconf 90' lang='lat' dir='ltr'>rum</span> <span class='ocrx_word' id='word_1_175' title='bbox 451 1667 675 1700; x_wconf 88' lang='lat' dir='ltr'>remissionem</span> <span class='ocrx_word' id='word_1_176' title='bbox 706 1667 802 1698; x_wconf 85' lang='lat' dir='ltr'>etiam</span> <span class='ocrx_word' id='word_1_177' title='bbox 836 1671 1084 1708; x_wconf 80' lang='lat' dir='ltr'>consequantur,</span> 
     </span>
     <span class='ocr_line' id='line_1_36' title="bbox 350 1718 1086 1762; baseline -0.004 -8"><span class='ocrx_word' id='word_1_178' title='bbox 350 1721 540 1754; x_wconf 88' lang='lat' dir='ltr'>auctoritate</span> <span class='ocrx_word' id='word_1_179' title='bbox 566 1726 598 1753; x_wconf 88' lang='lat' dir='ltr'>et</span> <span class='ocrx_word' id='word_1_180' title='bbox 622 1725 733 1752; x_wconf 88' lang='lat' dir='ltr'>tenore</span> <span class='ocrx_word' id='word_1_181' title='bbox 759 1719 919 1762; x_wconf 82' lang='lat' dir='ltr'>praefatis,</span> <span class='ocrx_word' id='word_1_182' title='bbox 938 1718 1086 1752; x_wconf 84' lang='lat' dir='ltr'>concedi-</span> 
     </span>
    </p>

    <p class='ocr_par' dir='ltr' id='par_1_8' title="bbox 155 1773 1088 2452">
     <span class='ocr_line' id='line_1_37' title="bbox 351 1773 742 1816; baseline -0.008 -9"><span class='ocrx_word' id='word_1_183' title='bbox 351 1785 421 1807; x_wconf 90' lang='lat' dir='ltr'>mus</span> <span class='ocrx_word' id='word_1_184' title='bbox 469 1780 501 1807; x_wconf 86' lang='lat' dir='ltr'>et</span> <span class='ocrx_word' id='word_1_185' title='bbox 525 1773 742 1816; x_wconf 81' lang='lat' dir='ltr'>indulgemus.</span> 
     </span>
     <span class='ocr_line' id='line_1_38' title="bbox 169 1825 1081 1871; baseline -0.004 -10"><span class='ocrx_word' id='word_1_186' title='bbox 169 1835 339 1856; x_wconf 65' lang='lat' dir='ltr'>hennum-‹-</span> <span class='ocrx_word' id='word_1_187' title='bbox 394 1827 409 1871; x_wconf 65' lang='grc' dir='ltr'><strong>ἓ</strong></span> <span class='ocrx_word' id='word_1_188' title='bbox 441 1827 472 1860; x_wconf 87' lang='grc'>6.</span> <span class='ocrx_word' id='word_1_189' title='bbox 507 1827 608 1859; x_wconf 83' lang='lat' dir='ltr'>Porro</span> <span class='ocrx_word' id='word_1_190' title='bbox 645 1826 759 1858; x_wconf 78' lang='lat' dir='ltr'>festum</span> <span class='ocrx_word' id='word_1_191' title='bbox 791 1825 969 1868; x_wconf 84' lang='lat' dir='ltr'>principale</span> <span class='ocrx_word' id='word_1_192' title='bbox 1005 1835 1081 1858; x_wconf 89' lang='lat' dir='ltr'>con-</span> 
     </span>
     <span class='ocr_line' id='line_1_39' title="bbox 155 1861 1085 1935; baseline -0.004 -21"><span class='ocrx_word' id='word_1_193' title='bbox 155 1861 340 1935; x_wconf 45' lang='grc' dir='ltr'>Ξτὲξῗῗιὲἒὲεζῗιέῖ</span> <span class='ocrx_word' id='word_1_194' title='bbox 352 1879 587 1913; x_wconf 81' lang='lat' dir='ltr'>fraternitatum</span> <span class='ocrx_word' id='word_1_195' title='bbox 612 1878 643 1911; x_wconf 85' lang='lat' dir='ltr'>S.</span> <span class='ocrx_word' id='word_1_196' title='bbox 671 1878 852 1921; x_wconf 85' lang='lat' dir='ltr'>Scapularis</span> <span class='ocrx_word' id='word_1_197' title='bbox 881 1878 1085 1919; x_wconf 83' lang='lat' dir='ltr'>huiusmodi,</span> 
     </span>
     <span class='ocr_line' id='line_1_40' title="bbox 155 1930 1088 1974; baseline -0.003 -8"><span class='ocrx_word' id='word_1_198' title='bbox 155 1940 236 1961; x_wconf 62' lang='lat' dir='ltr'>uiuus.</span> <span class='ocrx_word' id='word_1_199' title='bbox 350 1933 438 1965; x_wconf 87' lang='lat' dir='ltr'>iuxta</span> <span class='ocrx_word' id='word_1_200' title='bbox 462 1932 622 1965; x_wconf 88' lang='lat' dir='ltr'>indultum</span> <span class='ocrx_word' id='word_1_201' title='bbox 655 1930 694 1963; x_wconf 88' lang='lat' dir='ltr'>ab</span> <span class='ocrx_word' id='word_1_202' title='bbox 725 1931 840 1963; x_wconf 89' lang='lat' dir='ltr'>eodem</span> <span class='ocrx_word' id='word_1_203' title='bbox 865 1931 964 1964; x_wconf 85' lang='lat' dir='ltr'>Paulo</span> <span class='ocrx_word' id='word_1_204' title='bbox 995 1942 1088 1974; x_wconf 88' lang='lat' dir='ltr'>prae-</span> 
     </span>
     <span class='ocr_line' id='line_1_41' title="bbox 352 1984 1086 2023; baseline -0.001 -5"><span class='ocrx_word' id='word_1_205' title='bbox 352 1986 536 2019; x_wconf 89' lang='lat' dir='ltr'>decessorre</span> <span class='ocrx_word' id='word_1_206' title='bbox 572 1994 785 2023; x_wconf 84' lang='lat' dir='ltr'>concessum,</span> <span class='ocrx_word' id='word_1_207' title='bbox 813 1984 863 2017; x_wconf 92' lang='lat' dir='ltr'>die</span> <span class='ocrx_word' id='word_1_208' title='bbox 887 1994 937 2017; x_wconf 79' lang='lat' dir='ltr'>xv1</span> <span class='ocrx_word' id='word_1_209' title='bbox 968 1985 1086 2017; x_wconf 86' lang='lat' dir='ltr'>mensis</span> 
     </span>
     <span class='ocr_line' id='line_1_42' title="bbox 351 2037 1085 2080; baseline -0.001 -9"><span class='ocrx_word' id='word_1_210' title='bbox 351 2038 419 2072; x_wconf 89' lang='lat' dir='ltr'>iulii</span> <span class='ocrx_word' id='word_1_211' title='bbox 451 2039 501 2071; x_wconf 88' lang='lat' dir='ltr'>vel</span> <span class='ocrx_word' id='word_1_212' title='bbox 527 2037 688 2070; x_wconf 79' lang='lat' dir='ltr'>dominica</span> <span class='ocrx_word' id='word_1_213' title='bbox 723 2037 907 2070; x_wconf 78' lang='lat' dir='ltr'>immediate</span> <span class='ocrx_word' id='word_1_214' title='bbox 941 2039 1085 2080; x_wconf 82' lang='lat' dir='ltr'>sequenti</span> 
     </span>
     <span class='ocr_line' id='line_1_43' title="bbox 351 2090 1087 2135; baseline 0 -12"><span class='ocrx_word' id='word_1_215' title='bbox 351 2091 522 2135; x_wconf 82' lang='lat' dir='ltr'>quotannis</span> <span class='ocrx_word' id='word_1_216' title='bbox 537 2090 695 2123; x_wconf 82' lang='lat' dir='ltr'>celebrari</span> <span class='ocrx_word' id='word_1_217' title='bbox 715 2090 855 2129; x_wconf 83' lang='lat' dir='ltr'>solitum,</span> <span class='ocrx_word' id='word_1_218' title='bbox 876 2090 916 2122; x_wconf 90' lang='lat' dir='ltr'>ob</span> <span class='ocrx_word' id='word_1_219' title='bbox 934 2091 1087 2123; x_wconf 81' lang='lat' dir='ltr'>maiorem</span> 
     </span>
     <span class='ocr_line' id='line_1_44' title="bbox 350 2143 1087 2177; baseline -0.003 0"><span class='ocrx_word' id='word_1_220' title='bbox 350 2144 557 2177; x_wconf 85' lang='lat' dir='ltr'>devotionem</span> <span class='ocrx_word' id='word_1_221' title='bbox 583 2144 632 2176; x_wconf 85' lang='lat' dir='ltr'>vel</span> <span class='ocrx_word' id='word_1_222' title='bbox 649 2143 912 2176; x_wconf 77' lang='lat' dir='ltr'>commoditatem</span> <span class='ocrx_word' id='word_1_223' title='bbox 937 2143 1087 2176; x_wconf 82' lang='lat' dir='ltr'>christifi-</span> 
     </span>
     <span class='ocr_line' id='line_1_45' title="bbox 350 2196 1085 2239; baseline -0.001 -10"><span class='ocrx_word' id='word_1_224' title='bbox 350 2196 479 2235; x_wconf 87' lang='lat' dir='ltr'>delium,</span> <span class='ocrx_word' id='word_1_225' title='bbox 502 2202 554 2228; x_wconf 87' lang='lat' dir='ltr'>aut</span> <span class='ocrx_word' id='word_1_226' title='bbox 572 2196 700 2239; x_wconf 84' lang='lat' dir='ltr'>quando</span> <span class='ocrx_word' id='word_1_227' title='bbox 727 2196 839 2228; x_wconf 73' lang='lat' dir='ltr'>eadem</span> <span class='ocrx_word' id='word_1_228' title='bbox 863 2196 913 2229; x_wconf 89' lang='lat' dir='ltr'>die</span> <span class='ocrx_word' id='word_1_229' title='bbox 939 2202 1085 2229; x_wconf 76' lang='lat' dir='ltr'>occurret</span> 
     </span>
     <span class='ocr_line' id='line_1_46' title="bbox 351 2248 1085 2288; baseline 0.003 -8"><span class='ocrx_word' id='word_1_230' title='bbox 351 2248 428 2281; x_wconf 87' lang='lat' dir='ltr'>alias</span> <span class='ocrx_word' id='word_1_231' title='bbox 460 2249 669 2288; x_wconf 87' lang='lat' dir='ltr'>solemnitas,</span> <span class='ocrx_word' id='word_1_232' title='bbox 701 2249 733 2280; x_wconf 94' lang='lat' dir='ltr'>in</span> <span class='ocrx_word' id='word_1_233' title='bbox 765 2249 859 2281; x_wconf 79' lang='lat' dir='ltr'>aliam</span> <span class='ocrx_word' id='word_1_234' title='bbox 893 2250 1085 2282; x_wconf 79' lang='lat' dir='ltr'>dominicam</span> 
     </span>
     <span class='ocr_line' id='line_1_47' title="bbox 353 2302 1084 2345; baseline 0.003 -11"><span class='ocrx_word' id='word_1_235' title='bbox 353 2302 497 2335; x_wconf 85' lang='lat' dir='ltr'>eiusdem</span> <span class='ocrx_word' id='word_1_236' title='bbox 514 2302 633 2334; x_wconf 84' lang='lat' dir='ltr'>mensis</span> <span class='ocrx_word' id='word_1_237' title='bbox 660 2302 828 2334; x_wconf 75' lang='lat' dir='ltr'>transferri</span> <span class='ocrx_word' id='word_1_238' title='bbox 854 2302 1084 2345; x_wconf 81' lang='lat' dir='ltr'>permittimus.</span> 
     </span>
     <span class='ocr_line' id='line_1_48' title="bbox 184 2354 1087 2408; baseline 0.004 -23"><span class='ocrx_word' id='word_1_239' title='bbox 184 2361 228 2407; x_wconf 57' lang='lat' dir='ltr'>§oti</span> <span class='ocrx_word' id='word_1_240' title='bbox 247 2360 343 2408; x_wconf 29' lang='lat' dir='ltr'>2:333?AE</span> <span class='ocrx_word' id='word_1_241' title='bbox 397 2355 412 2397; x_wconf 63' lang='lat' dir='ltr'>g</span> <span class='ocrx_word' id='word_1_242' title='bbox 437 2355 467 2387; x_wconf 91' lang='lat'>7.</span> <span class='ocrx_word' id='word_1_243' title='bbox 487 2354 551 2387; x_wconf 81' lang='lat' dir='ltr'>Soti</span> <span class='ocrx_word' id='word_1_244' title='bbox 578 2360 683 2387; x_wconf 87' lang='lat' dir='ltr'>autem</span> <span class='ocrx_word' id='word_1_245' title='bbox 708 2355 891 2398; x_wconf 78' lang='lat' dir='ltr'>superiores</span> <span class='ocrx_word' id='word_1_246' title='bbox 918 2357 1087 2398; x_wconf 79' lang='lat' dir='ltr'>generales</span> 
     </span>
     <span class='ocr_line' id='line_1_49' title="bbox 158 2394 1088 2452; baseline 0 -10"><span class='ocrx_word' id='word_1_247' title='bbox 158 2394 270 2443; x_wconf 19' lang='lat' dir='ltr'>iilvztiie*</span> <span class='ocrx_word' id='word_1_248' title='bbox 294 2400 333 2440; x_wconf 74' lang='lat' dir='ltr'>ciuo</span> <span class='ocrx_word' id='word_1_249' title='bbox 356 2407 431 2441; x_wconf 90' lang='lat' dir='ltr'>dicti</span> <span class='ocrx_word' id='word_1_250' title='bbox 452 2407 579 2440; x_wconf 85' lang='lat' dir='ltr'>Ordinis</span> <span class='ocrx_word' id='word_1_251' title='bbox 602 2407 729 2450; x_wconf 86' lang='lat' dir='ltr'>possint</span> <span class='ocrx_word' id='word_1_252' title='bbox 751 2413 841 2441; x_wconf 80' lang='lat' dir='ltr'>extra</span> <span class='ocrx_word' id='word_1_253' title='bbox 862 2408 977 2441; x_wconf 79' lang='lat' dir='ltr'>Urbem</span> <span class='ocrx_word' id='word_1_254' title='bbox 996 2420 1088 2452; x_wconf 87' lang='lat' dir='ltr'>prae-</span> 
     </span>
    </p>
   </div>
   <div class='ocr_carea' id='block_1_7' title="bbox 158 2442 343 2466">
    <p class='ocr_par' dir='ltr' id='par_1_9' title="bbox 158 2442 343 2466">
     <span class='ocr_line' id='line_1_50' title="bbox 158 2442 343 2466; baseline -0.016 -4"><span class='ocrx_word' id='word_1_255' title='bbox 158 2442 186 2462; x_wconf 76' lang='lat' dir='ltr'>ad</span> <span class='ocrx_word' id='word_1_256' title='bbox 197 2442 250 2461; x_wconf 79' lang='lat' dir='ltr'>alios</span> <span class='ocrx_word' id='word_1_257' title='bbox 267 2446 285 2460; x_wconf 83' lang='lat' dir='ltr'>in</span> <span class='ocrx_word' id='word_1_258' title='bbox 299 2446 343 2466; x_wconf 76' lang='lat' dir='ltr'>qui·</span> 
     </span>
    </p>
   </div>
   <div class='ocr_carea' id='block_1_8' title="bbox 159 2459 1088 2514">
    <p class='ocr_par' dir='ltr' id='par_1_10' title="bbox 159 2459 1088 2514">
     <span class='ocr_line' id='line_1_51' title="bbox 159 2459 1088 2514; baseline 0.002 -22"><span class='ocrx_word' id='word_1_259' title='bbox 159 2466 344 2514; x_wconf 43' lang='lat' dir='ltr'>paxgffiffessgcstfflj</span> <span class='ocrx_word' id='word_1_260' title='bbox 356 2461 452 2493; x_wconf 85' lang='lat' dir='ltr'>fatam</span> <span class='ocrx_word' id='word_1_261' title='bbox 472 2459 503 2492; x_wconf 93' lang='lat' dir='ltr'>in</span> <span class='ocrx_word' id='word_1_262' title='bbox 525 2459 662 2502; x_wconf 77' lang='lat' dir='ltr'>singulis</span> <span class='ocrx_word' id='word_1_263' title='bbox 681 2460 824 2493; x_wconf 91' lang='lat' dir='ltr'>ecclesiis</span> <span class='ocrx_word' id='word_1_264' title='bbox 842 2461 985 2494; x_wconf 83' lang='lat' dir='ltr'>eiusdem</span> <span class='ocrx_word' id='word_1_265' title='bbox 999 2461 1088 2495; x_wconf 91' lang='lat' dir='ltr'>Ordi-</span> 
     </span>
    </p>
   </div>
   <div class='ocr_carea' id='block_1_9' title="bbox 159 2512 1087 2571">
    <p class='ocr_par' dir='ltr' id='par_1_11' title="bbox 159 2512 1087 2571">
     <span class='ocr_line' id='line_1_52' title="bbox 159 2512 1087 2571; baseline 0.004 -27"><span class='ocrx_word' id='word_1_266' title='bbox 159 2514 414 2571; x_wconf 34' lang='lat' dir='ltr'>gffieglogffffirhnis,</span> <span class='ocrx_word' id='word_1_267' title='bbox 441 2519 472 2546; x_wconf 90' lang='lat' dir='ltr'>et</span> <span class='ocrx_word' id='word_1_268' title='bbox 492 2512 524 2544; x_wconf 90' lang='lat' dir='ltr'>in</span> <span class='ocrx_word' id='word_1_269' title='bbox 544 2512 802 2556; x_wconf 87' lang='lat' dir='ltr'>quibuscumque</span> <span class='ocrx_word' id='word_1_270' title='bbox 820 2514 889 2546; x_wconf 86' lang='lat' dir='ltr'>aliis</span> <span class='ocrx_word' id='word_1_271' title='bbox 914 2515 1087 2548; x_wconf 85' lang='lat' dir='ltr'>accedente</span> 
     </span>
    </p>
   </div>
   <div class='ocr_carea' id='block_1_10' title="bbox 159 2564 1088 2663">
    <p class='ocr_par' dir='ltr' id='par_1_12' title="bbox 159 2564 1088 2663">
     <span class='ocr_line' id='line_1_53' title="bbox 159 2564 1088 2619; baseline 0.004 -23"><span class='ocrx_word' id='word_1_272' title='bbox 159 2575 222 2619; x_wconf 49' lang='lat' dir='ltr'>{put</span> <span class='ocrx_word' id='word_1_273' title='bbox 241 2573 262 2592; x_wconf 76' lang='lat' dir='ltr'>in</span> <span class='ocrx_word' id='word_1_274' title='bbox 277 2572 333 2592; x_wconf 75' lang='lat' dir='ltr'>rubri</span> <span class='ocrx_word' id='word_1_275' title='bbox 355 2576 514 2598; x_wconf 88' lang='lat' dir='ltr'>consensu</span> <span class='ocrx_word' id='word_1_276' title='bbox 538 2564 789 2606; x_wconf 88' lang='lat' dir='ltr'>Ordinariorum,</span> <span class='ocrx_word' id='word_1_277' title='bbox 809 2567 1088 2600; x_wconf 73' lang='lat' dir='ltr'>confraternitates</span> 
     </span>
     <span class='ocr_line' id='line_1_54' title="bbox 354 2618 1088 2663; baseline 0.004 -12"><span class='ocrx_word' id='word_1_278' title='bbox 354 2618 524 2662; x_wconf 87' lang='lat' dir='ltr'>praefatas,</span> <span class='ocrx_word' id='word_1_279' title='bbox 551 2620 673 2651; x_wconf 80' lang='lat' dir='ltr'>servata</span> <span class='ocrx_word' id='word_1_280' title='bbox 690 2619 854 2663; x_wconf 87' lang='lat' dir='ltr'>ceteroqui</span> <span class='ocrx_word' id='word_1_281' title='bbox 872 2621 1088 2663; x_wconf 84' lang='lat' dir='ltr'>praefatarum</span> 
     </span>
    </p>
   </div>
   <div class='ocr_carea' id='block_1_11' title="bbox 1103 881 1109 1696">
    <p class='ocr_par' dir='ltr' id='par_1_13' title="bbox 1103 881 1109 1696">
     <span class='ocr_line' id='line_1_55' title="bbox 1103 881 1109 1696; baseline 0 0"><span class='ocrx_word' id='word_1_282' title='bbox 1103 881 1109 1696; x_wconf 95' lang='lat' dir='ltr'> </span> 
     </span>
    </p>
   </div>
   <div class='ocr_carea' id='block_1_12' title="bbox 1106 1838 1112 2646">
    <p class='ocr_par' dir='ltr' id='par_1_14' title="bbox 1106 1838 1112 2646">
     <span class='ocr_line' id='line_1_56' title="bbox 1106 1838 1112 2646; baseline 0 0"><span class='ocrx_word' id='word_1_283' title='bbox 1106 1838 1112 2646; x_wconf 95' lang='lat' dir='ltr'> </span> 
     </span>
    </p>
   </div>
   <div class='ocr_carea' id='block_1_13' title="bbox 1123 557 1867 2559">
    <p class='ocr_par' dir='ltr' id='par_1_15' title="bbox 1123 557 1867 2559">
     <span class='ocr_line' id='line_1_57' title="bbox 1123 557 1860 600; baseline 0 -11"><span class='ocrx_word' id='word_1_284' title='bbox 1123 557 1259 590; x_wconf 89' lang='lat' dir='ltr'>lestibus</span> <span class='ocrx_word' id='word_1_285' title='bbox 1284 558 1444 591; x_wconf 82' lang='lat' dir='ltr'>Ecclesiae</span> <span class='ocrx_word' id='word_1_286' title='bbox 1477 558 1637 591; x_wconf 87' lang='lat' dir='ltr'>thesauris</span> <span class='ocrx_word' id='word_1_287' title='bbox 1670 558 1722 600; x_wconf 75' lang='lat' dir='ltr'>pia</span> <span class='ocrx_word' id='word_1_288' title='bbox 1756 557 1860 590; x_wconf 88' lang='lat' dir='ltr'>chari-</span> 
     </span>
     <span class='ocr_line' id='line_1_58' title="bbox 1125 610 1860 653; baseline 0 -12"><span class='ocrx_word' id='word_1_289' title='bbox 1125 614 1186 642; x_wconf 89' lang='lat' dir='ltr'>tate</span> <span class='ocrx_word' id='word_1_290' title='bbox 1211 610 1337 650; x_wconf 87' lang='lat' dir='ltr'>intenti,</span> <span class='ocrx_word' id='word_1_291' title='bbox 1359 611 1507 643; x_wconf 88' lang='lat' dir='ltr'>omnibus</span> <span class='ocrx_word' id='word_1_292' title='bbox 1527 615 1559 643; x_wconf 89' lang='lat' dir='ltr'>et</span> <span class='ocrx_word' id='word_1_293' title='bbox 1583 610 1717 653; x_wconf 82' lang='lat' dir='ltr'>singulis</span> <span class='ocrx_word' id='word_1_294' title='bbox 1741 610 1860 643; x_wconf 87' lang='lat' dir='ltr'>utrius-</span> 
     </span>
     <span class='ocr_line' id='line_1_59' title="bbox 1124 662 1861 706; baseline 0 -12"><span class='ocrx_word' id='word_1_295' title='bbox 1124 672 1187 704; x_wconf 90' lang='lat' dir='ltr'>que</span> <span class='ocrx_word' id='word_1_296' title='bbox 1216 673 1312 695; x_wconf 82' lang='lat' dir='ltr'>sexus</span> <span class='ocrx_word' id='word_1_297' title='bbox 1345 662 1610 696; x_wconf 79' lang='lat' dir='ltr'>christifidelibus</span> <span class='ocrx_word' id='word_1_298' title='bbox 1640 673 1716 695; x_wconf 90' lang='lat' dir='ltr'>vere</span> <span class='ocrx_word' id='word_1_299' title='bbox 1748 662 1861 706; x_wconf 89' lang='lat' dir='ltr'>poeni-</span> 
     </span>
     <span class='ocr_line' id='line_1_60' title="bbox 1125 715 1863 756; baseline 0 -9"><span class='ocrx_word' id='word_1_300' title='bbox 1125 715 1266 748; x_wconf 86' lang='lat' dir='ltr'>tentibus</span> <span class='ocrx_word' id='word_1_301' title='bbox 1292 721 1325 749; x_wconf 92' lang='lat' dir='ltr'>et</span> <span class='ocrx_word' id='word_1_302' title='bbox 1352 716 1517 756; x_wconf 88' lang='lat' dir='ltr'>confessis,</span> <span class='ocrx_word' id='word_1_303' title='bbox 1535 727 1572 749; x_wconf 83' lang='lat' dir='ltr'>ac</span> <span class='ocrx_word' id='word_1_304' title='bbox 1599 718 1690 749; x_wconf 75' lang='lat' dir='ltr'>sacra</span> <span class='ocrx_word' id='word_1_305' title='bbox 1719 725 1863 748; x_wconf 92' lang='lat' dir='ltr'>commu-</span> 
     </span>
     <span class='ocr_line' id='line_1_61' title="bbox 1124 768 1862 812; baseline 0 -12"><span class='ocrx_word' id='word_1_306' title='bbox 1124 768 1220 801; x_wconf 90' lang='lat' dir='ltr'>nione</span> <span class='ocrx_word' id='word_1_307' title='bbox 1245 769 1382 809; x_wconf 89' lang='lat' dir='ltr'>refectis,</span> <span class='ocrx_word' id='word_1_308' title='bbox 1406 769 1459 812; x_wconf 91' lang='lat' dir='ltr'>qui</span> <span class='ocrx_word' id='word_1_309' title='bbox 1485 769 1625 812; x_wconf 85' lang='lat' dir='ltr'>aliquam</span> <span class='ocrx_word' id='word_1_310' title='bbox 1652 779 1689 802; x_wconf 87' lang='lat' dir='ltr'>ex</span> <span class='ocrx_word' id='word_1_311' title='bbox 1715 768 1862 802; x_wconf 81' lang='lat' dir='ltr'>ecclesiis</span> 
     </span>
     <span class='ocr_line' id='line_1_62' title="bbox 1125 820 1861 865; baseline 0 -12"><span class='ocrx_word' id='word_1_312' title='bbox 1125 821 1201 854; x_wconf 90' lang='lat' dir='ltr'>dicti</span> <span class='ocrx_word' id='word_1_313' title='bbox 1235 821 1374 861; x_wconf 88' lang='lat' dir='ltr'>Ordinis,</span> <span class='ocrx_word' id='word_1_314' title='bbox 1394 821 1427 854; x_wconf 92' lang='lat' dir='ltr'>in</span> <span class='ocrx_word' id='word_1_315' title='bbox 1458 821 1709 865; x_wconf 86' lang='lat' dir='ltr'>Conceptionis,</span> <span class='ocrx_word' id='word_1_316' title='bbox 1742 820 1861 854; x_wconf 88' lang='lat' dir='ltr'>Nativi-</span> 
     </span>
     <span class='ocr_line' id='line_1_63' title="bbox 1126 873 1859 915; baseline 0 -10"><span class='ocrx_word' id='word_1_317' title='bbox 1126 874 1217 914; x_wconf 90' lang='lat' dir='ltr'>tatis,</span> <span class='ocrx_word' id='word_1_318' title='bbox 1251 874 1544 915; x_wconf 75' lang='lat' dir='ltr'>praesentationis,</span> <span class='ocrx_word' id='word_1_319' title='bbox 1570 873 1859 913; x_wconf 85' lang='lat' dir='ltr'>Annunciationis,</span> 
     </span>
     <span class='ocr_line' id='line_1_64' title="bbox 1125 926 1862 970; baseline 0.001 -12"><span class='ocrx_word' id='word_1_320' title='bbox 1125 926 1332 966; x_wconf 67' lang='lat' dir='ltr'>visitationis,</span> <span class='ocrx_word' id='word_1_321' title='bbox 1351 926 1584 960; x_wconf 74' lang='lat' dir='ltr'>Purificationis</span> <span class='ocrx_word' id='word_1_322' title='bbox 1613 932 1644 959; x_wconf 91' lang='lat' dir='ltr'>et</span> <span class='ocrx_word' id='word_1_323' title='bbox 1664 926 1862 970; x_wconf 87' lang='lat' dir='ltr'>Assumptio-</span> 
     </span>
     <span class='ocr_line' id='line_1_65' title="bbox 1125 979 1863 1022; baseline 0 -11"><span class='ocrx_word' id='word_1_324' title='bbox 1125 979 1174 1012; x_wconf 89' lang='lat' dir='ltr'>nis</span> <span class='ocrx_word' id='word_1_325' title='bbox 1201 979 1345 1012; x_wconf 89' lang='lat' dir='ltr'>eiusdem</span> <span class='ocrx_word' id='word_1_326' title='bbox 1370 980 1483 1012; x_wconf 86' lang='lat' dir='ltr'>beatae</span> <span class='ocrx_word' id='word_1_327' title='bbox 1508 979 1622 1012; x_wconf 87' lang='lat' dir='ltr'>Mariae</span> <span class='ocrx_word' id='word_1_328' title='bbox 1638 979 1778 1022; x_wconf 83' lang='lat' dir='ltr'>Virginis</span> <span class='ocrx_word' id='word_1_329' title='bbox 1802 979 1863 1012; x_wconf 87' lang='lat' dir='ltr'>lm-</span> 
     </span>
     <span class='ocr_line' id='line_1_66' title="bbox 1124 1031 1863 1071; baseline 0.001 -8"><span class='ocrx_word' id='word_1_330' title='bbox 1124 1032 1303 1064; x_wconf 88' lang='lat' dir='ltr'>maculatae</span> <span class='ocrx_word' id='word_1_331' title='bbox 1327 1031 1416 1064; x_wconf 85' lang='lat' dir='ltr'>sestis</span> <span class='ocrx_word' id='word_1_332' title='bbox 1441 1031 1565 1071; x_wconf 76' lang='lat' dir='ltr'>diebus,</span> <span class='ocrx_word' id='word_1_333' title='bbox 1580 1032 1693 1065; x_wconf 90' lang='lat' dir='ltr'>devote</span> <span class='ocrx_word' id='word_1_334' title='bbox 1718 1031 1863 1064; x_wconf 89' lang='lat' dir='ltr'>visitave-</span> 
     </span>
     <span class='ocr_line' id='line_1_67' title="bbox 1126 1083 1864 1127; baseline 0 -11"><span class='ocrx_word' id='word_1_335' title='bbox 1126 1084 1210 1125; x_wconf 91' lang='lat' dir='ltr'>rint,</span> <span class='ocrx_word' id='word_1_336' title='bbox 1236 1088 1267 1117; x_wconf 89' lang='lat' dir='ltr'>et</span> <span class='ocrx_word' id='word_1_337' title='bbox 1291 1084 1337 1117; x_wconf 87' lang='lat' dir='ltr'>ibi</span> <span class='ocrx_word' id='word_1_338' title='bbox 1372 1095 1432 1127; x_wconf 88' lang='lat' dir='ltr'>pro</span> <span class='ocrx_word' id='word_1_339' title='bbox 1463 1084 1716 1117; x_wconf 86' lang='lat' dir='ltr'>christianorum</span> <span class='ocrx_word' id='word_1_340' title='bbox 1742 1083 1864 1127; x_wconf 85' lang='lat' dir='ltr'>princi·</span> 
     </span>
     <span class='ocr_line' id='line_1_68' title="bbox 1126 1137 1861 1180; baseline 0 -11"><span class='ocrx_word' id='word_1_341' title='bbox 1126 1148 1203 1180; x_wconf 89' lang='lat' dir='ltr'>pum</span> <span class='ocrx_word' id='word_1_342' title='bbox 1228 1137 1413 1177; x_wconf 79' lang='lat' dir='ltr'>concordia,</span> <span class='ocrx_word' id='word_1_343' title='bbox 1440 1137 1611 1170; x_wconf 90' lang='lat' dir='ltr'>haeresum</span> <span class='ocrx_word' id='word_1_344' title='bbox 1635 1137 1861 1180; x_wconf 76' lang='lat' dir='ltr'>extirpatione,</span> 
     </span>
     <span class='ocr_line' id='line_1_69' title="bbox 1126 1190 1864 1223; baseline 0 0"><span class='ocrx_word' id='word_1_345' title='bbox 1126 1202 1163 1223; x_wconf 89' lang='lat' dir='ltr'>ac</span> <span class='ocrx_word' id='word_1_346' title='bbox 1193 1195 1321 1223; x_wconf 88' lang='lat' dir='ltr'>sanctae</span> <span class='ocrx_word' id='word_1_347' title='bbox 1347 1190 1454 1223; x_wconf 79' lang='lat' dir='ltr'>Matris</span> <span class='ocrx_word' id='word_1_348' title='bbox 1480 1190 1642 1223; x_wconf 86' lang='lat' dir='ltr'>Ecclesiae</span> <span class='ocrx_word' id='word_1_349' title='bbox 1671 1190 1864 1223; x_wconf 84' lang='lat' dir='ltr'>exaltatione</span> 
     </span>
     <span class='ocr_line' id='line_1_70' title="bbox 1126 1242 1864 1287; baseline -0.001 -11"><span class='ocrx_word' id='word_1_350' title='bbox 1126 1244 1195 1287; x_wconf 90' lang='lat' dir='ltr'>pias</span> <span class='ocrx_word' id='word_1_351' title='bbox 1220 1244 1258 1276; x_wconf 89' lang='lat' dir='ltr'>ad</span> <span class='ocrx_word' id='word_1_352' title='bbox 1279 1243 1380 1276; x_wconf 90' lang='lat' dir='ltr'>Deum</span> <span class='ocrx_word' id='word_1_353' title='bbox 1397 1254 1512 1287; x_wconf 89' lang='lat' dir='ltr'>preces</span> <span class='ocrx_word' id='word_1_354' title='bbox 1530 1242 1713 1283; x_wconf 77' lang='lat' dir='ltr'>effuderint,</span> <span class='ocrx_word' id='word_1_355' title='bbox 1730 1253 1794 1286; x_wconf 90' lang='lat' dir='ltr'>quo</span> <span class='ocrx_word' id='word_1_356' title='bbox 1812 1243 1864 1276; x_wconf 92' lang='lat' dir='ltr'>die</span> 
     </span>
     <span class='ocr_line' id='line_1_71' title="bbox 1126 1296 1865 1340; baseline -0.001 -11"><span class='ocrx_word' id='word_1_357' title='bbox 1126 1296 1366 1340; x_wconf 88' lang='lat' dir='ltr'>praedictorum</span> <span class='ocrx_word' id='word_1_358' title='bbox 1386 1297 1418 1329; x_wconf 89' lang='lat' dir='ltr'>id</span> <span class='ocrx_word' id='word_1_359' title='bbox 1439 1297 1575 1339; x_wconf 81' lang='lat' dir='ltr'>egerint,</span> <span class='ocrx_word' id='word_1_360' title='bbox 1595 1296 1773 1340; x_wconf 89' lang='lat' dir='ltr'>plenariam</span> <span class='ocrx_word' id='word_1_361' title='bbox 1797 1306 1865 1328; x_wconf 92' lang='lat' dir='ltr'>om-</span> 
     </span>
     <span class='ocr_line' id='line_1_72' title="bbox 1127 1348 1863 1392; baseline 0 -11"><span class='ocrx_word' id='word_1_362' title='bbox 1127 1350 1216 1382; x_wconf 89' lang='lat' dir='ltr'>nium</span> <span class='ocrx_word' id='word_1_363' title='bbox 1240 1355 1449 1392; x_wconf 83' lang='lat' dir='ltr'>peccatorum</span> <span class='ocrx_word' id='word_1_364' title='bbox 1474 1360 1608 1382; x_wconf 89' lang='lat' dir='ltr'>suorum</span> <span class='ocrx_word' id='word_1_365' title='bbox 1627 1348 1863 1391; x_wconf 80' lang='lat' dir='ltr'>indulgentiam</span> 
     </span>
     <span class='ocr_line' id='line_1_73' title="bbox 1127 1401 1863 1435; baseline 0 -1"><span class='ocrx_word' id='word_1_366' title='bbox 1127 1408 1158 1435; x_wconf 89' lang='lat' dir='ltr'>et</span> <span class='ocrx_word' id='word_1_367' title='bbox 1171 1402 1393 1435; x_wconf 89' lang='lat' dir='ltr'>remissionem</span> <span class='ocrx_word' id='word_1_368' title='bbox 1407 1401 1666 1435; x_wconf 88' lang='lat' dir='ltr'>misericorditer</span> <span class='ocrx_word' id='word_1_369' title='bbox 1679 1402 1711 1434; x_wconf 93' lang='lat' dir='ltr'>in</span> <span class='ocrx_word' id='word_1_370' title='bbox 1725 1402 1863 1435; x_wconf 87' lang='lat' dir='ltr'>Domino</span> 
     </span>
     <span class='ocr_line' id='line_1_74' title="bbox 1127 1454 1866 1498; baseline 0 -11"><span class='ocrx_word' id='word_1_371' title='bbox 1127 1455 1352 1488; x_wconf 85' lang='lat' dir='ltr'>concedimus.</span> <span class='ocrx_word' id='word_1_372' title='bbox 1371 1455 1436 1488; x_wconf 91' lang='lat' dir='ltr'>Illis</span> <span class='ocrx_word' id='word_1_373' title='bbox 1455 1461 1572 1495; x_wconf 83' lang='lat' dir='ltr'>autem,</span> <span class='ocrx_word' id='word_1_374' title='bbox 1589 1454 1642 1498; x_wconf 90' lang='lat' dir='ltr'>qui</span> <span class='ocrx_word' id='word_1_375' title='bbox 1658 1455 1698 1488; x_wconf 88' lang='lat' dir='ltr'>ad</span> <span class='ocrx_word' id='word_1_376' title='bbox 1715 1455 1866 1498; x_wconf 85' lang='lat' dir='ltr'>antipho-</span> 
     </span>
     <span class='ocr_line' id='line_1_75' title="bbox 1128 1508 1866 1551; baseline -0.001 -11"><span class='ocrx_word' id='word_1_377' title='bbox 1128 1519 1202 1541; x_wconf 90' lang='lat' dir='ltr'>nam</span> <span class='ocrx_word' id='word_1_378' title='bbox 1226 1508 1319 1541; x_wconf 76' lang='lat' dir='ltr'>Salve</span> <span class='ocrx_word' id='word_1_379' title='bbox 1343 1509 1486 1550; x_wconf 42' lang='lat' dir='ltr'>Remota,</span> <span class='ocrx_word' id='word_1_380' title='bbox 1511 1518 1592 1551; x_wconf 88' lang='lat' dir='ltr'>quae</span> <span class='ocrx_word' id='word_1_381' title='bbox 1623 1508 1768 1551; x_wconf 85' lang='lat' dir='ltr'>quotidie</span> <span class='ocrx_word' id='word_1_382' title='bbox 1791 1513 1866 1551; x_wconf 86' lang='lat' dir='ltr'>post</span> 
     </span>
     <span class='ocr_line' id='line_1_76' title="bbox 1129 1561 1864 1603; baseline -0.001 -9"><span class='ocrx_word' id='word_1_383' title='bbox 1129 1561 1375 1603; x_wconf 88' lang='lat' dir='ltr'>completorium</span> <span class='ocrx_word' id='word_1_384' title='bbox 1386 1561 1417 1593; x_wconf 93' lang='lat' dir='ltr'>iu</span> <span class='ocrx_word' id='word_1_385' title='bbox 1429 1561 1573 1593; x_wconf 90' lang='lat' dir='ltr'>eiusdem</span> <span class='ocrx_word' id='word_1_386' title='bbox 1588 1561 1734 1593; x_wconf 90' lang='lat' dir='ltr'>ecclesiis</span> <span class='ocrx_word' id='word_1_387' title='bbox 1752 1561 1864 1593; x_wconf 70' lang='lat' dir='ltr'>solent-</span> 
     </span>
     <span class='ocr_line' id='line_1_77' title="bbox 1129 1613 1866 1656; baseline -0.001 -10"><span class='ocrx_word' id='word_1_388' title='bbox 1129 1614 1213 1646; x_wconf 90' lang='lat' dir='ltr'>niter</span> <span class='ocrx_word' id='word_1_389' title='bbox 1230 1614 1427 1654; x_wconf 81' lang='lat' dir='ltr'>decantatur,</span> <span class='ocrx_word' id='word_1_390' title='bbox 1448 1613 1652 1653; x_wconf 86' lang='lat' dir='ltr'>convenient,</span> <span class='ocrx_word' id='word_1_391' title='bbox 1670 1618 1701 1646; x_wconf 87' lang='lat' dir='ltr'>et</span> <span class='ocrx_word' id='word_1_392' title='bbox 1716 1618 1751 1646; x_wconf 90' lang='lat' dir='ltr'>ut</span> <span class='ocrx_word' id='word_1_393' title='bbox 1774 1623 1866 1656; x_wconf 86' lang='lat' dir='ltr'>prae-</span> 
     </span>
     <span class='ocr_line' id='line_1_78' title="bbox 1130 1665 1865 1707; baseline 0 -8"><span class='ocrx_word' id='word_1_394' title='bbox 1130 1667 1229 1699; x_wconf 89' lang='lat' dir='ltr'>fertur</span> <span class='ocrx_word' id='word_1_395' title='bbox 1245 1666 1397 1707; x_wconf 87' lang='lat' dir='ltr'>orabunt,</span> <span class='ocrx_word' id='word_1_396' title='bbox 1416 1672 1543 1699; x_wconf 90' lang='lat' dir='ltr'>centum</span> <span class='ocrx_word' id='word_1_397' title='bbox 1569 1666 1637 1699; x_wconf 89' lang='lat' dir='ltr'>dies</span> <span class='ocrx_word' id='word_1_398' title='bbox 1655 1666 1694 1699; x_wconf 88' lang='lat' dir='ltr'>de</span> <span class='ocrx_word' id='word_1_399' title='bbox 1712 1665 1865 1699; x_wconf 86' lang='lat' dir='ltr'>iniunctis</span> 
     </span>
     <span class='ocr_line' id='line_1_79' title="bbox 1130 1719 1866 1763; baseline 0.001 -11"><span class='ocrx_word' id='word_1_400' title='bbox 1130 1720 1185 1759; x_wconf 90' lang='lat' dir='ltr'>eis,</span> <span class='ocrx_word' id='word_1_401' title='bbox 1203 1730 1259 1752; x_wconf 90' lang='lat' dir='ltr'>seu</span> <span class='ocrx_word' id='word_1_402' title='bbox 1284 1719 1362 1752; x_wconf 77' lang='lat' dir='ltr'>alias</span> <span class='ocrx_word' id='word_1_403' title='bbox 1382 1719 1627 1763; x_wconf 87' lang='lat' dir='ltr'>quomodolibet</span> <span class='ocrx_word' id='word_1_404' title='bbox 1651 1719 1767 1752; x_wconf 91' lang='lat' dir='ltr'>debitis</span> <span class='ocrx_word' id='word_1_405' title='bbox 1791 1730 1866 1763; x_wconf 89' lang='lat' dir='ltr'>poe-</span> 
     </span>
     <span class='ocr_line' id='line_1_80' title="bbox 1130 1772 1866 1806; baseline 0 -1"><span class='ocrx_word' id='word_1_406' title='bbox 1130 1773 1273 1806; x_wconf 90' lang='lat' dir='ltr'>nitentiis</span> <span class='ocrx_word' id='word_1_407' title='bbox 1292 1773 1323 1805; x_wconf 92' lang='lat' dir='ltr'>in</span> <span class='ocrx_word' id='word_1_408' title='bbox 1346 1773 1447 1805; x_wconf 76' lang='lat' dir='ltr'>forma</span> <span class='ocrx_word' id='word_1_409' title='bbox 1462 1772 1625 1805; x_wconf 89' lang='lat' dir='ltr'>Ecclesiae</span> <span class='ocrx_word' id='word_1_410' title='bbox 1651 1774 1806 1805; x_wconf 75' lang='lat' dir='ltr'>consueta</span> <span class='ocrx_word' id='word_1_411' title='bbox 1820 1782 1866 1805; x_wconf 90' lang='lat' dir='ltr'>re·</span> 
     </span>
     <span class='ocr_line' id='line_1_81' title="bbox 1130 1824 1864 1868; baseline -0.003 -10"><span class='ocrx_word' id='word_1_412' title='bbox 1130 1826 1285 1858; x_wconf 79' lang='lat' dir='ltr'>laxamus.</span> <span class='ocrx_word' id='word_1_413' title='bbox 1312 1825 1480 1858; x_wconf 84' lang='lat' dir='ltr'>Postremo</span> <span class='ocrx_word' id='word_1_414' title='bbox 1505 1825 1578 1865; x_wconf 92' lang='lat' dir='ltr'>illis,</span> <span class='ocrx_word' id='word_1_415' title='bbox 1598 1825 1653 1868; x_wconf 87' lang='lat' dir='ltr'>qui</span> <span class='ocrx_word' id='word_1_416' title='bbox 1669 1824 1808 1867; x_wconf 87' lang='lat' dir='ltr'>aliquam</span> <span class='ocrx_word' id='word_1_417' title='bbox 1828 1835 1864 1858; x_wconf 84' lang='lat' dir='ltr'>ex</span> 
     </span>
     <span class='ocr_line' id='line_1_82' title="bbox 1131 1876 1867 1911; baseline -0.003 0"><span class='ocrx_word' id='word_1_418' title='bbox 1131 1877 1275 1911; x_wconf 84' lang='lat' dir='ltr'>ecclesiis</span> <span class='ocrx_word' id='word_1_419' title='bbox 1300 1878 1443 1910; x_wconf 86' lang='lat' dir='ltr'>eiusdem</span> <span class='ocrx_word' id='word_1_420' title='bbox 1467 1877 1593 1910; x_wconf 91' lang='lat' dir='ltr'>Ordinis</span> <span class='ocrx_word' id='word_1_421' title='bbox 1618 1877 1650 1909; x_wconf 92' lang='lat' dir='ltr'>in</span> <span class='ocrx_word' id='word_1_422' title='bbox 1676 1876 1787 1910; x_wconf 90' lang='lat' dir='ltr'>diebus</span> <span class='ocrx_word' id='word_1_423' title='bbox 1805 1883 1867 1909; x_wconf 83' lang='lat' dir='ltr'>sta-</span> 
     </span>
     <span class='ocr_line' id='line_1_83' title="bbox 1132 1929 1862 1973; baseline -0.004 -9"><span class='ocrx_word' id='word_1_424' title='bbox 1132 1931 1256 1964; x_wconf 90' lang='lat' dir='ltr'>tionum</span> <span class='ocrx_word' id='word_1_425' title='bbox 1296 1930 1505 1964; x_wconf 83' lang='lat' dir='ltr'>ecclesiarum</span> <span class='ocrx_word' id='word_1_426' title='bbox 1543 1929 1638 1963; x_wconf 89' lang='lat' dir='ltr'>Urbis</span> <span class='ocrx_word' id='word_1_427' title='bbox 1677 1930 1862 1973; x_wconf 80' lang='lat' dir='ltr'>praefatae,</span> 
     </span>
     <span class='ocr_line' id='line_1_84' title="bbox 1130 1983 1863 2028; baseline -0.003 -12"><span class='ocrx_word' id='word_1_428' title='bbox 1130 1989 1225 2028; x_wconf 87' lang='lat' dir='ltr'>prout</span> <span class='ocrx_word' id='word_1_429' title='bbox 1248 1984 1281 2016; x_wconf 91' lang='lat' dir='ltr'>in</span> <span class='ocrx_word' id='word_1_430' title='bbox 1306 1984 1430 2017; x_wconf 86' lang='lat' dir='ltr'>missali</span> <span class='ocrx_word' id='word_1_431' title='bbox 1456 1994 1592 2017; x_wconf 87' lang='lat' dir='ltr'>romano</span> <span class='ocrx_word' id='word_1_432' title='bbox 1619 1983 1863 2027; x_wconf 80' lang='lat' dir='ltr'>exprimuntur,</span> 
     </span>
     <span class='ocr_line' id='line_1_85' title="bbox 1131 2036 1865 2081; baseline -0.003 -11"><span class='ocrx_word' id='word_1_433' title='bbox 1131 2039 1245 2070; x_wconf 86' lang='lat' dir='ltr'>devote</span> <span class='ocrx_word' id='word_1_434' title='bbox 1278 2037 1398 2081; x_wconf 83' lang='lat' dir='ltr'>pariter</span> <span class='ocrx_word' id='word_1_435' title='bbox 1433 2037 1649 2077; x_wconf 84' lang='lat' dir='ltr'>visitaverint,</span> <span class='ocrx_word' id='word_1_436' title='bbox 1682 2041 1712 2069; x_wconf 89' lang='lat' dir='ltr'>et</span> <span class='ocrx_word' id='word_1_437' title='bbox 1744 2036 1865 2069; x_wconf 85' lang='lat' dir='ltr'>ibidem</span> 
     </span>
     <span class='ocr_line' id='line_1_86' title="bbox 1130 2091 1866 2135; baseline -0.001 -12"><span class='ocrx_word' id='word_1_438' title='bbox 1130 2097 1226 2135; x_wconf 87' lang='lat' dir='ltr'>prout</span> <span class='ocrx_word' id='word_1_439' title='bbox 1250 2091 1467 2134; x_wconf 80' lang='lat' dir='ltr'>praemittitur</span> <span class='ocrx_word' id='word_1_440' title='bbox 1484 2091 1658 2131; x_wconf 86' lang='lat' dir='ltr'>oraverint,</span> <span class='ocrx_word' id='word_1_441' title='bbox 1676 2095 1711 2122; x_wconf 88' lang='lat' dir='ltr'>ut</span> <span class='ocrx_word' id='word_1_442' title='bbox 1729 2100 1780 2123; x_wconf 88' lang='lat' dir='ltr'>eas</span> <span class='ocrx_word' id='word_1_443' title='bbox 1799 2100 1866 2122; x_wconf 90' lang='lat' dir='ltr'>om-</span> 
     </span>
     <span class='ocr_line' id='line_1_87' title="bbox 1130 2143 1865 2187; baseline -0.003 -11"><span class='ocrx_word' id='word_1_444' title='bbox 1130 2155 1187 2176; x_wconf 89' lang='lat' dir='ltr'>nes</span> <span class='ocrx_word' id='word_1_445' title='bbox 1213 2150 1244 2176; x_wconf 89' lang='lat' dir='ltr'>et</span> <span class='ocrx_word' id='word_1_446' title='bbox 1267 2144 1412 2187; x_wconf 70' lang='lat' dir='ltr'>singulas</span> <span class='ocrx_word' id='word_1_447' title='bbox 1436 2143 1654 2187; x_wconf 76' lang='lat' dir='ltr'>indulgentius</span> <span class='ocrx_word' id='word_1_448' title='bbox 1671 2149 1702 2176; x_wconf 87' lang='lat' dir='ltr'>et</span> <span class='ocrx_word' id='word_1_449' title='bbox 1725 2148 1865 2186; x_wconf 84' lang='lat' dir='ltr'>peccato-</span> 
     </span>
     <span class='ocr_line' id='line_1_88' title="bbox 1131 2196 1866 2240; baseline -0.003 -11"><span class='ocrx_word' id='word_1_450' title='bbox 1131 2208 1202 2229; x_wconf 90' lang='lat' dir='ltr'>rum</span> <span class='ocrx_word' id='word_1_451' title='bbox 1218 2197 1426 2230; x_wconf 87' lang='lat' dir='ltr'>remissiones</span> <span class='ocrx_word' id='word_1_452' title='bbox 1441 2208 1477 2229; x_wconf 86' lang='lat' dir='ltr'>ac</span> <span class='ocrx_word' id='word_1_453' title='bbox 1494 2196 1764 2240; x_wconf 86' lang='lat' dir='ltr'>poenitentiarum</span> <span class='ocrx_word' id='word_1_454' title='bbox 1785 2196 1866 2228; x_wconf 87' lang='lat' dir='ltr'>rela-</span> 
     </span>
     <span class='ocr_line' id='line_1_89' title="bbox 1132 2251 1867 2293; baseline 0 -11"><span class='ocrx_word' id='word_1_455' title='bbox 1132 2251 1277 2283; x_wconf 80' lang='lat' dir='ltr'>xationes</span> <span class='ocrx_word' id='word_1_456' title='bbox 1302 2256 1556 2293; x_wconf 87' lang='lat' dir='ltr'>consequantur,</span> <span class='ocrx_word' id='word_1_457' title='bbox 1584 2260 1662 2293; x_wconf 88' lang='lat' dir='ltr'>quas</span> <span class='ocrx_word' id='word_1_458' title='bbox 1688 2259 1867 2292; x_wconf 89' lang='lat' dir='ltr'>conseque-</span> 
     </span>
     <span class='ocr_line' id='line_1_90' title="bbox 1132 2301 1866 2336; baseline -0.004 0"><span class='ocrx_word' id='word_1_459' title='bbox 1132 2308 1242 2336; x_wconf 88' lang='lat' dir='ltr'>rentur</span> <span class='ocrx_word' id='word_1_460' title='bbox 1255 2303 1280 2335; x_wconf 85' lang='lat' dir='ltr'>si</span> <span class='ocrx_word' id='word_1_461' title='bbox 1302 2303 1446 2336; x_wconf 84' lang='lat' dir='ltr'>eiusdem</span> <span class='ocrx_word' id='word_1_462' title='bbox 1460 2303 1553 2336; x_wconf 87' lang='lat' dir='ltr'>Urbis</span> <span class='ocrx_word' id='word_1_463' title='bbox 1572 2301 1741 2336; x_wconf 78' lang='lat' dir='ltr'>ecclesias¹</span> <span class='ocrx_word' id='word_1_464' title='bbox 1757 2301 1790 2334; x_wconf 91' lang='lat' dir='ltr'>in</span> <span class='ocrx_word' id='word_1_465' title='bbox 1804 2301 1866 2334; x_wconf 89' lang='lat' dir='ltr'>die-</span> 
     </span>
     <span class='ocr_line' id='line_1_91' title="bbox 1131 2355 1867 2400; baseline -0.001 -12"><span class='ocrx_word' id='word_1_466' title='bbox 1131 2357 1188 2389; x_wconf 88' lang='lat' dir='ltr'>bus</span> <span class='ocrx_word' id='word_1_467' title='bbox 1204 2357 1378 2389; x_wconf 87' lang='lat' dir='ltr'>stationum</span> <span class='ocrx_word' id='word_1_468' title='bbox 1397 2357 1585 2390; x_wconf 89' lang='lat' dir='ltr'>huiusmodi</span> <span class='ocrx_word' id='word_1_469' title='bbox 1603 2355 1820 2400; x_wconf 87' lang='lat' dir='ltr'>personaliter</span> <span class='ocrx_word' id='word_1_470' title='bbox 1836 2359 1867 2388; x_wconf 84' lang='lat' dir='ltr'>et</span> 
     </span>
     <span class='ocr_line' id='line_1_92' title="bbox 1133 2409 1867 2450; baseline 0 -9"><span class='ocrx_word' id='word_1_471' title='bbox 1133 2410 1245 2442; x_wconf 85' lang='lat' dir='ltr'>devote</span> <span class='ocrx_word' id='word_1_472' title='bbox 1271 2409 1447 2450; x_wconf 84' lang='lat' dir='ltr'>visitarent,</span> <span class='ocrx_word' id='word_1_473' title='bbox 1470 2410 1553 2442; x_wconf 85' lang='lat' dir='ltr'>dicta</span> <span class='ocrx_word' id='word_1_474' title='bbox 1583 2410 1785 2450; x_wconf 88' lang='lat' dir='ltr'>auctoritate,</span> <span class='ocrx_word' id='word_1_475' title='bbox 1810 2409 1867 2441; x_wconf 91' lang='lat' dir='ltr'>ha-</span> 
     </span>
     <span class='ocr_line' id='line_1_93' title="bbox 1133 2462 1866 2503; baseline 0 -9"><span class='ocrx_word' id='word_1_476' title='bbox 1133 2473 1201 2495; x_wconf 90' lang='lat' dir='ltr'>rum</span> <span class='ocrx_word' id='word_1_477' title='bbox 1223 2462 1316 2503; x_wconf 86' lang='lat' dir='ltr'>serie,</span> <span class='ocrx_word' id='word_1_478' title='bbox 1330 2463 1536 2496; x_wconf 89' lang='lat' dir='ltr'>concedimus</span> <span class='ocrx_word' id='word_1_479' title='bbox 1550 2463 1697 2496; x_wconf 90' lang='lat' dir='ltr'>similiter</span> <span class='ocrx_word' id='word_1_480' title='bbox 1713 2468 1745 2496; x_wconf 88' lang='lat' dir='ltr'>et</span> <span class='ocrx_word' id='word_1_481' title='bbox 1760 2462 1866 2495; x_wconf 89' lang='lat' dir='ltr'>indul-</span> 
     </span>
     <span class='ocr_line' id='line_1_94' title="bbox 1132 2526 1256 2559; baseline -0.008 -10"><span class='ocrx_word' id='word_1_482' title='bbox 1132 2526 1256 2559; x_wconf 82' lang='lat' dir='ltr'>genius.</span> 
     </span>
    </p>
   </div>
   <div class='ocr_carea' id='block_1_14' title="bbox 1131 2586 1864 2665">
    <p class='ocr_par' dir='ltr' id='par_1_16' title="bbox 1131 2586 1864 2665">
     <span class='ocr_line' id='line_1_95' title="bbox 1131 2586 1864 2665; baseline 0.004 -53"><span class='ocrx_word' id='word_1_483' title='bbox 1131 2630 1142 2665; x_wconf 75' lang='lat'><strong>(</strong></span> <span class='ocrx_word' id='word_1_484' title='bbox 1166 2587 1179 2613; x_wconf 90' lang='lat'><strong>1</strong></span> <span class='ocrx_word' id='word_1_485' title='bbox 1198 2586 1264 2614; x_wconf 83' lang='lat' dir='ltr'>Male</span> <span class='ocrx_word' id='word_1_486' title='bbox 1275 2587 1318 2614; x_wconf 88' lang='lat' dir='ltr'>ed.</span> <span class='ocrx_word' id='word_1_487' title='bbox 1337 2587 1416 2615; x_wconf 86' lang='lat' dir='ltr'>Main.</span> <span class='ocrx_word' id='word_1_488' title='bbox 1435 2587 1502 2624; x_wconf 82' lang='lat' dir='ltr'>legit</span> <span class='ocrx_word' id='word_1_489' title='bbox 1521 2588 1626 2616; x_wconf 82' lang='lat' dir='ltr'>eisdem</span> <span class='ocrx_word' id='word_1_490' title='bbox 1646 2588 1728 2616; x_wconf 80' lang='lat' dir='ltr'>Urbis</span> <span class='ocrx_word' id='word_1_491' title='bbox 1741 2590 1864 2616; x_wconf 56' lang='lat' dir='ltr'>ecclesii&gt;</span> 
     </span>
     <span class='ocr_line' id='line_1_96' title="bbox 1144 2632 1241 2664; baseline 0.021 -8"><span class='ocrx_word' id='word_1_492' title='bbox 1144 2636 1171 2658; x_wconf 78' lang='lat' dir='ltr'>n.</span> <span class='ocrx_word' id='word_1_493' title='bbox 1191 2632 1241 2664; x_wconf 73' lang='lat' dir='ltr'>T.)-</span> 
     </span>
    </p>
   </div>
  </div>
 </body>
</html>
