2279 3260
146 226 194 252 An.
217 225 245 253 C.
263 220 332 254 167ss

953 228 1094 253 muamus
1116 231 1134 253 X
1159 231 1207 254 ΡΡ.

1738 229 1801 262 679
1848 238 1895 264 An.
1918 238 1944 264 ct
1970 240 2036 266 inu-r,

376 287 409 311 11.
432 277 603 310 Praeterea
620 286 686 309 non
705 276 916 309 admittantur
940 277 1069 318 religio·
1087 288 1090 339 J
1111 280 1223 312 eadem
1254 281 1385 313 licentia
1410 283 1493 325 qus-sl
1528 285 1645 316 omittat
1680 291 1784 318 votum
1812 286 1841 318 in

331 329 363 361 ni
378 329 516 372 professi
534 330 669 362 alioruin
684 329 848 369 Ordinum,
863 329 1067 371 religionum,

332 383 622 425 congregationum
643 383 694 415 vel
720 383 922 421 societatum,
944 383 1067 424 absque

331 435 462 468 licentia
487 435 618 478 capituli
645 435 817 477 generalis,
845 434 1068 467 cuneurrenti-

331 487 391 519 bus
415 487 539 519 duabus
564 487 709 530 partibus
728 498 763 520 ex
783 487 884 520 tribus
903 486 1069 528 suffragio-

331 550 403 572 rum
438 540 681 585 vocalium‚·et
717 551 786 573 eam
822 550 887 573 non
912 539 1069 572 concedat

331 592 409 635 quin
427 592 516 636 prius
530 592 711 635 perpendat
725 591 892 635 privilegia
910 591 1066 624 dictorum

331 644 486 677 Ordinum
504 650 535 678 et
551 655 680 678 causam
698 644 862 682 transitus,
886 649 918 676 et
934 653 1069 676 concur-

330 703 402 731 rant
426 699 488 731 alia
513 698 670 742 requisita
689 708 854 731 sacrorum
874 706 1045 730 canonum.

378 761 426 784 111.
442 751 578 794 Insuper
594 760 654 783 nec
673 750 850 792 recipiatur
866 749 904 782 ad
922 749 1066 788 chorum,

331 803 385 847 qui
411 813 477 836 non
502 803 621 836 habeat
653 802 764 835 aetatis
794 801 979 845 quindecim
1010 810 1067 833 an-

331 867 413 896 nos;
440 866 499 889 nec
524 856 563 889 ad
591 860 710 888 statum
732 855 817 894 laici,
844 855 898 897 qui
921 864 985 887 non
1012 854 1069 885 ha-

331 909 443 941 buerit
465 908 590 951 viginti,
607 909 657 940 vel
679 908 734 950 qui
752 907 926 940 excesserit
942 906 1068 948 trigesi-

331 973 419 995 mum
445 962 593 1005 quintum
618 971 750 1000 annum,
782 970 842 992 nec
871 959 988 1002 aliquis
1013 969 1068 991 eu-

331 1015 466 1054 nuchus,
492 1024 553 1047 nec
576 1018 744 1052 uxoratus,
771 1012 796 1044 si
821 1022 904 1044 uxor
939 1017 1068 1044 maneat

330 1068 363 1100 in
389 1068 530 1106 saeculo,
557 1076 616 1099 nec
640 1066 783 1098 irretitus
808 1065 913 1107 aliqua
942 1064 1068 1106 irregu-

329 1120 467 1160 laritate,
493 1130 574 1162 quae
600 1119 774 1152 difficiliter
794 1118 973 1162 dispensari
992 1128 1068 1160 pos-

329 1172 379 1211 sit,
405 1182 466 1204 nec
490 1172 650 1204 habentes
673 1171 854 1204 notabilem
879 1170 1068 1203 deformita-

331 1230 405 1265 tem,
430 1235 492 1258 nec
515 1225 687 1267 religiosus
712 1225 878 1268 professus
903 1224 987 1268 apud
1013 1234 1067 1267 pa-

330 1284 395 1311 tres
420 1282 550 1311 nostros
575 1277 753 1317 Calceatos,
778 1278 829 1310 vel
855 1277 938 1320 apud
971 1276 1066 1309 aliam

329 1331 432 1364 nostri
458 1330 586 1363 Ordinis
603 1330 909 1373 Congregafionem,
929 1340 989 1362 nec
1010 1330 1068 1362 ali-

330 1385 403 1427 quis
427 1394 464 1416 ex
489 1384 736 1427 comprehensis
761 1384 793 1416 in
818 1382 1067 1425 interrogatorio

329 1447 389 1480 pro
422 1437 707 1470 informationibus
738 1436 936 1469 novitiorum
970 1435 1068 1468 infra-

328 1489 436 1533 posito
461 1490 475 1533 ἓ
501 1489 662 1532 sequenti.
692 1489 803 1522 Nullus
829 1500 865 1522 cx
890 1488 1066 1531 praedictis

330 1543 363 1575 in
388 1543 452 1576 hoc
482 1553 571 1575 num.
607 1553 643 1575 111
674 1543 851 1585 recipiatur
878 1542 1000 1585 absque
1029 1542 1066 1574 li-

329 1595 436 1628 centia
460 1595 639 1628 definitorii
668 1596 848 1638 generali&
875 1599 906 1627 et
930 1594 961 1626 in
986 1594 1068 1626 casi-

329 1650 388 1681 bus
424 1649 455 1681 in
482 1648 598 1692 quibus
622 1648 711 1681 illam
740 1648 923 1681 concedere
960 1652 1068 1690 potest

330 1702 416 1733 iuxta
440 1701 489 1733 ius
514 1711 683 1734 commune
709 1706 740 1733 et
764 1705 890 1733 nostras
915 1701 1067 1733 constitu-

330 1753 447 1793 tiones,
472 1758 505 1786 et
527 1763 692 1795 nunquam
717 1753 805 1785 illam
831 1753 1008 1792 concedat,
1032 1758 1066 1785 ut

329 1807 445 1838 iterum
470 1805 654 1848 recipiatur,
681 1805 734 1847 qui
766 1805 825 1836 suit
856 1810 949 1837 antea
979 1805 1067 1837 novi-

329 1859 391 1891 tius
414 1863 543 1891 nostrae
567 1858 735 1900 religionis
758 1859 807 1891 vel
832 1857 977 1897 alterius,
994 1858 1064 1890 sine

328 1911 460 1955 praevio
493 1911 640 1944 examine
673 1921 785 1944 causae
822 1911 869 1943 sui
902 1921 1061 1953 egressus.

328 1964 481 1997 Volumus
506 1968 613 1996 tamen
644 1964 728 2007 quod
757 1964 782 1995 si
805 1964 922 2007 aliquis
952 1974 989 1996 ex
1018 1964 1065 1996 di-

328 2016 388 2049 ctis
414 2020 446 2049 et
469 2016 646 2059 prohibitis
672 2016 705 2048 in
730 2017 781 2048 his
803 2017 928 2049 duobus
954 2027 1065 2049 nume-

328 2069 371 2102 ris
389 2079 505 2112 nempe
532 2079 555 2102 11
578 2075 610 2101 et
633 2078 669 2102 111
693 2069 789 2101 huius
809 2070 823 2113 ξ
848 2070 991 2102 habitum
1017 2080 1064 2102 re-

329 2122 453 2165 ceperit
477 2127 508 2154 et
533 2122 771 2165 professionem
793 2122 906 2155 fecerit
933 2122 1001 2155 sine
1027 2122 1064 2155 li-

330 2174 435 2207 centia
455 2179 487 2207 et
513 2175 662 2208 facultate
687 2175 839 2218 requisita
857 2180 889 2207 et
914 2178 1063 2218 expressa

329 2227 363 2260 in
379 2227 552 2270 praedictis
581 2227 705 2260 duobus
724 2228 874 2267 numeris,
901 2228 971 2260 talis
989 2239 1064 2271 pro-

330 2279 427 2313 sessio
452 2279 493 2312 sit
519 2278 611 2312 firma
639 2284 671 2313 et
697 2280 810 2320 valida,
836 2281 910 2313 dum
935 2292 998 2313 non
1024 2281 1065 2314 sit

330 2343 367 2366 ex
392 2332 638 2375 comprehensis
662 2344 750 2366 num.
773 2344 795 2367 1.

373 2395 417 2419 1v.
443 2385 587 2428 Denique
610 2387 838 2430 praecipimus,
865 2388 951 2431 quod
975 2389 1065 2421 nulla

330 2438 449 2472 femina
465 2438 653 2472 admittatur
676 2440 716 2473 ad
736 2445 884 2474 nostrum
905 2441 1063 2482 habitum,

327 2496 362 2524 ut
398 2490 453 2523 flat
483 2491 585 2523 nostri
612 2491 739 2525 Ordinis
771 2494 980 2534 mantellata,
1008 2505 1063 2528 seu

329 2543 495 2583 tertiaria,
527 2544 622 2586 vulgo
653 2544 756 2585 beata,
788 2546 907 2590 absque
933 2547 1065 2581 licentia

328 2596 430 2641 patris
462 2596 644 2640 generalis,
674 2607 734 2630 nec
768 2599 971 2642 permittatur
994 2601 1063 2636 sine

1111 333 1258 366 manibus
1279 334 1414 367 alicuius
1432 337 1565 378 praelati
1588 349 1622 368 ex
1644 339 1768 375 nostris,
1794 339 1841 371 vel

1112 385 1243 418 alterius
1267 387 1417 429 religiosi,
1440 389 1497 421 suh
1523 392 1629 432 poena
1655 391 1842 433 privationis

1112 436 1207 469 officii
1226 438 1377 480 praelati¹
1396 445 1426 472 et
1442 440 1530 473 vocis
1548 446 1579 472 et
1597 442 1656 474 loc-i
1677 453 1733 485 per
1749 443 1843 475 trien-

1111 489 1197 542 nium
1222 491 1351 525 subdito
1377 493 1644 527 contravenienti.

1154 551 1175 574 1.
1204 542 1385 586 Antequam
1402 545 1440 577 ad
1460 551 1603 579 nostrum
1625 552 1766 579 sanctum
1787 548 1843 580 ha-
1881 561 1912 585 §3
1931 561 2034 582 nonnus.

1973 594 1977 607 Ι

1856 586 1944 607 [acuendi
1981 588 2036 607 usur-

1998 621 2035 639 11111

1111 593 1211 626 bitum
1237 597 1405 640 quisquam
1438 598 1643 639 admittatur,
1671 601 1957 642 religiosusmupnts

1111 646 1295 690 designatus
1315 660 1331 681 a
1355 655 1445 693 patre
1471 651 1660 693 provinciali
1689 653 1783 685 saciat
1808 665 1843 686 ex
1855 639 2037 686 3⁴1¹‚Ziiisstii¹‘¹'i..f5il

1111 700 1335 734 commissione
1360 703 1458 745 ipsius
1483 703 1742 737 informationem
1767 694 1905 738 ἰωή-ω’

1111 752 1211 785 dicam
1238 759 1269 786 et
1293 756 1473 797 plenariam
1498 757 1535 789 de
1554 767 1680 799 genere,
1702 759 1845 791 moribus

1111 809 1143 837 et
1168 805 1237 845 vita,
1263 806 1348 839 iuxta
1370 808 1474 840 Bullas
1492 808 1695 842 Summorum
1716 811 1846 844 Pontifi-

1110 868 1203 898 cum,
1230 860 1419 903 recipiendo
1445 861 1623 895 iuramenta
1647 874 1664 895 a
1691 864 1843 905 testibus,

1110 911 1256 954 factaque
1280 912 1353 946 illa²
1376 924 1435 957 per
1459 924 1598 957 sequens
1629 916 1847 960 interrogato·

1109 974 1203 997 rium.

1153 1027 1189 1050 11.
1208 1017 1324 1058 Primo,
1350 1019 1533 1062 interroget
1555 1020 1580 1053 si
1600 1021 1688 1054 testis
1707 1027 1755 1054 est
1773 1034 1846 1067 pro-

1109 1069 1263 1112 pinquus,
1287 1071 1310 1103 si
1333 1076 1380 1103 est
1404 1072 1522 1105 habilis
1540 1074 1719 1107 secundum
1740 1075 1789 1107 ius
1807 1076 1845 1109 ad

1110 1122 1362 1164 testificandum,
1388 1124 1413 1156 si
1443 1130 1589 1158 movetur
1614 1127 1771 1167 amicitia,
1797 1130 1846 1162 vel

1110 1174 1195 1215 odio,
1220 1176 1270 1208 vel
1299 1177 1368 1209 zelo
1394 1177 1543 1217 iustitiae,
1569 1180 1617 1211 vel
1643 1179 1667 1211 si
1697 1190 1848 1223 compre-

1110 1227 1233 1260 hensus
1266 1228 1430 1261 invenitur
1460 1230 1519 1261 sub
1552 1230 1660 1273 aliqua
1689 1241 1725 1263 ex
1751 1243 1848 1274 gene-

1109 1281 1231 1313 ralibus
1251 1282 1578 1324 interrogationibus,
1596 1285 1646 1317 vel
1664 1294 1762 1327 quare
1781 1296 1848 1319 mo-

1110 1338 1221 1366 veatur
1246 1334 1285 1367 ad
1307 1335 1556 1378 deponendum,
1582 1341 1614 1368 et
1638 1342 1716 1380 quot
1735 1339 1848 1371 aetatis

1111 1396 1213 1419 annos
1239 1386 1369 1420 haheat.

1154 1449 1202 1472 111.
1237 1439 1402 1480 Secundo,
1429 1440 1454 1473 si
1491 1442 1643 1484 cognovit
1678 1442 1767 1475 illum
1793 1444 1847 1487 qui

1110 1493 1293 1535 praetendit
1313 1498 1454 1526 nostrum
1477 1494 1636 1535 habitum,
1657 1496 1773 1528 eteius
1794 1508 1848 1540 pa-

1110 1549 1225 1585 rentes,
1251 1556 1325 1579 avos
1346 1551 1375 1578 et
1393 1547 1618 1587 ascendentes,
1644 1553 1676 1581 et
1692 1559 1709 1581 a
1726 1555 1847 1592 quanto

1111 1603 1256 1641 tempore
1280 1599 1352 1632 illos
1378 1601 1557 1642 cognoscit.

1154 1662 1196 1684 iv.
1216 1651 1333 1692 Tertio,
1355 1653 1380 1684 si
1406 1653 1464 1686 scit
1485 1654 1603 1686 dictum
1627 1656 1846 1697 praetenden-

1110 1709 1172 1737 tem
1198 1704 1396 1737 descendere
1422 1716 1438 1738 a
1470 1705 1610 1745 iudaeis,
1648 1707 1844 1749 haereticis,

1110 1758 1230 1790 mauris
1244 1762 1276 1790 et
1292 1758 1480 1797 mauriticis,
1496 1760 1545 1791 vel
1564 1770 1580 1791 a
1599 1761 1844 1802 poenitentiatis

1110 1821 1167 1853 per
1191 1811 1330 1843 tribunal
1352 1811 1382 1843 S.
1410 1811 1633 1854 inquisitionis
1659 1814 1699 1845 ob
1722 1815 1845 1847 crimen

1109 1863 1265 1903 haeresis,
1286 1865 1333 1897 vel
1360 1864 1517 1904 iudaismi,
1536 1866 1584 1898 vel
1602 1871 1709 1899 sectae
1735 1868 1846 1900 maho-

1109 1920 1265 1955 metanae,
1291 1917 1339 1949 vel
1365 1916 1389 1948 si
1414 1917 1535 1949 audivit
1560 1918 1701 1961 aliquem
1727 1930 1763 1951 ex
1789 1930 1846 1963 pa·

1107 1969 1254 2001 rentibus
1281 1979 1337 2001 seu
1363 1970 1613 2002 ascendentibus
1635 1971 1704 2003 eius
1723 1972 1846 2005 habere

1108 2021 1248 2064 aliquem
1274 2033 1309 2055 ex
1336 2022 1510 2065 praedictis
1537 2023 1728 2057 defectibus.

1150 2084 1180 2106 v.
1207 2073 1336 2112 Quarto,
1355 2075 1381 2107 si
1399 2075 1458 2107 scit
1478 2076 1749 2118 praetendentem
1775 2088 1844 2112 esse

1107 2126 1323 2169 neophytum,
1352 2137 1408 2159 seu
1435 2128 1562 2160 noviter
1586 2138 1778 2162 conversum
1805 2131 1844 2164 ad

1107 2177 1279 2218 tidem,¹vel
1306 2179 1425 2222 aliquid
1452 2190 1527 2222 erga
1552 2181 1614 2213 hoc
1639 2182 1772 2214 audivit.

1151 2241 1192 2263 vr.
1220 2230 1351 2272 Quinto,
1374 2232 1399 2263 si
1426 2232 1486 2264 scit
1511 2234 1595 2275 quod
1622 2233 1726 2267 dictus
1751 2245 1845 2278 prae·

1107 2283 1254 2323 tendens,
1271 2290 1424 2327 parentes
1441 2285 1509 2317 eius
1528 2287 1577 2318 vel
1595 2286 1642 2318 avi
1660 2287 1726 2319 sint
1742 2289 1843 2321 notati

1108 2336 1214 2380 aliqua
1238 2337 1383 2369 infamia.

1149 2399 1206 2422 vn.
1233 2389 1339 2430 Sexto,
1365 2390 1389 2422 si
1415 2391 1474 2423 scit
1499 2391 1585 2434 quod
1605 2392 1645 2424 sit
1662 2392 1745 2426 filius
1764 2394 1843 2436 legi-

1107 2442 1216 2483 timus,
1242 2453 1277 2475 ac
1295 2453 1331 2476 ex
1349 2443 1494 2486 legitimo
1511 2445 1729 2486 matrimonio,
1748 2451 1775 2479 et
1793 2446 1839 2479 uti

1106 2495 1179 2528 talis
1201 2495 1362 2529 iudicatus
1389 2501 1420 2529 et
1443 2502 1621 2540 reputatus.

1141 2567 1155 2593 1
1176 2564 1267 2593 Potius
1286 2566 1344 2602 lege
1359 2568 1492 2602 praelato
1514 2569 1552 2604 (n.
1569 2569 1616 2604 T.).

1142 2610 1158 2637 2
1177 2611 1308 2647 Legerem
1326 2613 1475 2649 faciatque
1494 2614 1577 2641 illam
1597 2615 1634 2650 (n.
1655 2615 1702 2650 τ.).
