2279 3260
147 255 195 282 An.
211 255 240 283 C.
263 255 331 284 ¹673

175 1578 256 1598 Abusus
267 1577 336 1603 quoad

153 1605 293 1630 pluralitatem
300 1605 337 1624 be-

154 1630 275 1651 nent-iorum
306 1637 336 1651 re-

151 1656 237 1678 eiduur.

178 2155 280 2182 Exceptio
309 2157 336 2178 ob

151 2186 265 2205 euunnnua
301 2183 337 2207 <10-

151 2211 238 2231 enimn.

972 259 1113 283 CLEMENS
1135 259 1153 282 X
1177 259 1227 283 1²1⁵.

342 305 462 339 debere
487 307 655 339 statuimus
682 312 713 340 et
737 307 944 347 ordinamus3
964 317 998 339 ac
1016 306 1076 349 pri-

340 357 456 400 vilegia
480 358 698 391 universitatis
734 364 766 391 ct
797 359 955 391 facultatis
983 368 1077 401 prae-

343 410 499 443 dit-tarum
522 412 663 453 benigne
687 412 882 454 ampliando7
904 412 1016 443 barum
1031 421 1078 443 sca

341 461 387 494 rIe
404 462 611 496 concedimus
628 468 659 496 et
676 463 891 505 indulgemus,
910 469 951 502 ut,
964 473 1076 495 mense

343 514 527 547 huiusmodi
552 516 697 555 durante,
723 526 781 558 per
801 516 929 547 casdem
954 515 1079 547 uniter-

344 567 470 600 sitatem
506 573 538 601 et
562 568 748 601 facultatem
785 568 900 601 artium
934 567 1080 600 nomina-

344 619 445 652 tiones
471 620 511 653 ad
535 621 590 653 illa
614 622 804 664 respective,
842 623 965 653 servata
994 624 1079 651 cete-

342 672 458 714 roquin
482 674 672 707 eorumdem
707 673 952 716 privilegiorum
977 672 1080 704 forma

344 731 375 758 et
399 725 621 768 dispositione,
648 726 732 766 sieri,
764 726 898 769 ipsaque
922 724 1079 757 beneficia

344 784 452 811 curata
485 790 502 811 a
539 779 713 811 nominatis
745 778 909 821 acceptari
944 776 1077 820 possint,

344 830 467 864 etiamsi
492 837 566 864 aute
590 831 860 870 nominationem,
887 830 936 862 cui
955 831 1016 862 iam
1033 830 1080 861 lo-

345 893 400 915 cus
425 883 473 923 sit,
511 894 625 916 eorum
659 883 783 916 vacatio
819 882 1000 921 evenisset·,
1036 881 1080 913 ita

345 935 469 968 scilicet
491 942 526 968 ut
549 936 574 968 si
601 936 718 979 aliquis
749 936 844 968 etiam
882 935 992 967 senior
1015 943 1082 966 ma-

345 987 446 1029 gister
470 988 627 1020 facultatis
653 988 779 1027 artium,
804 989 855 1020 vel
881 987 998 1029 aliquis
1016 985 1082 1017 exi-

346 1045 434 1072 stens
460 1040 499 1072 de
535 1040 674 1073 concilio
699 1038 929 1078 universitatis,
956 1038 994 1070 ad
1020 1038 1081 1070 tale

344 1092 538 1124 beneficium
564 1097 709 1125 curatum
735 1098 809 1124 ante
835 1091 922 1124 illius
946 1090 1082 1123 vacatio-

345 1154 418 1177 nem
443 1145 625 1178 nominatus
650 1145 758 1185 fuerit,
785 1145 863 1178 illud
897 1155 962 1177 non
992 1143 1081 1186 prius

345 1203 512 1241 accepta-re
537 1198 753 1241 permittatur,
782 1208 877 1241 quam
903 1196 1020 1229 iudicio
1040 1196 1082 1227 fa-

346 1251 474 1283 cultatis
499 1252 549 1284 vel
580 1251 798 1283 universitatis
815 1249 994 1293 respective
1020 1249 1081 1280 fue-

345 1302 386 1335 rit
410 1303 569 1336 iudicatus
586 1304 672 1336 bene
689 1303 845 1343 idoneus;
865 1304 952 1335 salvo
967 1301 1082 1334 nihilo-

346 1356 450 1389 minus
464 1356 611 1389 examine
634 1367 690 1399 per
705 1355 909 1389 Ordinarium
921 1354 1080 1393 faciendo,

346 1415 442 1452 prout
472 1419 530 1452 per
564 1409 746 1452 praedictas
783 1408 927 1451 Gregorii
959 1408 1025 1440 XIII
1051 1413 1082 1439 et

347 1462 436 1495 Pauli
455 1462 478 1494 V
507 1462 769 1505 praedecessoris
788 1462 911 1494 litteras
929 1470 1081 1504 expresse

348 1520 475 1547 cautum
500 1515 672 1558 reperitur.

392 1568 406 1611 ἓ
430 1567 483 1600 16.
510 1568 682 1600 Praeterea
713 1568 848 1600 abusum
877 1567 967 1600 illum
1001 1567 1083 1599 circa

347 1619 580 1653 beneficiorum
593 1620 784 1663 praesertim
795 1619 1083 1662 incompatibilium

348 1672 567 1715 pluralitatem
598 1673 736 1705 antehac
766 1672 982 1704 introductum
1016 1683 1084 1704 om-

348 1726 426 1758 nino
451 1725 599 1758 recidere
624 1725 791 1768 cupientes
807 1752 814 1765 ,
846 1725 1015 1757 statuimus
1050 1731 1084 1757 ut

348 1789 443 1812 nemo
467 1779 571 1822 possit
590 1779 752 1821 deinceps,
774 1779 867 1811 simul
887 1780 936 1811 vel
958 1789 1084 1811 succes-

347 1833 422 1872 sive,
447 1832 557 1875 vigore
582 1831 826 1875 privilegioi‘um
851 1832 915 1864 sive
941 1832 1082 1865 facultati

347 1884 463 1917 artium
489 1884 554 1917 sive
582 1883 784 1917 universitati
804 1884 989 1917 huiusmodi
1011 1895 1084 1917 con-

346 1948 520 1977 cessorum,
547 1931 657 1980 plures
693 1938 900 1970 canonicatus
931 1943 963 1970 et
992 1949 1083 1981 prae-

345 1990 478 2031 bendas,
504 1995 559 2022 aut
582 1991 677 2032 plura
700 1990 858 2022 beneficia
889 1996 1006 2031 curata,
1032 1991 1082 2023 vel

347 2043 578 2076 canonicatum
603 2049 635 2076 et
664 2044 894 2087 praebendam,
928 2055 964 2077 ac
997 2044 1082 2076 aliud

346 2096 540 2132 beneficium
558 2101 706 2129 curatum
722 2096 855 2140 pacifice
874 2097 1036 2130 obtinere.

391 2146 406 2188 ἓ
423 2145 476 2179 17.
497 2146 528 2179 Si
553 2151 662 2179 tamen
680 2146 805 2189 aliquis,
825 2147 1083 2190 post'parochia-

347 2199 413 2232 lem
431 2199 600 2232 ecclesiam
629 2201 681 2233 vel
701 2200 926 2233 canonicatum
945 2205 976 2233 et
992 2211 1082 2244 prae-

345 2251 485 2284 bendam
497 2251 604 2284 tenuis
618 2252 763 2285 redditus
777 2252 875 2284 annui
892 2252 1001 2295 vigore
1021 2253 1082 2295 pri-

345 2304 537 2347 vilegiorum
559 2305 744 2337 huiusmodi
761 2306 894 2348 pacifice
913 2307 1079 2339 obtentam

343 2359 393 2391 vel
419 2357 581 2397 obtentos,
607 2359 648 2390 ob
673 2358 883 2391 eminentiam
915 2359 1079 2392 doctrinae

344 2416 529 2453 assumptus
553 2410 650 2443 suerit
675 2411 715 2443 ad
740 2412 914 2454 legendum
939 2417 995 2444 aut
1030 2423 1080 2445 re-

344 2463 484 2505 gendum
509 2462 542 2495 in
567 2463 677 2507 aliquo
701 2465 904 2508 paedagogio
935 2476 991 2498 seu
1013 2467 1080 2498 col-

344 2516 430 2559 legio
456 2516 559 2549 dictae
585 2517 815 2558 universitatis,
841 2524 895 2551 aut
919 2519 959 2552 ad
984 2520 1079 2553 aliam

344 2569 508 2612 publicam
543 2570 757 2604 academicam
790 2572 1004 2614 functionem,
1042 2584 1078 2606 ex

344 2624 477 2668 speciali
491 2625 591 2669 gratia
608 2626 822 2671 indulgemus,
837 2633 871 2660 ut
886 2628 987 2672 possit
1005 2629 1077 2662 talis

1750 251 1814 284 [11:35
1861 260 1954 286 amc.
1979 259 2046 286 ¹673

1118 307 1226 339 adhuc
1259 307 1369 350 vigore
1403 308 1642 351 privilegiorum
1675 308 1856 351 praedicto-

1119 370 1190 392 rum
1230 360 1452 393 canouicatum
1488 365 1520 393 et
1545 361 1763 403 praebendam
1804 361 1853 393 vel

1119 412 1312 445 beneficium
1331 418 1475 445 curatum
1495 413 1651 451 obtinere,
1679 412 1775 455 priori
1804 413 1855 444 be-

1121 465 1235 498 ncficio
1274 466 1363 509 prius
1401 466 1504 498 libers·
1530 465 1561 497 in
1595 466 1744 497 manibus
1782 475 1856 496 nos-

1115 518 1178 550 tris
1203 528 1256 551 scu
1280 519 1415 551 Romani
1447 518 1609 551 Pontificis
1629 528 1687 561 pro
1708 523 1854 559 tempore

1120 569 1284 603 existentis
1309 571 1451 609 dimisso,
1483 570 1544 602 nisi
1578 569 1855 612 dispensationem

1121 632 1218 665 super
1241 623 1328 655 illius
1354 623 1536 656 retentione
1567 622 1605 655 ab
1632 623 1692 654 bac
1716 621 1747 653 S.
1774 621 1856 652 Sede

1121 675 1310 708 obtinuerit.

1164 727 1179 770 ξ
1203 727 1256 759 18.
1279 728 1380 760 Nemo
1402 739 1530 771 quoque
1548 727 1652 771 possit
1670 727 1783 759 eodem
1802 737 1857 757 au·
1889 737 1924 767 *oa
1940 737 2052 768 anama

1122 790 1175 819 no,
1189 781 1297 821 vigore
1313 781 1558 824 privilegiorum
1576 779 1772 817 huiusmodi,
1792 778 1855 811 dun
1868 765 1934 810 ‘elilim
1975 765 2052 784 ''⁶⁰⁶³''

1123 832 1278 864 beneficia
1298 833 1463 875 semplicia
1497 844 1559 865 non
1586 832 1782 876 rrwpdrentia
1806 841 1858 863 re-

1123 885 1295 917 sidentiam
1313 885 1445 928 pacifice
1465 896 1534 917 cum
1553 886 1653 917 fructu
1677 890 1856 927 acceptare,

1123 937 1185 969 nisi
1223 939 1400 971 secundum
1432 944 1519 981 petat
1566 949 1626 981 pro
1662 937 1748 969 finali
1785 946 1860 980 pro-

1122 990 1266 1030 visione3
1297 997 1346 1031 et,
1379 991 1433 1033 qui
1468 992 1659 1034 praetendet
1694 1000 1793 1022 unum
1828 995 1859 1022 et

1124 1054 1218 1076 unam
1252 1054 1288 1076 ex
1326 1043 1568 1076 canonicatibus
1601 1049 1633 1075 et
1660 1043 1858 1086 praebendis

1124 1096 1367 1135 cathedralium,
1406 1107 1442 1129 ac
1477 1097 1651 1129 Insulensis
1678 1097 1712 1128 B.
1742 1095 1856 1128 Mariae

1125 1149 1414 1191 Aquisgrauensis,
1452 1149 1666 1191 Tongrcnsis,
1704 1148 1860 1180 Harleba-

1124 1201 1241 1241 censis,
1264 1201 1294 1233 S.
1322 1201 1458 1233 Servatii
1486 1201 1700 1233 Traiectensis
1722 1200 1860 1242 oppido-

1124 1264 1205 1293 rum⁷
1246 1255 1294 1286 vel
1327 1253 1358 1285 S.
1391 1253 1533 1297 Dionysii
1574 1258 1625 1285 aut
1662 1252 1692 1285 S.
1728 1252 1856 1284 Ioannis

1124 1308 1174 1339 vel
1199 1306 1229 1339 S.
1257 1306 1344 1338 Pauli
1370 1306 1504 1339 civitatis
1536 1305 1724 1338 Leodiensis
1762 1306 1860 1337 colle-

1125 1359 1282 1401 giatarum
1318 1359 1527 1391 ecclesiarum
1569 1358 1762 1401 respective,
1795 1368 1860 1389 non

1124 1413 1227 1455 possit
1252 1412 1400 1445 obtinere
1427 1414 1598 1455 plusquam
1630 1421 1729 1443 unum
1766 1411 1862 1443 bene-

1126 1466 1229 1498 ficium
1256 1465 1409 1509 simplex]
1437 1465 1490 1508 qui
1515 1475 1590 1497 vero
1616 1475 1715 1496 unum
1751 1474 1786 1495 ex
1814 1474 1863 1496 ca-

1126 1518 1330 1551 nonicatibus
1355 1523 1386 1551 et
1410 1518 1605 1561 praebendis
1637 1517 1859 1554 inferioribus,

1126 1572 1175 1604 vel
1199 1571 1416 1614 parochialem
1450 1570 1630 1610 ecclesiam,
1664 1580 1726 1602 non
1761 1569 1864 1612 possit

1127 1624 1305 1657 obtinuisse
1330 1625 1500 1666 plusquam
1534 1624 1617 1662 duo3
1649 1633 1744 1655 nemo
1774 1621 1863 1654 deui-

1128 1688 1187 1719 que
1213 1687 1355 1719 unquam
1379 1677 1464 1708 ultra
1490 1675 1548 1707 tria
1572 1675 1740 1713 beneficia,
1766 1674 1862 1707 etiam

1128 1730 1335 1762 residentiam
1370 1740 1434 1761 nou
1469 1728 1677 1771 rctpiirsmtia,
1716 1728 1861 1760 obtinere

1127 1782 1240 1821 valeat,
1268 1783 1364 1815 etiam
1392 1793 1428 1814 ex
1454 1787 1543 1824 parte
1567 1781 1685 1813 diversi
1704 1780 1862 1824 privilegii

1125 1835 1323 1868 universitati
1338 1842 1368 1867 et
1383 1834 1524 1867 facultati
1546 1834 1660 1865 artium
1676 1833 1863 1865 huiusmodi

1127 1889 1304 1932 respective
1322 1888 1479 1921 concessi.

1171 1941 1262 1984 git).
1290 1941 1439 1974 Ceterum
1475 1951 1539 1973 non
1572 1939 1769 1973 intendimus
1805 1951 1863 1983 por
1899 1949 2058 1986 Taxambopo-

1125 1994 1304 2038 praemissa
1329 2000 1432 2026 taxam
1454 1993 1700 2033 l.=encticioi·uin‚
1719 1994 1756 2025 ad
1781 2005 1859 2036 quae
1873 1983 2057 2024 fflsslti'l'1.⁵⁰““¹'¹

1125 2048 1364 2081 nominationes
1377 2048 1487 2090 vigore
1506 2047 1750 2090 privilegiorum
1769 2058 1863 2090 prae-

1126 2101 1283 2133 dictorum
1309 2100 1379 2133 fieri
1411 2105 1556 2143 possunt,
1581 2101 1649 2132 ullo
1675 2101 1771 2133 modo
1797 2111 1863 2132 am-

1124 2154 1239 2197 pliare,
1266 2154 1322 2186 sed
1347 2153 1431 2186 circa
1453 2158 1554 2186 taxam
1574 2153 1759 2186 huiusmodi
1778 2153 1865 2196 ipso-

1126 2218 1195 2239 rum
1218 2206 1466 2250 privilegiorum
1489 2206 1748 2249 dispositionem,
1767 2206 1864 2239 etiam

1125 2261 1231 2302 quoad
1250 2259 1459 2292 canonicatus
1482 2265 1510 2291 et
1530 2259 1744 2301 praebendas,
1763 2259 1862 2291 aliave

1124 2311 1279 2344 beneficia
1304 2322 1401 2354 supra
1426 2322 1591 2353 expressa,
1616 2316 1773 2353 quatenus
1791 2312 1863 2343 illo-

1123 2375 1193 2397 rum
1211 2365 1347 2404 fructus,
1365 2364 1513 2396 redditus
1535 2370 1566 2397 et
1586 2369 1761 2407 proventus
1777 2375 1863 2396 eam-

1123 2419 1196 2451 dem
1220 2423 1326 2450 taxam
1362 2417 1530 2457 excedant,
1569 2417 1701 2449 omnino
1742 2417 1860 2449 servari

1122 2472 1280 2503 volumus.

1165 2524 1179 2566 ἓ
1204 2523 1257 2556 ⁶20.
1284 2523 1323 2556 Ut
1347 2529 1452 2556 autem
1477 2523 1710 2556 beneficiorum
1733 2523 1858 2555 unicui-
1894 2529 1914 2550 ln
1930 2530 1988 2550 tibris
2006 2532 2053 2551 uni·

1869 2557 1972 2576 versitatis
1981 2562 2053 2578 noten-

1123 2587 1184 2620 que
1210 2577 1408 2615 collatorum,
1437 2587 1491 2609 seu
1517 2578 1554 2609 ad
1581 2587 1663 2620 quae
1684 2576 1904 2628 unusquis-{³132
1927 2584 2053 2632 ¹‡‘;¹¹’³¹2‚³„¹;',',;

1122 2641 1183 2674 que
1208 2629 1271 2662 iam
1299 2630 1481 2663 nominatus
1515 2630 1629 2670 fuerit,
1665 2629 1778 2661 notitia
1815 2629 1986 2662 fat-pensiones·
