2279 3260
156 158 206 185 An.
228 155 257 183 C.
275 154 342 182 1673

347 202 483 235 vicarios
499 200 695 245 apostolicos
708 200 873 243 amplioris
889 199 996 231 favore
1014 208 1083 240 gra-

349 256 411 289 tiae
436 255 589 299 prosequi
615 256 770 293 volentes,
785 258 816 286 ct
841 262 953 285 eorum
977 251 1084 292 singu-

349 309 433 341 lares
458 318 614 351 personas
640 318 656 339 a
674 305 842 350 quibusvis
869 302 1085 337 exeommuni-

350 361 498 401 cationis,
516 360 742 403 suspensionis
761 364 792 391 et
809 357 983 397 interdicti,
1002 356 1084 388 aliis-

352 424 414 457 que
430 412 662 446 ecelesiasticis
684 411 869 449 sententiis,
892 410 1036 443 censuris
1054 413 1085 441 et

350 466 484 508 poenis,
512 476 528 498 a
558 465 628 497 iure
658 465 708 497 vel
733 465 773 496 ab
798 463 948 501 bomine,
971 461 1083 505 quavis

351 518 522 551 occasione
539 519 589 550 vel
608 519 704 550 causa
723 518 806 557 latis,
823 517 847 549 si
870 517 987 560 quibus
1010 525 1086 557 quo-

351 571 534 604 modolibet
556 571 732 603 innodatae
762 570 922 609 existunt,
949 569 987 602 ad
1012 567 1086 600 0110-

352 629 439 657 ctum
460 624 679 668 praesentium
705 624 871 656 dumtaxat
887 631 1088 664 consequen-

353 677 438 717 dum,
457 677 573 709 harum
598 677 682 710 serie
714 677 922 709 absolventes
942 679 973 707 et
998 674 1088 706 abso-

353 730 435 762 lutas
464 730 533 762 sore
570 734 761 769 censentes,
793 729 831 761 dc
855 726 1086 761 venerabilium

354 782 486 815 fratrum
506 788 691 815 nostrorum
709 782 738 814 S.
761 782 796 813 R.
820 781 854 813 E.
878 779 1087 812 cardinalium

354 846 453 879 super
477 835 615 877 negotiis
643 834 864 878 spiritualibus
888 832 979 875 regni
1004 832 1088 864 Sina-

354 899 427 920 rum
457 899 474 921 a
506 888 598 920 nobis
636 887 822 930 specialiter
861 887 1090 929 deputatorum

355 940 501 980 consilio,
528 940 733 982 septennium
752 939 931 982 praefatum
948 938 985 970 ad
1011 936 1090 969 alios

355 998 482 1035 septem
506 1003 608 1025 annos
627 1003 643 1024 a
669 992 732 1024 fine
759 992 904 1024 eiusdem
929 989 1090 1033 septennii

355 1044 604 1087 computandos,
632 1044 716 1076 dicta
741 1043 944 1083 auctoritate,
980 1048 1091 1074 tenore

355 1096 584 1138 praesentium,
598 1106 822 1138 prorogamus,
843 1095 1043 1128 extendimus
1061 1098 1092 1126 et

356 1148 562 1191 ampliamus,
574 1154 741 1191 praeterea
757 1148 908 1190 praefatis
921 1147 1091 1179 Francisco

356 1207 387 1233 et
404 1202 511 1242 Petro,
528 1211 657 1234 necnon
683 1201 754 1233 aliis
781 1201 906 1233 duobus
931 1199 1094 1243 episcopis

356 1264 415 1296 per
436 1264 503 1294 eos,
531 1264 586 1286 seu
612 1264 723 1286 eorum
757 1254 907 1293 alterum,
941 1257 995 1285 aut
1030 1251 1094 1294 pri-

356 1316 444 1338 mum
467 1307 506 1339 ab
537 1317 647 1339 eorum
680 1307 782 1339 altero
813 1306 985 1349 superstite
1010 1305 1096 1338 ordi-

357 1364 468 1391 natum
494 1359 685 1402 respective,
711 1359 820 1401 vigore
846 1359 981 1391 aliarum
1006 1357 1096 1390 bina-

358 1422 429 1444 rum
453 1417 637 1444 nostrarum
671 1412 768 1444 etiam
800 1411 832 1444 in
859 1412 960 1444 Forma
986 1410 1095 1443 Brevis

358 1464 540 1496 litterarum
573 1464 624 1496 die
652 1475 681 1497 iv
715 1463 867 1497 februarii
903 1472 1040 1496 MDCwa
1066 1468 1097 1494 et

360 1517 411 1550 die
436 1527 536 1550 xxvnl
568 1517 720 1550 februarii
754 1517 898 1560 proxime
933 1515 1097 1559 praeteriti

359 1570 542 1613 respective
568 1570 802 1613 expeditarum,
837 1580 972 1612 quarum
1009 1574 1099 1601 teno-

361 1633 414 1656 res
450 1623 593 1656 ibidem¹
627 1634 684 1666 pro
712 1624 807 1666 plene
839 1628 871 1654 et
903 1621 1099 1654 sufficienter

363 1675 523 1719 expressis
542 1675 655 1708 haberi
681 1677 837 1715 volumus,
857 1674 1097 1713 consecrandis

365 1740 443 1771 quos
469 1728 589 1771 pariter
614 1728 748 1761 vicarios
766 1727 960 1771 apostolicos
977 1727 1009 1759 in
1028 1737 1100 1770 par-

364 1781 449 1813 tibus
474 1781 648 1823 praedictis
672 1791 730 1823 per
748 1780 879 1812 easdem
899 1779 1022 1812 litteras
1040 1779 1100 1811 sub

365 1834 462 1866 certis
487 1834 591 1866 modis
618 1839 649 1866 et
674 1834 773 1865 forma
800 1833 919 1866 ibidem
941 1832 1101 1875 expressis

367 1887 597 1930 deputavimus,
624 1892 659 1918 ut
682 1886 755 1929 ipsi,
782 1891 844 1918 tam
875 1886 1002 1918 residuo
1037 1885 1103 1928 pri-

366 1939 499 1972 modicti
533 1939 706 1982 septennii,
744 1949 838 1982 quam
874 1938 943 1971 aliis
979 1944 1102 1981 septem

368 1993 460 2025 annis
484 2002 543 2035 per
567 1997 753 2035 praesentes
778 1991 962 2034 prorogatis
988 1991 1105 2023 duran-

368 2046 463 2084 tibus,
504 2045 640 2077 clericos
676 2049 926 2076 memoratarum
966 2044 1103 2086 partium

370 2098 539 2140 indigenas
566 2098 662 2130 etiam
687 2098 808 2139 absque
833 2097 947 2137 titulo,
973 2097 1106 2129 servatis

371 2157 479 2184 tamen
504 2151 580 2184 alias
606 2157 669 2183 tam
695 2162 732 2183 ex
757 2161 921 2183 sacrorum
947 2161 1106 2182 canonum

373 2216 467 2247 quam
493 2215 529 2237 ex
555 2204 821 2247 primodictarum
846 2209 1032 2236 nostrarum
1057 2203 1108 2235 lit-

374 2263 512 2289 terarum
532 2257 731 2300 praescripto
749 2257 923 2296 servandis,
942 2257 982 2288 ad
1002 2266 1108 2288 sacros

375 2315 407 2342 et
430 2311 667 2353 presbyteratus
698 2309 827 2342 ordines
852 2318 1046 2351 promovere
1072 2308 1109 2340 li-

375 2363 435 2395 cite
462 2368 493 2394 et
516 2362 617 2395 libere
641 2362 767 2404 possint
791 2367 822 2393 et
848 2362 986 2400 valeant,
1014 2361 1109 2393 sacul-

376 2420 473 2448 tatem
500 2414 619 2456 elapsis
645 2419 771 2456 septem
804 2414 896 2446 annis
928 2424 986 2456 per
1021 2423 1111 2456 prae-

376 2473 485 2501 sentes
512 2467 634 2499 litteras
660 2466 841 2509 prorogatis
872 2466 960 2499 illico
987 2466 1111 2508 expira-

414 2532 425 2555 1
448 2528 538 2556 Potius
558 2528 615 2564 lege
633 2528 730 2556 itidem
750 2536 798 2563 pro
814 2528 915 2556 ibidem
931 2529 968 2562 (R.
984 2528 1031 2562 T.).

984 148 1126 174 CLEMENS
1147 150 1165 173 Χ
1190 149 1238 173 ΡΡ.

1758 139 1817 172 461
1868 148 1916 174 An.
1938 147 1965 173 c.
1985 147 2051 173 1073

1125 196 1236 230 turam¹
1253 198 1444 231 auctoritate
1456 203 1486 230 et
1502 204 1612 232 tenore
1624 198 1774 241 praefatis
1787 208 1859 230 con-

1125 249 1270 282 ccdimus
1307 255 1338 282 et
1373 250 1592 292 inipai·timur·,
1630 251 1713 283 salva
1753 255 1857 282 tamen

1126 313 1254 346 semper
1278 302 1308 335 in
1333 302 1520 345 praemissis
1553 303 1742 336 auctoritate
1778 302 1860 335 Con-

1127 357 1323 398 gregationis
1358 356 1601 399 praedictorum
1633 356 1856 389 cardinalium.

1171 409 1239 441 Non
1275 409 1476 441 obstantibus
1512 408 1716 451 apostolicis,
1754 419 1788 440 ac
1828 407 1859 439 in

1127 461 1361 494 universalibus
1384 461 1696 504 provincialibusque
1715 460 1859 492 conciliis

1939 419 2052 440 Uerbanno

1870 447 2022 464 contrarioiuin

1117 514 1234 554 1editis,
1261 514 1467 556 generalibus
1489 515 1537 546 vel
1563 514 1769 556 specialibus
1789 523 1863 545 con-

1128 567 1348 599 stitutionibus
1375 573 1406 599 ct
1438 566 1708 605 ordinationibus,
1735 566 1864 598 ceteris-

1129 629 1191 662 que
1217 619 1386 652 contrariis
1412 619 1677 662 quibuscumque.

1165 681 1258 707 Datum
1280 681 1387 713 Romae,
1400 681 1470 716 apud
1486 680 1640 707 stuariam
1657 679 1798 712 Maiorem,
1815 679 1865 705 sub

1129 725 1227 751 annulo
1248 725 1401 759 piscatoris,
1423 724 1464 750 die
1485 731 1529 751 xm
1550 724 1637 751 martii
1659 730 1776 758 Μοαωιν,
1797 732 1863 758 pon-

1131 768 1246 794 tificatus
1265 768 1352 795 nostri
1372 776 1441 794 anno
1462 777 1486 794 x.

1175 830 1189 872 ἓ
1214 829 1245 862 ⁶2.
1272 830 1309 862 Et
1334 830 1470 863 subinde
1502 829 1604 863 l'elicis
1630 829 2060 885 recordationisfacffiifflgnsmix

1132 882 1280 915 Clemens
1306 883 1390 925 Papa
1422 883 1460 914 lx
1493 883 1727 925 praedecessor
1759 887 2061 920 nostert-ffifflmnaa...-

1134 933 1338 974 sacultatcm‘2,
1350 935 1473 967 eisdem
1486 935 1648 977 episcopis
1660 935 1786 967 vicariis
1796 944 1867 977 apo·
1877 918 2061 973 {?2''¹{h³l.⁰31¹22‘„¹2

1133 987 1253 1019 stolicis
1279 998 1338 1029 per
1361 987 1579 1029 praeinsertas
1610 988 1733 1019 litteras
1762 998 1779 1018 a
1802 968 2063 1024 nie-fflss’illltuffiffl'r'hd.

1135 1044 1261 1071 morato
1281 1039 1464 1071 Alexandro
1482 1039 1732 1081 praedecessore
1757 1040 1795 1072 ad
1824 1049 1870 1071 se·
1880 1024 1969 1048 “ww‘'

1136 1092 1304 1135 ptennium
1317 1097 1508 1134 prorogatus
1532 1097 1563 1125 et
1584 1093 1621 1124 de
1637 1103 1719 1125 novo
1742 1102 1870 1125 conces—

1136 1154 1184 1176 sas
1209 1144 1406 1187 respective,
1432 1145 1470 1177 ad
1497 1145 1577 1177 alios
1604 1150 1731 1187 septem
1767 1155 1869 1177 annos

1137 1196 1275 1240 pariter3
1292 1197 1485 1229 auctoritate
1505 1197 1649 1230 extendit
1667 1203 1698 1229 et
1722 1207 1875 1239 proroga-

1136 1249 1188 1289 vit,
1215 1255 1247 1283 et
1270 1250 1348 1282 alias
1375 1255 1474 1292 prout
1506 1250 1537 1282 in
1571 1250 1673 1293 ipsius
1698 1249 1873 1283 Clementis

1138 1302 1309 1345 praedictis
1335 1302 1450 1334 litteris
1476 1302 1564 1345 pari⁴
1581 1302 1614 1334 in
1639 1302 1740 1334 Forma
1765 1301 1875 1334 Brevis

1139 1355 1189 1387 die
1209 1365 1266 1387 xm
1291 1355 1432 1387 octobris
1457 1364 1595 1387 noctxm
1619 1355 1760 1397 desuper
1785 1364 1876 1396 expe-

1140 1407 1225 1447 ditis,
1252 1417 1387 1450 quarum
1409 1413 1555 1439 tenorem
1573 1407 1797 1450 praesentibus
1818 1417 1877 1449 pro

1139 1461 1236 1503 plene
1263 1466 1294 1492 et
1319 1460 1515 1492 sussieienter
1533 1470 1688 1502 expresso
1707 1466 1738 1492 et
1755 1460 1876 1492 inserto

1141 1513 1253 1545 baberi
1277 1514 1435 1553 volumus,
1461 1513 1594 1545 uberius
1621 1512 1816 1545 continetur.

1183 1567 1197 1609 g
1222 1566 1252 1599 3.
1280 1565 1369 1597 Nunc
1394 1570 1501 1597 autem
1537 1576 1604 1605 nos,
1637 1570 1672 1596 ut
1702 1564 1877 1597 christiana
1914 1573 2007 1593 ronam
2027 1578 2072 1592 aas·

1142 1619 1256 1661 religio
1283 1624 1314 1651 et
1337 1618 1499 1650 catholica
1534 1617 1624 1657 sides,
1652 1617 1788 1650 Domino
1820 1599 2072 1654 be-‘iic'lissfffillffissffss

1142 1671 1324 1710 nedieente,
1346 1670 1378 1702 in
1396 1669 1539 1713 partibus
1561 1669 1738 1712 praedietis
1757 1652 2072 1703 firmiusigssiiffla'iiffii'ifii'ti

1143 1723 1353 1766 stabiliusque
1379 1722 1510 1755 solidari
1536 1727 1567 1755 et
1592 1723 1686 1755 latius
1705 1708 2027 1766 propagariwpifflmum'

1143 1778 1281 1816 valeant,
1316 1786 1375 1819 pro
1412 1775 1582 1808 commissa
1617 1775 1711 1807 nobis
1744 1775 1879 1807 caelitus

1144 1829 1316 1873 pastoralis
1341 1828 1435 1862 officii
1462 1831 1539 1861 cura
1578 1828 1753 1860 salubriter
1776 1827 1882 1871 provi-

1146 1883 1232 1921 dere,
1258 1892 1293 1914 ac
1318 1881 1521 1924 supradictos
1548 1881 1719 1924 episcopos
1746 1880 1883 1912 vicarios

1146 1934 1343 1978 apostolicos
1362 1934 1527 1977 amplioris
1546 1935 1651 1966 favore
1672 1933 1794 1975 gratiae
1814 1943 1882 1976 pro-

1147 1988 1238 2031 sequi
1255 1989 1410 2028 volentes,
1429 1993 1459 2019 et
1477 1997 1587 2020 eorum
1605 1987 1786 2029 singulares
1811 1997 1882 2028 per-

1147 2052 1241 2074 sonas
1278 2052 1295 2073 a
1328 2040 1492 2083 quibusvis
1528 2038 1880 2078 excoimminicationis‚

1148 2093 1368 2136 suspensionis
1394 2099 1426 2125 et
1450 2093 1624 2133 interdicti,
1647 2093 1758 2125 aliisve
1781 2093 1885 2124 eccle-

1149 2147 1283 2179 siasticis
1308 2145 1452 2178 censuris
1487 2150 1518 2178 et
1542 2145 1668 2188 poenis,
1695 2156 1712 2177 a
1737 2145 1807 2176 iure
1832 2145 1883 2177 vel

1151 2202 1189 2233 ab
1215 2199 1360 2239 homine,
1387 2199 1495 2242 quavis
1521 2198 1691 2231 occasione
1715 2199 1764 2230 vel
1789 2199 1886 2230 causa

1152 2254 1235 2293 latis,
1260 2253 1287 2285 si
1312 2253 1426 2295 quibus
1448 2252 1693 2295 quomodolibet
1710 2251 1884 2284 innodatae

1189 2351 1198 2376 1
1218 2348 1283 2375 Male
1299 2348 1363 2375 edit.
1380 2348 1458 2374 lllain.
1475 2348 1538 2383 legit
1553 2348 1753 2383 eoepiratarum
1774 2355 1820 2382 pro
1836 2354 1885 2373 ex-

1150 2394 1317 2428 piraturam
1338 2394 1375 2425 (a.
1391 2393 1440 2422 1.).

1188 2438 1203 2463 ‘2
1219 2437 1315 2471 Aptius
1335 2437 1393 2471 lege
1412 2437 1563 2470 facultates
1579 2437 1617 2471 (R.
1632 2436 1682 2469 T.).

1189 2482 1204 2510 3
1219 2481 1311 2516 Aptius
1326 2482 1384 2515 lege
1397 2482 1467 2514 pari
1483 2489 1529 2515 pro
1542 2481 1655 2515 pariter
1669 2484 1706 2514 (R.
1726 2480 1773 2511 T.).

1189 2527 1205 2553 4
1225 2525 1289 2554 Heio
1303 2526 1390 2560 potius
1405 2525 1509 2560 legend.
1524 2525 1640 2560 pariter
1654 2532 1702 2559 pro
1714 2523 1783 2558 pari
1797 2522 1886 2558 timu).
