2279 3260
229 236 277 262 Αη.
295 235 325 262 C.
346 235 412 262 ¹672
457 227 520 259 ,⁶3ssss

239 1031 287 1051 lton·
303 1032 406 1053 navigan-

225 1058 279 1076 intui«
295 1061 313 1077 et
331 1061 369 1077 iter
385 1065 405 1077 a·

224 1086 328 1108 acutium.

421 284 531 328 ibique
548 291 582 317 ut
606 296 702 329 supra
730 287 902 326 oraverint,
930 297 965 319 ac
990 289 1101 329 quarta
1125 291 1157 318 et

421 340 508 370 sexta
527 338 604 371 seria
622 350 657 371 ac
673 340 808 372 sabbato
827 340 958 372 alterius
975 350 1011 372 ex
1030 339 1156 371 hebdo-

419 390 520 422 madis
535 391 722 424 huiusmodi
736 391 958 430 ieiunaverint,
969 391 1154 434 pariterque

418 447 548 484 peccata
566 453 622 475 sua
640 444 790 483 confessi,
807 454 842 475 ac
859 443 889 475 in
909 443 959 475 dic
974 442 1154 475 dominicae

420 493 606 528 immediate
632 495 811 538 sequentis,
837 496 887 527 vel
910 495 972 526 alia
997 494 1047 526 die
1072 494 1156 526 intra

422 547 566 579 camdem
593 548 840 586 hebdomadam,
856 547 1056 579 sanctissima
1074 556 1157 578 com·

422 599 575 632 munione
599 600 711 632 resecti
738 599 874 639 suerint,
903 604 934 631 et
957 598 1155 642 pauperibus

420 651 560 693 aliquam
585 653 838 694 eleemosynam,
864 656 899 682 ut
923 650 1152 693 praemittitur,

419 704 642 745 erogaverint;
669 704 891 747 plenissimam
911 703 1054 736 omnium
1079 714 1154 746 pec-

419 761 562 794 catorum
588 766 716 788 suorum
742 756 977 797 indulgentiam
996 761 1026 787 et
1045 756 1155 787 remis-

418 809 551 847 sionem,
571 809 652 841 sicut
673 808 704 840 in
731 819 816 841 anno
840 808 971 841 iubilaei
997 808 1154 840 visitanti-

417 861 475 892 bus
490 866 593 893 certas
612 861 766 893 eeclesias
783 861 865 893 iutra
883 865 914 893 et
932 866 1020 893 extra
1035 860 1152 893 Urbem

417 913 612 955 praedictam
645 914 780 946 concedi
818 913 1005 953 consuevit,
1040 918 1152 945 tencre

417 965 634 1007 praesentium
660 966 867 998 concedimus
893 971 924 998 et
947 966 1115 1008 largimur.

461 1019 474 1060 ξ
498 1018 529 1050 li.
557 1018 747 1060 Navigantes
771 1029 847 1051 vero
874 1024 906 1051 et
926 1019 989 1051 iter
1010 1023 1151 1061 agentes,

417 1075 451 1102 ut
475 1082 546 1103 cum
578 1071 719 1114 primum
744 1071 782 1103 ad
808 1082 863 1103 sua
887 1082 956 1104 sese
991 1070 1153 1103 domicilia

417 1123 610 1166 receperint,
637 1124 866 1167 suprascriptis
892 1125 1041 1167 peractis,
1061 1129 1093 1157 et
1109 1124 1153 1156 vi-

417 1175 508 1208 sitata
523 1176 661 1209 ecclesia
678 1176 867 1215 cathedrali,
882 1177 931 1209 vel
949 1176 1082 1216 maiore,
1100 1182 1152 1208 aut
1172 1207 1173 1212 ,

1002 237 1182 263 amittamur
1204 238 1356 265 ROMANUM

1944 240 1993 268 An.
2010 240 2039 268 C.
2057 241 2124 269 ¹672

1200 287 1380 320 facultatem
1396 293 1432 320 ut
1449 288 1508 332 ipsi
1537 289 1575 322 ad
1601 289 1689 322 hunc
1713 289 1859 322 effectum
1878 289 1934 322 eli-

1199 349 1275 381 gere
1294 340 1434 382 possint¹
1453 352 1688 385 quemcumque
1707 343 1932 386 presbyterum

1198 391 1432 425 confessarium
1451 398 1514 426 tam
1531 396 1730 427 saecularem
1757 405 1852 437 quam
1879 405 1932 426 cu-

1197 442 1296 475 iusvis
1320 443 1449 477 Ordinis
1474 450 1505 478 et
1523 445 1661 478 instituti
1687 447 1880 488 regularem,
1894 456 1931 478 ex

1197 495 1392 537 approbatis,
1418 503 1454 529 ut
1477 498 1715 540 praemittitur,
1743 510 1760 531 a
1785 500 1931 531 locorum

1196 546 1384 589 Ordinariis,
1408 549 1461 591 qui
1483 560 1538 582 eos
1562 551 1601 583 ab
1627 550 1933 584 excommunicatio·
2098 559 2113 573 ²

1197 599 1266 639 nis,
1291 601 1516 643 suspensionis
1549 607 1581 634 et
1610 602 1679 635 aliis
1704 602 1930 636 ecclesiasticis

1196 653 1366 685 sententiis
1392 658 1424 686 et
1448 654 1603 694 censuris,
1623 665 1640 686 a
1657 655 1726 688 iure
1744 657 1794 688 vel
1819 655 1858 688 ab
1876 656 1933 688 lio-

1196 704 1299 744 mine,
1326 705 1438 748 quavis
1469 709 1563 738 causa
1599 707 1672 739 latis
1708 717 1763 739 seu
1788 707 1930 747 inflictis,

1196 767 1325 790 necnon
1344 758 1383 790 ab
1409 759 1559 791 omnibus
1573 760 1723 802 peccatis,
1739 760 1932 800 excessibus,

1196 810 1383 843 criminibus
1414 816 1445 843 et
1471 811 1614 852 delictis,
1637 812 1838 855 quantumvis
1864 823 1934 854 gra—

1196 863 1285 895 vibus
1311 868 1343 896 et
1367 864 1569 904 enormibus,
1597 864 1692 896 etiam
1717 865 1859 897 locorum
1878 863 1934 897 Or-

1196 916 1339 956 dinariis,
1362 917 1426 949 sive
1445 916 1539 949 nobis
1560 922 1592 949 et
1615 916 1688 948 Sedi
1716 917 1932 959 Apostolicae‚

1156 1006 1160 1007 ⁷
1196 968 1291 1000 etiam
1317 969 1349 1001 in
1375 969 1491 1001 litteris
1509 969 1560 1002 die
1578 969 1703 1002 Coenae
1722 968 1848 1001 Domini
1868 969 1932 1011 legi

1195 1022 1296 1054 solitis
1314 1023 1483 1062 contentis,
1500 1028 1531 1054 et
1547 1022 1626 1055 alias
1638 1032 1695 1064 per
1712 1032 1932 1065 quascumque

1195 1079 1320 1107 nostras
1334 1081 1388 1107 aut
1400 1075 1620 1108 Romanorum
1636 1074 1827 1107 Pontificum
1845 1085 1934 1117 prae-

1195 1127 1404 1160 decessorum
1439 1134 1623 1160 nostrorum
1660 1127 1907 1160 constitutiones
1922 1154 1929 1167 ,

1195 1191 1330 1222 quarum
1349 1186 1479 1213 tenores
1499 1181 1724 1223 praesentibus
1749 1180 1862 1213 haberi
1881 1190 1933 1212 vo-

416 1229 595 1272 parochiali
632 1229 692 1262 loci
734 1239 845 1262 eorum
876 1230 1041 1269 domicilii,
1068 1241 1152 1262 eam-
1172 1226 1173 1277 J
1195 1233 1301 1265 lumus
1326 1244 1384 1275 pro
1425 1234 1601 1276 expressis,
1628 1233 1929 1276 quomodocumque

416 1283 489 1314 dom
514 1282 748 1325 indulgentiam
782 1283 937 1326 consequi
971 1284 1097 1326 possint
1121 1288 1152 1316 et
1172 1283 1173 1296 ³
1194 1285 1384 1325 reservatis,
1410 1284 1443 1317 in
1470 1286 1539 1318 soro
1571 1285 1789 1318 conscientiae
1816 1290 1847 1318 et
1871 1285 1932 1318 hac

415 1337 557 1375 valeant,
1171 1332 1260 1369 ‘vice
1287 1343 1407 1370 tantum
1440 1339 1612 1371 absolvere
1649 1344 1680 1371 et
1713 1338 1854 1371 liberare
1879 1349 1931 1370 va-

459 1387 516 1430 §5.
533 1388 746 1431 Regularibus
756 1393 863 1421 autem
873 1388 1018 1432 personis
1035 1390 1152 1421 utrius-
1171 1378 1172 1417 l
1193 1389 1296 1429 leant;

1236 1442 1250 1484 ἓ
1275 1442 1305 1475 7.
1325 1443 1361 1475 Et
1386 1443 1519 1486 insuper
1535 1449 1608 1476 vota
1628 1453 1852 1486 quaecumque
1871 1444 1929 1487 (re
1966 1457 2017 1477 num
2033 1462 2124 1477 eommu-

1901 1495 1907 1501 ι
1940 1486 1985 1504 tare
2001 1486 2058 1505 vota.

263 1408 328 1427 Etiam
345 1414 404 1432 tenu·

223 1434 301 1454 tmtsuz
314 1441 332 1454 iu
348 1435 403 1454 clau·

221 1462 404 1485 „mmmmm
416 1452 477 1484 que
505 1452 610 1482 sexus,
632 1442 727 1474 etiam
756 1442 787 1474 in
813 1442 958 1474 claustris
992 1429 1173 1500 perpetuo!

245 2290 342 2313 mentia«
364 2293 401 2314 eli-

221 2321 282 2343 tnutlt
320 2319 402 2349 cpusth
445 2336 450 2340 .
467 2335 473 2341 .
513 2335 542 2353 ἰ,
570 2347 576 2351 Ἴ
596 2347 606 2353 η
687 2336 702 2353 1-
1091 2339 1097 2345 ·
1123 2339 1128 2344 ·

219 2336 606 2392 '‘''''331..llfssfl'‘ti{³¹¹¹¹d¹⁴¹b⁸¹³
640 2342 810 2379 uniusque
836 2348 942 2378 sexus,
968 2344 1030 2371 tam
1057 2340 1146 2372 laicis

217 2376 399 2445 {liinffgtimgegffffl-
413 2400 506 2432 quam
526 2390 760 2428 ecclesiastici&
779 2391 994 2423 saecularibus
1013 2398 1044 2425 et
1058 2403 1146 2435 regu-

416 1495 618 1536 degentibus,
641 1505 767 1527 necnon
794 1495 864 1527 aliis
883 1495 1148 1538 quibuscumque⁷
1170 1507 1171 1537 j

415 1553 478 1579 tam
504 1547 594 1580 laicis
613 1557 706 1589 quam
730 1547 966 1587 ecclesiasticis,
978 1548 1150 1588 saeculari-

414 1601 472 1632 bus
496 1602 545 1634 vel
570 1601 794 1643 regularibus,
828 1601 924 1633 etiam
956 1601 988 1633 in
1019 1612 1148 1634 carcere

415 1659 470 1685 aut
495 1653 678 1696 captivitate
704 1653 938 1694 existentibus,
965 1655 1014 1686 vel
1040 1655 1148 1697 aliqua

414 1706 559 1749 corporis
577 1705 762 1738 infirmitate
791 1717 847 1737 seu
862 1706 925 1739 alio
944 1717 1146 1749 quocumque

413 1758 645 1800 impedimento
664 1758 811 1797 detentis,
832 1758 884 1801 qui
906 1769 1004 1801 supra
1022 1769 1150 1801 expres-

414 1821 449 1842 sa
484 1811 531 1843 vel
558 1820 668 1843 eorum
690 1810 797 1854 aliqua
815 1817 979 1853 praestare
1001 1812 1148 1854 nequire·
1169 1818 1170 1824 ¹

414 1862 486 1901 rint,
512 1868 546 1894 ut
570 1863 624 1895 illa
648 1864 861 1896 confessarius
888 1875 924 1897 ex
950 1864 1012 1896 iam
1030 1876 1149 1908 appro-

414 1915 497 1947 batis
516 1926 532 1947 a
550 1917 693 1948 locorum
710 1916 887 1950 Ordinariis
908 1923 980 1950 ante
997 1929 1149 1961 praesen-

415 1967 490 1999 tium
516 1968 788 2010 publicationem,
814 1978 869 2001 seu
903 1970 1124 2012 approbandis
1140 1996 1147 2010 ,

414 2019 460 2051 eis
498 2019 529 2051 in
566 2020 627 2052 alia
657 2020 784 2062 pietatis
819 2031 918 2063 opera
950 2028 1146 2055 commutare

412 2073 459 2104 vel
479 2073 509 2104 in
531 2072 618 2105 aliud
637 2074 817 2114 proximum
837 2080 961 2116 tempus
977 2076 1146 2117 prorogari

412 2125 526 2168 possit,
553 2136 655 2168 eaque
682 2125 859 2168 iniungere,
880 2138 960 2170 quae
986 2128 1046 2170 ipsi
1072 2139 1149 2171 poe-

412 2177 553 2210 nitentes
575 2178 701 2210 efficere
720 2179 868 2221 poterint,
890 2180 1012 2222 pariter
1036 2191 1149 2214 conce-

414 2230 516 2263 dimus
538 2236 570 2263 et
594 2230 813 2273 indulgemus.

456 2283 470 2325 g
491 2283 521 2315 (i.
542 2283 675 2326 Insuper
692 2284 840 2316 omnibus
862 2290 893 2317 et
913 2285 1047 2328 singulis
1065 2287 1148 2318 chri-

412 2443 541 2479 laribus,
558 2442 699 2474 cuiusvis
723 2442 861 2483 Ordinis,
884 2446 1145 2487 congregationis

413 2501 445 2529 et
468 2496 618 2537 instituti,
638 2501 701 2528 tam
720 2496 750 2528 in
765 2496 848 2529 Urbe
870 2498 1034 2540 praedicta
1052 2510 1144 2541 quam

412 2554 499 2581 extra
524 2559 594 2582 eam
619 2549 740 2591 ubique
765 2549 921 2590 locorum,
947 2556 981 2582 ut
1005 2552 1146 2593 praeser-

413 2607 472 2642 tur,
489 2602 690 2645 degentibus,
709 2602 869 2635 licentiam
895 2603 1101 2637 concedimus
1116 2611 1146 2637 et

1192 1495 1320 1537 ligionis
1342 1501 1373 1528 et
1390 1496 1545 1528 castitatis
1571 1496 1727 1539 exceptis)
1746 1496 1778 1528 in
1795 1496 1856 1528 alia
1876 1506 1928 1539 pia

1192 1552 1223 1579 et
1248 1548 1399 1580 salutaria
1424 1559 1523 1591 opera
1548 1554 1760 1588 comumtare,
1787 1548 1929 1580 iniuncta

1170 1595 1298 1632 ¹tamen
1323 1601 1369 1633 eis
1395 1606 1427 1633 et
1451 1611 1560 1633 eorum
1587 1600 1723 1633 cuilibet
1750 1600 1782 1632 in
1816 1610 1928 1643 supra-

1191 1653 1283 1685 dictis
1309 1653 1457 1686 omnibus
1472 1653 1598 1685 casibus
1622 1652 1822 1695 poenitentia
1847 1653 1928 1684 salu-

1191 1706 1268 1746 tari,
1295 1706 1429 1749 aliisque.
1455 1706 1600 1739 eiusdem
1626 1705 1816 1738 confessarii
1844 1706 1928 1738 arbi-

1191 1759 1251 1791 trio
1277 1759 1496 1802 iniungendis.

1233 1812 1247 1855 g
1272 1811 1303 1844 8.
1330 1811 1534 1855 Quapropter
1560 1816 1672 1845 tenore
1692 1811 1925 1855 praesentium,
1954 1824 2121 1855 >matemaut-

1189 1864 1221 1897 iu
1248 1865 1363 1897 virtute
1388 1870 1515 1897 sanctae
1541 1864 1755 1898 obediendiae
1783 1852 2120 1909 districtesse'lssifilllssntis-³31

1190 1917 1405 1960 praecipimus
1441 1923 1538 1961 atque
1563 1918 1753 1950 mandamus
1778 1917 1926 1950 omnibus
1937 1905 2119 1951 amsani-cauo.

1190 1975 1222 2001 et
1240 1969 1496 2013 quibuscumque
1518 1970 1758 2003 venerabilibus
1776 1970 1926 2002 fratribus

1189 2022 1391 2065 patriarchis,
1417 2023 1685 2066 archiepiscopis,
1711 2022 1882 2066 episcopis,
1897 2028 1928 2055 et

1189 2075 1258 2107 aliis
1284 2076 1492 2108 ecclesiarum
1518 2076 1694 2119 praelatis,
1727 2087 1762 2108 ac
1795 2076 1926 2119 quibus-

1189 2139 1326 2171 cumque
1351 2128 1526 2161 Ordinariis
1553 2130 1706 2168 locorum,
1730 2129 1926 2172 ubicumque

1189 2181 1420 2221 existentibus,
1447 2172 1630 2224 eorumque
1646 2181 1773 2214 vicariis
1801 2188 1832 2214 et
1856 2182 1924 2214 offi-

1189 2233 1335 2273 cialibus,
1360 2235 1429 2274 vel,
1456 2234 1505 2266 liis
1532 2234 1778 2275 deficientibus,
1804 2235 1842 2267 iis
1869 2235 1923 2278 qui

1189 2297 1298 2318 curam
1317 2287 1496 2319 animarum
1512 2293 1670 2327 exercent,
1686 2293 1728 2327 ut,
1748 2299 1820 2320 cum
1831 2299 1925 2332 prae-

1188 2339 1326 2371 sentium
1351 2340 1533 2373 litterarum
1562 2345 1774 2384 transumpta,
1793 2348 1846 2373 aut
1870 2352 1924 2374 ex-

1187 2395 1302 2436 empla,
1329 2393 1424 2425 ctiam
1449 2393 1617 2436 impressa,
1644 2395 1842 2437 acceperint,
1869 2395 1923 2428 illa

1187 2446 1303 2486 statim,
1325 2447 1446 2489 absque
1472 2449 1538 2480 ulla
1562 2449 1671 2488 mora,
1699 2448 1920 2481 retardatione

1187 2499 1235 2531 vel
1260 2499 1496 2542 impedimento
1522 2511 1581 2543 per
1607 2512 1680 2534 suas
1713 2502 1866 2535 ecclesias
1890 2508 1921 2535 et.

1224 2615 1230 2638 1
1257 2613 1325 2640 Edit.
1349 2613 1426 2640 stain.
1449 2614 1511 2650 legit
1529 2619 1759 2651 posscutta.'1·.).
