2279 3260
244 239 293 264 An<
317 238 339 264 t:⁴
365 238 430 265 1072
476 231 539 263 ⁶20ss

483 289 595 321 Datum
619 290 748 330 Romae,
767 291 851 334 apud
878 291 909 323 S.
930 291 1059 323 Mariam
1077 290 1172 323 Maio-

436 351 515 380 rem,
530 343 589 374 sub
603 344 724 375 annulo
744 343 927 382 piscatoris,
949 343 1000 375 dic
1020 353 1043 375 11
1064 342 1171 374 ianua-

436 394 473 425 rii
489 404 650 435 mncnxxn,
668 395 871 438 pontificatus
886 395 984 428 nostri
997 405 1082 427 anno
1094 405 1126 427 11.

471 454 528 481 Dat.
552 454 594 482 die
615 456 631 481 2
651 456 767 482 ianuarii
791 456 867 490 1672,
889 454 983 490 pontif.
1006 462 1076 481 anno
1096 462 1127 481 u.

753 597 854 629 XCIII.

437 677 590 709 Diversae
605 677 661 709 ord
666 678 677 709 i
681 677 828 708 nationes
843 676 929 708 circa
942 676 1173 708 extructionem

482 730 699 772 reliquiarum
733 739 770 760 αι’
805 728 1000 760 εοευιεὶθνίίε
1027 728 1122 760 Urbis
1145 731 1172 759 et

482 781 622 813 locorum
636 781 955 820 circuinvictum-mn,
973 780 1173 822 illarumque

481 833 656 865 custodiam
683 837 712 865 et
737 831 1030 865 distributionem&

666 913 798 939 Clemens
819 913 896 945 Papa
915 913 948 945 X,

587 958 622 984 ad
642 957 774 983 futuram
789 957 833 983 rei
848 956 1026 982 memoriam.

273 1036 393 1056 Exordium.

485 1030 499 1072 g
517 1029 544 1061 1.
560 1029 602 1061 Ex
617 1027 805 1061 commissae
820 1026 914 1059 nobis
929 1026 1062 1059 caelitus
1079 1036 1173 1058 curae

441 1081 611 1125 pastoralis
642 1080 746 1113 officio
777 1079 946 1122 providere
972 1080 1115 1111 volentes
1141 1084 1174 1110 ut

439 1139 623 1167 sanctorum
656 1138 833 1175 martyrum
869 1142 1006 1174 corpora
1038 1137 1069 1163 et
1098 1131 1174 1164 reli-

439 1189 532 1231 quiae
564 1189 617 1231 pie
651 1198 687 1220 ac
721 1188 894 1226 decenter,
929 1191 960 1219 et
994 1186 1063 1218 sine
1090 1186 1172 1228 turpi

438 1246 582 1284 quaestu,
598 1251 632 1273 ex
650 1241 743 1272 liuius
763 1242 864 1273 almae
884 1240 976 1273 Urbis
998 1246 1126 1272 nostrae
1143 1245 1175 1272 et

436 1286 592 1326 locorumv
623 1293 924 1325 circumvicinorum
969 1293 1174 1325 coemeteriis

437 1347 668 1385 extrahantur,
697 1346 925 1385 recondantur,
952 1350 1171 1385 asserventur,

437 1410 473 1431 ac
490 1398 631 1431 fideliter
658 1399 903 1441 prudenterque
928 1398 1171 1438 distribuantur,

438 1453 476 1484 de
493 1452 727 1484 nonnullorum
746 1451 940 1483 dilectorum
958 1450 1097 1483 tiliorum
1114 1451 1174 1483 Ro-

438 1515 551 1537 manae
577 1503 687 1536 Curiae
713 1505 944 1546 praelatorum,
973 1504 1172 1547 aliorumque

440 1556 597 1595 doctrina,
622 1566 730 1588 rerum
755 1566 813 1587 usu
835 1561 867 1588 et
890 1555 1065 1598 prudentia
1079 1567 1174 1598 prae-

439 1609 591 1642 stantium
616 1609 768 1648 virorum,
789 1609 841 1651 qui
866 1619 934 1641 rem
959 1608 1047 1640 iussu
1063 1614 1173 1641 nostro

438 1666 563 1693 mature
590 1661 818 1699 discusserunt,
838 1666 869 1693 et
889 1671 1025 1703 quorum
1043 1666 1174 1693 senten-

439 1714 481 1746 tia
505 1714 599 1747 nobis
626 1725 642 1745 a
668 1714 786 1746 dilecto
812 1712 878 1746 lilio
904 1719 1014 1746 nostro
1031 1713 1173 1756 Gasparo

437 1767 465 1799 8,
492 1767 528 1799 R.
556 1767 588 1799 E.
614 1768 807 1810 presbytero
833 1767 988 1800 cardinali
1013 1767 1172 1810 Carpineo

436 1825 630 1863 nuncupato,
659 1819 691 1852 in
718 1819 801 1852 Urbe
827 1820 970 1862 praefata
994 1820 1113 1853 vicario
1139 1821 1169 1853 in

436 1872 656 1916 spiritualibus
682 1873 824 1915 generali
854 1883 890 1905 ac
910 1873 1095 1916 prodatario
1115 1885 1173 1907 no-

436 1931 509 1965 stro,
525 1927 627 1958 relata
642 1925 710 1965 suit,
725 1926 871 1965 consilio,
887 1927 1079 1960 auctoritate
1098 1938 1174 1970 apo-

437 1978 560 2016 stolica,
577 1983 690 2009 tenore
709 1978 940 2020 praesentium,
956 1979 1172 2022 praecipimus

439 2035 471 2062 et
493 2030 682 2062 mandamus
708 2035 743 2061 ut
771 2040 866 2063 nemo
895 2031 934 2063 ad
960 2032 1172 2065 extrahendas

439 2094 457 2116 a
469 2082 672 2115 coemeteriis
687 2082 840 2124 praefatis
860 2083 1013 2126 reliquias
1030 2084 1170 2123 accedat,

265 2135 502 2168 Nemoaccvdatnisi
527 2135 594 2167 eius
619 2135 665 2167 rei
692 2136 874 2167 facultatem
899 2136 1017 2168 habeat
1040 2137 1170 2180 scripto,

247 2170 271 2189 ad
288 2169 429 2189 »xtratmndas

247 2201 257 2215 a
295 2188 526 2231 cas-‹nwtornsquod
551 2187 720 2219 memorati
746 2187 898 2230 Gasparis
913 2189 1086 2221 cardinalis
1105 2200 1172 2221 mo-

350 2227 429 2285 {cl-{335³}
440 2240 531 2273 derni
560 2250 615 2272 seu
633 2250 694 2282 pro
716 2244 861 2282 tempore
886 2240 1051 2272 existentis
1073 2242 1105 2273 in
1123 2243 1173 2273 ea-

371 2281 511 2325 mm‘dem
537 2293 621 2325 [rbe
646 2283 754 2324 vicarii
780 2291 811 2323 in
835 2292 1056 2335 spiritualibus
1075 2304 1172 2336 genc-

439 2346 513 2378 ralis
548 2345 654 2387 sigillo
691 2345 849 2377 munitum
887 2351 918 2377 et
954 2346 1038 2378 illius
1074 2357 1170 2379 manu

437 2397 653 2440 subscriptum
691 2397 750 2436 sit;
779 2408 837 2429 nec
870 2408 941 2429 ossa
973 2399 1022 2431 rel
1055 2409 1172 2442 corpus

436 2452 537 2484 ullum
562 2451 620 2483 sub
640 2453 746 2493 poena
769 2451 1108 2484 exconnnunicationis
1128 2453 1172 2484 la-

438 2510 486 2537 tae
507 2504 690 2536 sententiae
718 2502 850 2536 effodiat
870 2509 901 2536 et
919 2514 954 2536 ex
974 2505 1081 2547 aliquo
1100 2515 1172 2537 coc-

475 2620 485 2645 1
507 2618 585 2645 Nunc
606 2618 720 2653 primum
742 2617 871 2653 impressa

1015 243 1194 267 mtthttTM
1217 242 1368 268 Romami

1950 245 2001 272 An.
2024 245 2052 272 C.
2073 245 2139 273 ¹672

1214 291 1421 324 meteriorum
1453 292 1638 325 huiusmodi
1671 292 1821 326 extrahat
1851 293 1946 326 aliter

1213 354 1309 386 quam
1333 355 1439 377 coram
1459 346 1623 378 sacerdote
1650 356 1707 389 per
1727 346 1849 378 dictum
1870 345 1946 379 Gas-

1214 406 1325 438 parem
1357 397 1555 430 cardinalem
1583 398 1773 430 modernum
1805 408 1862 431 seu
1887 408 1946 441 pro

1214 452 1358 490 tempore
1382 449 1574 482 existentem
1599 450 1754 482 vicarium
1772 451 1810 483 ad
1836 450 1867 482 id
1893 451 1947 483 de·

1215 499 1349 541 signato,
1375 500 1428 543 qui
1454 500 1628 543 diligenter
1649 502 1793 545 inquirat
1810 508 1841 535 et
1856 513 1948 535 reco-

1215 558 1349 594 gnoscat
1364 553 1482 593 locum,
1499 553 1737 596 inscriptiones,
1755 565 1856 597 eaque
1868 565 1948 587 mar-

1217 605 1287 648 tyrii
1313 606 1413 647 signa,
1439 617 1521 649 quae
1547 607 1686 639 certiora
1723 618 1791 640 esse
1823 607 1949 640 censuit

1214 657 1429 700 Congregatio
1439 659 1672 692 venerabilium
1685 660 1815 692 fratrum
1826 665 1947 693 nostro-

1215 720 1286 742 rum
1312 710 1455 743 eiusdem
1479 710 1510 743 S.
1539 711 1575 743 R.
1602 711 1636 743 E.
1664 711 1874 745 cardinalium
1902 712 1949 744 in-

1215 762 1388 804 dulgentiis
1407 767 1438 795 et
1462 763 1561 795 sacris
1581 763 1728 805 reliquiis
1745 763 1945 807 praeposita.

1258 815 1272 857 ξ
1303 814 1333 846 ⁶2.
1366 814 1433 852 Qua
1463 815 1550 847 omni
1584 816 1812 858 recognitione
1842 816 1945 857 facta,
1986 831 2140 860 rammam·-

1216 867 1322 899 statim
1347 867 1473 909 singula
1497 878 1633 910 corpora
1658 873 1689 900 et
1713 857 2140 912 cuiuscumquelisstz.?.''.¹?1⁰?,'213”3

1216 921 1362 963 martyris
1388 920 1540 963 reliquias
1567 931 1713 953 seorsum
1745 921 1778 953 in
1808 922 1948 964 capsulis
1961 912 1990 930 ²¹⁰
2004 911 2127 935 ³¹'⁰⁵⁸⁰¹¹⁶⁰‘

1216 973 1382 1012 recondat,
1408 984 1485 1016 quas
1509 973 1614 1015 sigillo
1640 974 1764 1006 clausas
1786 976 1873 1006 recta
1896 975 1950 1007 de-

1217 1026 1290 1058 ferri
1312 1032 1405 1058 curet
1428 1027 1467 1059 ad
1493 1026 1620 1067 Urbem,
1641 1027 1672 1059 in
1698 1028 1818 1070 palatio
1836 1033 1950 1061 nostro

1217 1079 1433 1118 asservandas,
1453 1084 1483 1112 et
1500 1090 1517 1112 a
1543 1079 1721 1112 venerabili
1745 1080 1843 1113 fratre
1867 1081 1952 1113 Iose-

1216 1132 1282 1175 pho
1306 1132 1464 1172 linsamo,
1490 1132 1643 1175 episcopo
1667 1132 1949 1175 Helenopolitano,

1217 1185 1374 1218 moderno
1409 1190 1441 1217 et
1470 1196 1530 1228 pro
1552 1191 1697 1228 tempore
1722 1185 1879 1218 existente
1903 1197 1951 1218 sa-

1217 1237 1311 1269 crarii
1341 1238 1509 1280 apostolici
1542 1238 1720 1281 praesecto,
1747 1239 1796 1270 vel
1821 1239 1861 1270 ab
1886 1239 1949 1270 alio

1216 1301 1275 1332 per
1292 1290 1468 1333 praefatum
1483 1290 1658 1333 Gasparem
1677 1290 1873 1323 cardinalem
1890 1301 1951 1323 mo-

1217 1343 1352 1374 dernum
1388 1353 1445 1375 seu
1479 1353 1538 1385 pro
1577 1348 1723 1386 tempore
1757 1343 1950 1375 existentem

1216 1394 1369 1426 vicarium
1397 1394 1611 1437 designando,
1639 1395 1693 1437 qui
1718 1395 1861 1437 probatis
1884 1406 1953 1428 mo-

1217 1447 1307 1479 ribus
1333 1457 1369 1478 ac
1392 1447 1635 1490 presbyteratus
1671 1447 1785 1480 ordine
1819 1447 1954 1491 insigni-

1218 1505 1266 1532 tus
1292 1500 1340 1540 sit,
1366 1500 1603 1533 custodiendas.

1260 1553 1274 1596 ἓ
1299 1553 1331 1585 3.
1351 1553 1437 1586 llaec
1453 1559 1559 1586 autem
1576 1558 1748 1596 martyrum
1766 1563 1902 1596 corpora
1920 1558 1951 1586 et
1975 1567 2091 1595 Antequam
2103 1567 2144 1587 aa.

1216 1605 1373 1649 reliquiae
1398 1617 1437 1639 ne
1464 1606 1697 1638 distribuantur
1715 1611 1747 1638 et
1767 1606 1895 1649 publice
1913 1607 1950 1639 ad
1961 1593 2084 1644 {iiiiiissfl'ffli
2100 1596 2145 1639 nni-²

1217 1660 1337 1691 cultum
1357 1665 1388 1691 et
1405 1660 1649 1692 venerationem
1668 1665 1870 1702 exponantur
1897 1670 1952 1691 an-
1962 1648 2003 1695 iiii?
2015 1651 2144 1701 qqsslpssfg'ssi'll

1218 1719 1345 1755 tequam
1368 1723 1426 1755 per
1454 1712 1574 1745 dictum
1602 1711 1776 1755 Gasparem
1807 1698 2060 1744 cardina-mm·

1217 1765 1280 1797 lem
1304 1765 1493 1797 modernum
1527 1775 1583 1797 seu
1616 1775 1674 1807 pro
1708 1769 1854 1807 tempore
1888 1765 1953 1797 exi-

1216 1823 1355 1850 stentem
1379 1817 1546 1857 riearium‚
1570 1818 1619 1850 vel
1638 1817 1719 1850 alios
1737 1817 1852 1860 quibus
1872 1817 1953 1849 haec

1216 1881 1292 1903 cura
1316 1871 1508 1903 demandata
1533 1875 1588 1909 est,
1617 1870 1798 1903 examinata
1824 1875 1855 1902 et
1881 1881 1954 1902 exa-

1216 1924 1374 1964 minatae,
1399 1934 1435 1955 ac
1459 1923 1594 1956 Romani
1620 1922 1780 1955 Pontificis
1805 1924 1855 1955 vel
1885 1933 1951 1955 me-

1215 1980 1357 2008 moratae
1375 1975 1588 2008 cardinalium
1608 1975 1876 2017 Congregationis
1898 1985 1952 2007 au-

1215 2030 1362 2063 ctoritate
1391 2029 1571 2072 approbata
1602 2034 1633 2061 et
1662 2029 1859 2071 approbatae
1885 2028 1952 2061 sue-

1214 2083 1290 2116 rint.

1258 2136 1272 2179 g
1297 2136 1328 2168 4.
1355 2135 1509 2174 Quoniam
1534 2146 1611 2168 vero
1637 2135 1750 2168 eadem
1775 2145 1863 2167 sacra
1881 2145 1951 2168 cor·
1986 2144 2080 2173 insignes
2095 2144 2142 2164 rou⁴

1215 2200 1293 2232 pora
1318 2194 1350 2221 et
1374 2189 1520 2230 insignes
1546 2188 1713 2230 reliquias,
1736 2175 2143 2221 videlicet03.g1¹.¹.',⁵-¹jfig⁰⁸§2,1'1‘¹.

1215 2248 1287 2285 put,
1314 2252 1408 2281 crus,
1436 2241 1615 2279 brachium,
1643 2245 1675 2272 et
1709 2251 1778 2273 eam
1804 2241 1948 2283 corporis
1960 2223 2141 2271 i'aii'osnissnffi'issi

1214 2300 1338 2337 partem
1372 2294 1403 2325 in
1437 2304 1499 2335 qua
1528 2303 1642 2335 passus
1678 2298 1728 2325 est
1752 2297 1895 2336 martyr,
1922 2293 1947 2325 si
1959 2278 1996 2328 ΞΪιῑ
2012 2275 2140 2322 esii'ffl'ffl

1216 2352 1319 2379 tamen
1344 2346 1470 2388 integra
1495 2351 1551 2384 est,
1570 2345 1676 2377 necin
1703 2345 1836 2388 privatis
1861 2345 1949 2378 aedi-

1214 2400 1283 2439 bus,
1309 2409 1412 2441 nequc
1434 2398 1517 2441 apud
1542 2398 1640 2430 laicos
1667 2398 1825 2438 homines,
1843 2399 1899 2431 sed
1917 2399 1949 2431 in

1215 2452 1348 2484 ecclesia
1381 2451 1532 2492 religiose
1558 2451 1711 2483 collocari
1738 2457 1768 2483 ct
1793 2452 1948 2484 asservari

1215 2515 1271 2547 par
1297 2509 1356 2543 est,
1376 2503 1449 2536 ideo
1475 2503 1622 2535 iubemus
1642 2515 1678 2536 ea
1697 2509 1729 2536 et
1753 2515 1806 2537 eas
1824 2505 1947 2537 nemini

1215 2557 1247 2588 in
1271 2562 1436 2599 posterum
1468 2556 1602 2589 concedi
1632 2556 1686 2599 qui
1711 2556 1871 2589 Ordinarii
1898 2557 1948 2589 lit-

1216 2615 1301 2643 teras
1327 2620 1391 2642 non
1417 2609 1543 2650 afferat,
1571 2610 1686 2653 quibus
1713 2611 1798 2653 apud
1822 2611 1948 2654 praesa-
