2279 3260
187 255 240 287 An.
257 256 287 287 C.
309 256 371 288 1671

332 579 334 581 ’
381 572 463 614 gerit
487 575 650 607 attentari.

227 637 371 663 Exequutnres

187 662 282 688 deputat.

207 2218 316 2240 Contraria
332 2225 363 2240 re-

180 2248 258 2266 movet..

1012 260 1154 291 cremass
1176 268 1194 292 x
1219 267 1268 292 rvr.

382 311 462 344 libet
479 311 590 354 quavis
607 312 701 345 aliter
719 313 883 346 iudicandi
905 319 935 347 et
959 314 1117 358 interpre-
1136 345 1138 363 a

380 363 468 396 tendi
492 363 645 398 facultate
663 370 695 397 et
712 366 910 405 auctoritate,
934 366 1067 400 iudicari
1086 373 1117 400 et
1137 365 1138 396 l

379 416 505 449 definiri
532 417 672 457 debere,
700 429 735 450 ac
760 418 884 451 irritum
911 425 943 452 et
967 420 1062 452 inane
1089 420 1113 452 si
1137 423 1138 427 ’

379 478 473 501 secus
496 479 594 512 super
619 470 670 502 his
695 482 712 502 a
738 482 910 514 quoquam,
936 473 1044 515 quavis
1061 484 1115 504 au-

380 521 537 560 ctoritate,
557 521 695 555 scienter
719 524 768 556 vel
794 523 993 565 ignoranter,
1014 526 1137 558 conti-»'

425 626 440 668 ἓ
465 625 495 658 5.
522 626 678 664 Quocirca
705 630 881 662 venerabili
908 631 996 663 fratri
1017 627 1137 666 Fran-3

381 677 728 724 ei=coarchiepiseop0
746 682 940 721 Sidoniensi,
959 694 1010 716 mo
1024 684 1114 715 ’,εἰ-ηο
1135 684 1136 690 ’

379 736 411 762 et
434 741 494 773 pro
522 737 666 775 tempore
698 734 845 767 existenti
871 741 982 768 nostro
1014 742 1044 768 et
1069 736 1115 767 tli-

379 789 448 816 ctae
473 784 565 817 Sedis
592 785 623 817 in
650 786 863 829 Portugalliae
890 794 921 819 et
947 785 1136 835 Algarbio-}

378 847 448 869 rum
460 838 571 880 regnis
592 840 722 878 nuncio,
740 851 798 882 per
818 847 1008 884 praesentes
1026 847 1111 873 motu

378 889 446 931 pari
472 892 701 924 committimus
729 898 760 925 et
784 894 985 933 mandamus,
1007 899 1113 937 quate-
1133 889 1135 947 j

380 952 439 974 nus
456 942 534 985 ipse,
551 954 607 986 per
624 955 667 983 se,
683 946 732 978 vel
749 956 806 988 per
819 946 927 986 alium,
942 957 998 978 seu
1017 947 1111 987 alios,

377 1001 568 1036 praesentes
601 996 726 1029 litteras
758 1003 790 1030 et
822 998 855 1030 in
888 998 933 1030 eis
960 994 1134 1031 contenta¹

378 1055 610 1090 quaecumque,
630 1048 684 1080 ubi
704 1054 735 1081 et
752 1050 880 1092 quando
898 1061 980 1093 opus
1007 1051 1111 1091 suerit,

377 1103 408 1130 et
432 1099 559 1141 quoties
583 1111 642 1143 pro
668 1107 758 1144 parte
784 1103 943 1135 interesse
964 1103 995 1135 in
1021 1114 1113 1146 prae—

375 1150 482 1184 missis
516 1153 705 1186 habentium
739 1165 798 1187 seu
827 1155 965 1188 alicuius
998 1167 1110 1189 eorum

376 1205 519 1248 desuper
533 1206 629 1239 suerit
646 1207 833 1250 requisitus,
850 1209 1043 1242 solemniter
1060 1221 1113 1253 pu-

374 1256 522 1299 blicans,
550 1259 678 1302 illisque
709 1260 741 1292 in
775 1261 898 1294 eisdem
930 1262 1112 1305 praemissis

376 1310 511 1343 efficacis
559 1312 760 1345 defensionis
809 1314 975 1357 praesidio
1013 1315 1108 1348 assis-

376 1368 465 1403 tens,
491 1364 586 1397 faciat
618 1365 812 1399 auctoritate
844 1370 952 1400 nostra
984 1368 1057 1401 illos
1082 1375 1113 1402 et

375 1426 486 1449 eorum
504 1418 678 1460 quemlibet
699 1419 918 1461 praesentium
936 1421 1112 1454 litterarum

376 1474 406 1501 et
431 1469 462 1501 in
488 1470 534 1502 eis
558 1476 783 1504 contentorum
814 1473 996 1507 huiusmodi
1027 1486 1112 1507 com-

375 1523 473 1555 modo
494 1528 526 1555 et
551 1523 662 1556 effectu
681 1525 813 1567 pacifice
828 1526 886 1558 frui
906 1532 937 1559 ct
957 1528 1109 1570 gaudere,

376 1586 441 1608 non
459 1577 649 1619 permittens
665 1578 740 1610 illos
758 1579 898 1622 desuper
915 1591 931 1612 a
949 1592 1112 1624 quoquam

375 1629 488 1671 quavis
516 1630 706 1662 auctoritate
743 1633 992 1674 quomodolibet
1024 1635 1110 1667 iude-

374 1681 440 1714 bite
460 1682 635 1723 molestari,
654 1684 838 1726 perturbari
855 1685 903 1717 ve'l
924 1686 1109 1729 inquietari,

374 1735 630 1768 contradictores
657 1737 819 1779 quoslibet
839 1743 869 1770 et
889 1739 1028 1772 rebelles
1053 1752 1109 1783 pei

373 1788 560 1827 sententias,
582 1799 735 1821 censuras
753 1795 784 1821 et
800 1801 922 1833 poenas
946 1793 1112 1825 ecclesias-

374 1839 468 1879 tinas,
501 1841 627 1884 aliaque
654 1847 839 1884 opportuna
863 1843 940 1876 iuris
973 1850 1004 1877 et
1037 1846 1110 1879 sacti

372 1893 525 1933 remedia,
544 1895 764 1937 appellatione
782 1899 970 1939 postposita,
986 1909 1112 1942 compe-

373 1947 505 1986 scendo,
522 1947 740 1990 legitimisque
765 1959 863 1992 super
881 1951 931 1983 liis
950 1952 1110 1985 habendis

373 1999 504 2032 servatis
522 2001 735 2043 processibus,
754 2012 906 2035 censuras
933 2010 962 2036 ct
988 2016 1110 2047 poenas

371 2051 457 2095 ipsas
482 2053 578 2085 etiam
600 2053 722 2086 iteratis
742 2055 866 2088 vicibus
892 2060 1110 2099 :ga'avandQ

371 2104 523 2138 invocato
549 2106 644 2138 etiam
670 2107 708 2139 ad
738 2107 814 2148 hoc,
842 2109 866 2140 si
899 2121 979 2153 opus
1005 2112 1109 2153 fuerit,

375 2159 494 2192 auxilio
518 2159 642 2192 brachii
669 2161 857 2194 saecularis.

418 2211 480 2254 §st
504 2212 572 2245 Non
599 2214 805 2247 obstantibus
832 2215 932 2248 felicis
961 2218 1113 2250 reeorda-

374 2265 472 2297 tionis
490 2266 644 2298 Bonifacii
663 2267 769 2310 Papae
793 2269 856 2300 Ylll
881 2271 1114 2311 praedecesso-

373 2318 417 2350 ris
437 2319 536 2351 nostri
555 2319 593 2351 de
612 2322 684 2359 una,
700 2325 731 2352 et
748 2322 876 2354 concilii
896 2324 1054 2364 generalis
1073 2325 1110 2356 de

375 2371 499 2403 duabus
525 2372 627 2412 dietis,
654 2373 830 2407 dummodo
855 2375 939 2408 ultra
963 2382 1027 2409 tres
1045 2378 1112 2409 die-

373 2429 419 2456 tas
436 2423 552 2467 aliquis
571 2426 760 2459 auctoritate
780 2430 998 2470 praesentium
1017 2430 1048 2462 in
1067 2431 1113 2462 iu-

372 2476 489 2509 dicium
514 2487 579 2510 non
604 2478 762 2519 trahatur,
790 2480 925 2524 aliisque
952 2483 1112 2515 constitu-

371 2530 517 2563 tionibus
550 2536 582 2563 et
615 2532 878 2566 ordinationibus
905 2537 1110 2578 apostolicis,

371 2593 513 2623 necnon,
544 2589 706 2627 quatenus
733 2596 815 2629 opus
840 2587 903 2627 sit,
931 2588 1059 2621 Ordinis
1081 2596 1112 2622 et

374 2637 633 2680 congregationis
674 2638 807 2672 fratrum
848 2640 1111 2676 Excalceatorum

1160 316 1354 357 huiusmodi,
1373 316 1507 360 aliisque
1533 319 1708 361 quibusvis,
1727 321 1822 353 etiam
1845 322 1894 353 iu-

1159 374 1321 410 ramento,
1348 369 1597 404 confirmatione
1622 373 1816 414 apostolica,
1842 374 1892 405 vel

1160 422 1272 463 quavis
1287 421 1438 454 firmitate
1453 423 1516 455 alia
1530 423 1703 463 roboratis,
1717 426 1846 456 statutis
1863 431 1894 457 et

1159 474 1468 515 consuetudinibus,
1483 475 1664 518 privilegiis
1683 487 1827 519 quoquo,
1847 478 1895 509 in-

1159 526 1258 558 dultis
1274 527 1434 560 etlitteris
1443 527 1633 570 apostolicis
1645 527 1676 559 in
1691 529 1891 561 contrarium

1158 579 1416 623 praemissorum
1450 580 1701 623 quomodolibet
1726 582 1892 613 concessis

1158 630 1358 664 confirmatis
1373 638 1405 665 et
1418 633 1594 672 innovatis;
1610 633 1727 675 quibus
1742 633 1892 665 omnibus

1158 688 1190 715 et
1203 684 1351 726 singulis,
1366 685 1497 718 illorum
1514 690 1645 718 tenores
1660 687 1892 728 praesentibus

1157 746 1217 778 pro
1241 737 1338 779 plene
1369 742 1402 769 et
1432 737 1635 770 sufficienter
1667 739 1833 780 expressis
1862 743 1894 770 et

1156 788 1290 820 insertis
1316 789 1490 829 babentes,
1510 790 1574 822 illis
1597 790 1676 822 alias
1701 790 1734 822 in
1760 801 1820 823 suo
1846 801 1895 823 ro-

1135 843 1136 850 *
1157 841 1236 872 bore
1257 842 1496 883 permansuris,
1514 843 1552 874 ad
1579 843 1838 885 praemissorum
1853 844 1893 874 es-

1157 892 1298 932 sentum,
1322 894 1381 925 bac
1406 894 1476 925 vice
1502 895 1681 934 dumtaxat,
1706 895 1895 937 specialiter

1133 952 1135 976 ἕ
1156 950 1188 977 et
1212 956 1367 989 expresse
1386 947 1596 988 derogamus;
1619 947 1806 990 ceterisque
1821 959 1893 980 con-

1156 999 1265 1031 trariis
1291 999 1568 1042 quibuscumque.

1199 1051 1312 1083 Datum
1337 1051 1467 1091 Romae,
1493 1053 1577 1094 apud
1603 1052 1633 1085 S.
1651 1053 1779 1085 Mariam
1798 1054 1893 1086 Maio-

1156 1114 1224 1136 rem
1245 1131 1252 1144 ,
1279 1105 1337 1137 sub
1370 1107 1489 1138 annulo
1514 1105 1706 1146 piscatoris,
1735 1107 1785 1139 die
1806 1117 1892 1140 xxvii

1157 1157 1311 1190 februarii
1349 1167 1513 1199 nnetxxt,
1553 1158 1757 1201 pontificatus
1793 1160 1892 1192 nostri

1156 1220 1239 1243 anno
1264 1221 1286 1244 1.

1192 1272 1249 1299 Dat.
1268 1272 1313 1300 die
1332 1272 1364 1300 27
1381 1273 1509 1300 februarii
1531 1274 1609 1307 1671,
1626 1274 1725 1310 pontif.
1746 1282 1816 1301 anno
1832 1280 1850 1301 1.

1475 1415 1574 1448 LVlll.

1158 1503 1367 1546 Confirn‘zalio
1378 1504 1631 1547 privileyiorum
1644 1514 1703 1548 pro
1719 1507 1827 1550 priore
1843 1505 1893 1540 do-

1200 1568 1271 1589 mus
1304 1558 1467 1600 reyularis
1499 1558 1641 1590 militiae
1679 1570 1733 1591 seu
1759 1559 1893 1592 Ordinis

1198 1611 1356 1643 militaris
1387 1611 1424 1643 de
1456 1611 1630 1645 Calalrava
1662 1613 1790 1644 nullius
1814 1614 1894 1646 dioe-

1198 1664 1275 1696 cesz's
1290 1665 1475 1706 provinciae
1495 1665 1674 1703 ΤυΙεΙαηαε,
1691 1676 1728 1697 ac
1752 1667 1893 1698 extensio

1198 1716 1241 1749 acl
1264 1728 1361 1749 usum
1377 1718 1558 1760 insiqnium
1584 1723 1612 1750 et
1630 1719 1894 1751 indumentorum

1199 1770 1433 1813 episcopalium
1444 1769 1464 1802 ¹.

1363 1851 1495 1878 Clemens
1516 1851 1686 1885 episcopus,

1340 1902 1446 1922 servus
1467 1903 1619 1923 servorum
1640 1898 1708 1928 Dei.

1275 1939 1311 1966 ad
1331 1943 1508 1974 perpetuam
1527 1941 1571 1967 rei
1592 1943 1774 1968 memoriam.

1199 2009 1296 2042 Decet
1310 2009 1487 2042 Romanum
1503 2010 1689 2044 Pontificem
1705 2012 1743 2044 ad
1759 2023 1795 2045 ea
1811 2019 1891 2054 vota,

1157 2072 1214 2104 per
1239 2072 1320 2104 quae
1346 2062 1532 2095 militarium
1563 2063 1718 2096 Ordinum
1746 2076 1895 2108 quorum-

1158 2114 1236 2146 libet
1272 2125 1449 2157 eorumque
1487 2117 1709 2159 praelatorum
1750 2118 1892 2159 honori,

1157 2177 1285 2200 necnon
1313 2167 1412 2200 divini
1433 2169 1537 2201 cultus
1563 2169 1742 2202 celebritati
1768 2181 1895 2213 peram-

1158 2220 1241 2262 plius
1265 2221 1454 2261 consulitur,
1480 2221 1620 2254 libenter
1643 2222 1835 2262 intendere,
1858 2234 1894 2255 ac

1159 2273 1187 2304 in
1213 2273 1264 2305 his
1290 2274 1463 2316 pastoralis
1485 2275 1582 2307 officii
1608 2275 1655 2307 sui
1682 2281 1788 2318 partes
1815 2277 1895 2309 favo—

1156 2326 1302 2359 rabiliter
1326 2327 1545 2371 interponere,
1563 2334 1658 2371 prout
1682 2330 1719 2362 ad
1739 2330 1894 2362 Altissimi

1157 2379 1284 2411 laudem
1311 2384 1344 2411 et
1367 2380 1501 2422 gloriam
1519 2381 1677 2424 prospicit
1701 2381 1733 2413 in
1757 2382 1893 2415 Domino

1156 2432 1329 2465 salubriter
1353 2433 1517 2476 expedire.

1200 2486 1214 2528 ξ
1239 2485 1270 2517 t.
1298 2485 1447 2519 Exhibita
1472 2486 1632 2529 siqnidem
1665 2488 1759 2520 nobis
1789 2499 1894 2531 nuper

1156 2548 1214 2580 pro
1232 2544 1322 2580 parte
1338 2539 1447 2571 dilecti
1463 2539 1517 2571 tilii
1537 2522 1684 2571 niocssrni
1700 2541 1819 2583 prioris
1836 2541 1893 2573 do-

1156 2601 1226 2623 mus
1243 2592 1400 2634 regularis
1414 2592 1479 2624 sive
1495 2598 1675 2626 conventus
1688 2593 1817 2626 maioris
1833 2594 1892 2626 mi-

1192 2653 1201 2678 1
1226 2652 1360 2679 Hactenus
1381 2661 1431 2680 non
1453 2653 1592 2690 impreSsa.

1899 273 1951 300 An.
1968 272 1996 300 C.
2021 273 2083 300 1671

1931 2022 2071 2042 Prooemium.

1930 2494 2033 2516 Indul'urn
2043 2496 2087 2518 Ate-

1903 2523 1976 2543 xandri
1991 2522 2025 2544 Vl.
