2279 3260
153 253 204 274 nn.
219 250 249 272 υ.
272 246 340 273 1ὸ73

973 243 1114 269 CLEMENS
1136 244 1155 268 X
1179 245 1227 269 1²1².

344 294 377 327 in
403 293 546 337 quolibet
568 293 765 333 eorumdem‚
779 293 920 326 similem
946 293 1079 335 gratiam

345 347 451 390 largiti
476 351 560 379 sunt.

390 410 432 433 lv.
459 399 537 432 Item
562 398 709 432 Clemens
734 399 770 431 IV
790 399 904 431 iisdem
929 397 1081 432 christifi-

346 451 484 490 delibus,
502 451 726 494 quipraefatas
745 451 897 484 ecclesias
917 456 1032 494 quater
1048 450 1079 483 in

346 514 429 537 anno
446 503 649 543 visitaverint,
667 503 817 536 videlicet
833 503 865 536 in
883 508 1020 546 quatuor
1038 504 1082 535 fe-

346 557 539 590 stivitatibus
569 556 714 589 eiusdem
748 556 803 589 Dei
829 556 997 589 Genitricis
1020 556 1082 588 Ma-

345 609 424 650 riae,
451 609 582 652 triginta
608 619 708 642 annos
734 614 766 641 et
789 609 925 642 totidem
950 609 1083 652 quadra-

345 673 444 705 genas
468 663 522 706 pie
548 662 720 695 concessit.

391 726 417 748 v.
444 715 522 749 Item
541 715 573 747 in
588 714 760 758 privilegio
779 714 922 757 generali
941 714 1029 747 Lucii
1043 713 1081 746 III

345 767 556 800 remittuntur
580 767 619 800 ab
644 767 759 800 eodem
777 772 907 809 peccata
931 766 1022 806 levia,
1041 766 1082 799 of-

347 821 456 853 fensae
482 825 664 864 parentum,
690 819 908 862 negligentiae
933 824 1081 852 votorum

345 872 524 912 factorum,
552 873 626 905 dum
657 877 773 904 tarnem
804 871 921 904 fractor
945 871 983 904 ad
1008 867 1102 903 vota*

344 925 486 965 rediret,
518 931 549 958 et
577 926 659 958 male
685 924 861 967 acquisita,
888 924 912 956 si
938 920 1102 956 nescitur*

345 978 394 1011 cui
419 978 542 1011 restitui
568 978 719 1017 debeant,
739 977 891 1020 praefatis
916 976 997 1009 locis
1025 986 1079 1009 seu

344 1031 476 1064 illorum
493 1031 640 1064 domibus
658 1030 877 1072 assignentur.

388 1095 432 1118 v1.
459 1084 591 1116 Demum
612 1083 822 1116 Innocentius
847 1083 883 1115 IV
909 1088 941 1116 et
964 1083 1081 1125 Grego-

345 1137 411 1170 rius
436 1136 500 1169 Vlll
524 1140 759 1169 concesserunt
779 1136 921 1179 qualibet
941 1136 991 1169 die
1017 1136 1082 1169 cui-

344 1189 424 1222 libet
449 1189 566 1222 dicenti
591 1189 691 1222 Pater
714 1193 820 1221 noster
844 1193 871 1221 et
890 1189 956 1222 Are
973 1189 1082 1221 Maria
1102 1223 1104 1235 ,

345 1241 379 1274 in
404 1241 496 1275 dictis
515 1242 661 1275 ecclesiis
674 1242 775 1274 semel
800 1252 860 1284 pro
884 1242 962 1274 vivis
982 1246 1014 1274 et
1031 1241 1083 1274 de-

347 1295 476 1335 functis,
488 1295 700 1338 quadraginta
714 1295 780 1327 dies
793 1294 1079 1336 indulgentiarum.
1103 1320 1104 1337 ,

389 1358 445 1382 vu.
474 1348 594 1380 Rursus
608 1347 769 1380 Honorius
784 1347 822 1379 III
841 1347 1033 1380 etNicolaus
1046 1347 1082 1379 IV
1103 1344 1105 1375 ἶ

1122 293 1210 336 ginta
1235 303 1337 326 annos
1363 298 1394 326 et
1418 294 1550 328 totidem
1576 294 1810 337 quadragenas,
1826 299 1857 327 et

1123 345 1265 378 omnium
1289 351 1492 389 peccatorum
1517 346 1672 389 septimae
1691 347 1789 389 partis
1810 357 1858 379 re-

1123 399 1306 432 missionem
1331 400 1362 432 in
1387 399 1522 433 Domino
1544 399 1709 439 relaxavit,
1731 410 1858 431 omncs-

1124 462 1184 495 que
1210 452 1427 495 indulgentias
1452 457 1483 485 et
1507 457 1713 496 peccatorum
1745 452 1857 484 rvmis-

1105 504 1241 544 ,siones,
1261 515 1278 536 a
1295 505 1361 537 suis
1378 504 1685 548 praedecessoribus
1706 503 1856 536 Romanis

1124 556 1334 590 Pontificibus
1367 557 1452 590 dicto
1483 557 1594 590 Ordini
1621 567 1799 596 concessas,
1825 556 1856 588 in

1124 608 1237 642 diebus
1261 609 1434 652 praedictis
1460 609 1668 653 duplicando.

1167 672 1195 695 x.
1223 661 1300 695 Item
1332 662 1466 695 Ioannes
1498 662 1578 695 XXII
1611 673 1722 696 omnes
1754 661 1859 694 indul-

1101 715 1248 758 ,gentias
1285 720 1316 748 et
1351 721 1559 758 peccatorum
1600 715 1808 749 remissiones
1842 726 1858 746 a

1123 767 1274 800 Romanis
1311 768 1516 801 Pontificibus
1551 767 1860 812 praedecessoribus

1124 820 1190 853 suis
1217 820 1303 853 dicto
1321 820 1432 854 Ordini
1451 832 1624 854 concessas
1645 820 1857 861 confirmavit,

1123 883 1160 905 ac
1186 873 1399 916 quadraginta
1429 885 1530 907 annos
1562 879 1592 906 et
1622 874 1757 907 totidem
1782 885 1860 917 qua-

1124 925 1284 967 dragenas
1309 926 1347 958 de
1372 926 1525 959 iniunctis
1554 926 1763 970 poenitentiis
1789 926 1860 959 uni-

1123 978 1222 1010 versis
1248 978 1530 1018 christifidelibus,
1557 979 1632 1012 dicti
1657 979 1784 1013 Ordinis
1809 990 1860 1012 ec-

1124 1031 1237 1064 clesias
1268 1031 1301 1063 in
1331 1032 1476 1075 qualibet
1500 1033 1699 1066 solemnitate
1725 1037 1862 1076 quatuor

1124 1083 1330 1116 festivitatum
1344 1084 1457 1117 Beatae
1475 1084 1531 1117 Dei
1546 1084 1715 1117 Genitricis
1734 1085 1859 1124 Mariae,

1123 1136 1273 1169 videlicet
1290 1136 1479 1177 Nativitatis,
1503 1137 1781 1178 Annunciafionis,
1805 1137 1861 1170 Pu-

1125 1187 1311 1221 rificationis
1329 1194 1359 1222 et
1377 1190 1626 1233 Assumptionis‚
1644 1190 1858 1231 visitantibus,

1125 1242 1270 1275 contritis
1288 1248 1318 1275 et
1332 1243 1501 1283 confessis,
1520 1243 1552 1275 in
1567 1243 1702 1276 Domino
1720 1243 1772 1286 pie
1790 1253 1862 1276 con-

1125 1294 1234 1327 cessit.
1263 1295 1413 1339 Idemque
1434 1295 1572 1328 Ioannes
1600 1295 1692 1334 XXII,
1710 1306 1768 1338 pro
1794 1295 1862 1327 ani-

1125 1348 1252 1388 mabus,
1274 1359 1356 1391 quae
1380 1349 1412 1380 in
1437 1349 1626 1392 purgatorio
1652 1349 1804 1389 existunt,
1833 1353 1863 1381 et

1125 1400 1272 1432 habitum
1298 1400 1395 1433 liuius
1421 1401 1588 1443 religionis
1615 1406 1790 1443 gestarunt,
1811 1401 1861 1434 vel

1755 236 1819 270 40:²3
1864 244 1915 271 An.
1932 244 1960 271 c.
1983 244 2048 272 ¹673

345 1411 420 1434 vere
435 1400 691 1444 poenitentibus,
706 1400 850 1432 omnium
866 1410 997 1434 suorum
1015 1410 1083 1443 pec·

997 1449 999 1451 ’
1103 1448 1106 1483 l
1126 1463 1239 1485 eorum
1257 1453 1557 1486 confraternitatem
1576 1453 1711 1496 ingressi
1729 1453 1861 1493 fuerint,

346 1459 490 1487 catorum
506 1453 632 1486 veniam
654 1453 790 1496 polliciti
812 1459 898 1486 sunt.
1104 1487 1106 1501 s

1126 1507 1174 1539 vel
1195 1506 1391 1539 confratrum
1416 1517 1549 1540 numero
1571 1507 1725 1549 adscripti
1751 1507 1783 1539 in
1809 1507 1863 1540 ho-

390 1516 459 1540 v111.
498 1506 634 1549 Insuper
673 1505 833 1538 Honorius
863 1506 899 1538 IV
934 1506 1084 1539 omnibus
1104 1503 1106 1524 ³

347 1569 421 1592 vere
447 1558 690 1602 poenitentibus
709 1564 740 1591 et
760 1559 916 1592 confessis
937 1559 1013 1592 dicti
1034 1559 1084 1591 Or-
1127 1569 1239 1592 norem
1257 1559 1444 1594 ciusdemB.
1464 1559 1581 1592 Maria„-
1600 1560 1707 1592 Matris
1724 1560 1788 1600 Dei,
1812 1559 1863 1592 die

1127 1612 1249 1645 sabbati
1276 1618 1349 1656 post
1369 1623 1479 1645 earum
1506 1614 1683 1652 transitum,
1710 1612 1864 1645 interces-

348 1611 432 1644 dinis
458 1611 610 1644 ecclesias
635 1611 846 1651 visitantibus,
873 1612 1108 1657 quadragintag

347 1674 449 1697 annos
469 1670 501 1697 et
519 1664 651 1697 totidem
670 1665 893 1707 quadragenas
918 1666 957 1697 de
978 1665 1084 1697 iniun-
1127 1666 1270 1699 sionibus
1288 1666 1433 1699 eiusdem
1454 1666 1616 1699 continuis
1637 1666 1738 1709 ipsius
1757 1665 1864 1699 suffra—

1128 1719 1186 1761 giis
1211 1724 1242 1752 et
1266 1719 1405 1759 meritis,
1433 1730 1468 1751 ac
1500 1719 1634 1762 speciali
1660 1718 1863 1762 protectione

348 1717 406 1749 ctis
433 1717 479 1750 eis
504 1717 725 1760 poenitentiis,
748 1717 898 1750 videlicet
922 1717 955 1750 in
980 1717 1083 1751 festo¹

348 1770 575 1803 vocabulorum
601 1770 742 1813 ipsarum
767 1770 982 1811 ecclesiarum,
1005 1772 1085 1804 etin
1106 1761 1108 1766 λ
1127 1771 1330 1812 adiuvandis,
1357 1772 1560 1815 privilegium
1585 1771 1772 1815 publicavit,
1795 1782 1864 1805 cor-

349 1823 401 1856 die
422 1822 452 1856 S.
475 1823 676 1863 Parasceves,
695 1833 820 1856 necnon
840 1823 871 1855 in
890 1823 940 1856 die
959 1824 989 1856 S.
1013 1823 1086 1857 Cru-
1106 1821 1108 1833 ²
1127 1825 1289 1857 roboravit
1314 1829 1343 1858 et
1368 1825 1580 1858 confirmavit.

348 1876 403 1915 cis,
428 1887 464 1909 ac
489 1876 522 1908 in
548 1876 774 1909 festivitatibus
799 1876 999 1916 Nativitatis‚
1026 1878 1108 1915 An-'ss¹
1170 1887 1212 1910 xl.
1240 1877 1317 1909 Item
1347 1877 1496 1910 Urbanus
1530 1878 1566 1910 Vl
1597 1883 1755 1921 perpetuo
1788 1887 1865 1911 cona

348 1929 575 1969 nunciationis,
593 1929 825 1961 Purificauonis
843 1935 874 1962 et
892 1930 1087 1973 Assumptio-
1107 1919 1108 1964 i
1128 1929 1224 1962 cessit
1248 1929 1297 1969 iis,
1325 1929 1378 1972 qui
1396 1929 1549 1962 Ordinem
1569 1929 1815 1963 Carmelitarunl
1834 1935 1865 1963 et

349 1981 399 2014 nis
418 1981 473 2014 Dei
499 1981 669 2015 Genitricis
690 1981 1087 2021 Mariae,misericorditer
1107 1991 1109 2021 ς
1131 1982 1242 2015 fratres
1276 1982 1420 2014 eiusdem
1457 1982 1586 2015 Ordinis
1622 1983 1773 2016 Ordinem
1809 1993 1865 2016 seu

351 2034 382 2066 in
408 2034 545 2066 Domino
570 2033 722 2067 relaxavit
748 2039 779 2067 et
803 2035 975 2067 concessit.
1107 2036 1109 2063 f
1130 2036 1241 2068 fratres
1255 2035 1507 2077 gloriosissimae
1522 2036 1576 2069 Dei
1592 2036 1765 2069 Genitricis
1782 2046 1864 2069 sem-

393 2097 435 2120 tx.
470 2086 610 2120 Ulterius
643 2087 834 2120 Benedictus
867 2087 905 2119 Xl
937 2088 1087 2120 omnibus

350 2149 423 2172 vere
448 2139 690 2183 poenitentibus
716 2145 749 2172 et
773 2141 936 2182 confessis,
962 2141 1016 2184 qui
1039 2146 1087 2173 ter

351 2193 382 2225 in
409 2192 624 2233 hebdomada,
640 2193 797 2233 videlicet,
817 2194 1086 2236 quadragesimali

351 2252 508 2289 ternpore,
527 2247 678 2285 secunda,
698 2249 812 2288 quarta
827 2251 858 2279 et
883 2251 970 2280 sexta
987 2247 1087 2287 feriis,

1128 2099 1254 2132 perque
1286 2088 1425 2130 Virginis
1450 2088 1564 2122 Mariae
1591 2090 1630 2122 de
1655 2089 1762 2122 Monte
1793 2088 1866 2122 Car-

1129 2141 1214 2173 melo
1239 2141 1434 2181 vocaverint,
1453 2141 1691 2174 nominaverint
1708 2147 1739 2175 et
1759 2142 1866 2185 appel-

1129 2193 1289 2235 laverint,
1324 2193 1348 2226 si
1383 2193 1415 2226 in
1452 2195 1553 2236 gratia
1589 2194 1763 2236 extiterint,
1801 2200 1865 2228 tres

1129 2257 1231 2280 annos
1251 2252 1283 2279 et
1299 2247 1435 2280 totidem
1451 2248 1676 2291 quadragenas
1695 2248 1866 2291 indulgen-

351 2304 448 2342 atque
482 2299 577 2331 etiam
608 2299 640 2331 in
672 2299 759 2332 festis
788 2300 1014 2333 vocabulorum
1040 2311 1089 2333 ec·
1107 2296 1110 2339 l
1131 2300 1257 2333 tiarum.

351 2351 521 2384 clesiarum
542 2351 616 2384 dicti
642 2351 781 2391 Ordinis,
806 2363 932 2386 necnon
962 2353 993 2386 in
1022 2343 1110 2404 die-j
1171 2363 1226 2387 ΧΠ.
1262 2353 1414 2387 Nicolaus
1445 2353 1469 2386 V
1501 2365 1616 2388 omnes
1646 2353 1866 2397 indulgentias

350 2404 410 2437 bus
434 2404 610 2437 sabbatinis
634 2405 675 2437 ob
703 2405 817 2437 Beatae
839 2405 894 2438 Dei
917 2405 1086 2439 Genitricis
1107 2405 1110 2439 l
1130 2411 1162 2439 et
1192 2412 1399 2450 peccatorum
1431 2407 1660 2448 remissiones,
1686 2418 1722 2440 ac
1758 2408 1866 2440 onmia

351 2458 578 2498 reverentiam,
597 2464 629 2491 et
646 2458 676 2490 in
697 2458 808 2491 diebus
824 2459 1003 2500 dominicis,
1021 2471 1088 2493 eas·
1107 2459 1110 2475 ‘
1130 2459 1300 2502 privilegia
1317 2460 1400 2493 dicto
1417 2459 1530 2492 Ordini
1549 2471 1701 2494 concessa
1722 2471 1739 2493 a
1759 2471 1867 2502 supra»

352 2510 424 2543 dem
451 2510 602 2543 ecclesias
635 2511 686 2553 pie
712 2511 929 2551 visitaverint,
955 2513 1087 2554 quadra-
1130 2512 1225 2545 dictis
1242 2513 1395 2546 Romanis
1412 2514 1621 2548 Pontificibus
1636 2515 1865 2558 praedecesso-

1107 2571 1110 2603 ξ
1129 2565 1218 2598 ribus
1242 2566 1319 2607 suis,
1346 2566 1379 2599 in
1395 2568 1550 2610 praefatis
1568 2568 1682 2601 diebus
1707 2573 1739 2601 et
1762 2568 1862 2609 sestis,

391 2626 401 2652 1
425 2625 518 2660 Aptius
538 2624 628 2652 forsan
649 2625 789 2660 legendum
803 2626 883 2661 festis
900 2628 935 2662 (a.
952 2628 1001 2661 12).
1106 2606 1111 2662 l
1130 2619 1354 2663 mottlpropl'io
1379 2621 1564 2664 ampliando
1589 2620 1800 2663 confirmavst,
1822 2626 1865 2655 at-
