2279 3260
461 245 525 278 7Ξζί
1003 254 1180 277 nt'LtanttJM
1208 253 1359 278 ROMAM'M

503 306 650 340 eiusdem
674 309 849 339 conventus
875 315 939 338 non
966 311 1100 348 possunt
1124 314 1236 338 omnes
1269 305 1364 339 simul
1397 318 1415 340 a
1447 308 1702 342 confessionibus
1728 309 1894 343 audiendis
1920 312 1959 343 ab

501 360 652 404 episcopo
677 359 846 403 suspendi,
872 358 1054 392 inconsulta
1078 358 1160 392 Sede
1185 359 1379 402 Apostolica,
1405 360 1483 394 ibid.
1506 373 1547 402 a·,
1573 363 1770 405 regularium
1795 364 1961 408 privilegia

500 413 640 447 exhibita
665 412 815 456 episcopo
840 412 894 454 qui
928 411 1050 444 iudicat
1075 411 1128 444 illa
1153 422 1216 445 non
1241 412 1421 455 sull'ragari,
1442 423 1506 447 non
1530 425 1548 446 a
1574 416 1837 459 metropolitano,
1864 417 1919 450 scd
1944 428 1960 449 a

499 467 580 500 Sede
597 464 781 509 Apostolica
797 464 1010 498 examinanda
1027 469 1114 503 sunt,
1132 464 1209 497 ibid.
1227 475 1247 497 a
1265 470 1295 498 et
1314 465 1344 505 Ir,
1364 466 1526 508 regulares
1543 472 1691 501 tenentur
1711 469 1856 512 quolibet
1877 480 1961 504 anno

501 521 606 562 legere
627 519 805 557 decretum,
828 528 893 561 quo
910 517 1099 561 prohibetur
1116 518 1283 561 impressio
1308 517 1465 552 librorum
1486 519 1526 552 ad
1551 520 1720 555 missiones
1745 523 1961 565 spectantium

501 573 623 616 absque
655 571 781 604 licentia
808 571 1065 614 congregationis
1090 570 1131 603 de
1151 571 1362 614 Propaganda
1388 571 1477 611 Fide,
1499 571 1564 605 393
1589 573 1607 605 b
1630 578 1661 606 et
1685 584 1770 617 seq.;
1800 576 1961 618 regulares

502 626 693 669 accipientes
730 626 769 657 ab
794 623 954 667 episcopis
989 623 1106 657 litteras
1134 624 1354 667 deputationis
1387 624 1418 657 in
1444 624 1580 658 vicarios
1611 628 1779 669 generales
1804 629 1843 662 ad
1868 639 1962 663 exer-

502 678 637 711 cendam
669 674 927 710 iurisdictionem
962 677 992 710 in
1031 677 1129 711 Cliina
1165 683 1196 710 et.
1228 676 1298 709 aliis
1335 678 1409 710 locis
1445 677 1625 712 commissis
1651 679 1776 714 vicariis
1808 683 1962 724 apostoli-

503 731 565 771 cis,
591 729 932 769 excommunicantur,
959 729 1023 762 455
1049 730 1065 762 b
1091 736 1121 763 et
1146 741 1225 773 salx,
1253 730 1414 773 regulares
1443 730 1475 763 in
1500 730 1632 764 Chinam
1657 738 1687 766 et
1710 733 1772 766 alia
1796 735 1865 768 loca
1890 736 1961 768 mit-

504 783 590 817 tendi
616 788 751 827 possunt
778 793 835 825 per
855 782 933 815 alias
958 784 1041 822 vias,
1068 793 1165 826 quam
1191 794 1246 826 per
1271 783 1466 816 Lusitaniam
1491 784 1673 827 proficisci,
1693 785 1758 818 457
1783 797 1802 818 α
1828 793 1859 820 et
1881 798 1960 831 seqx,

504 837 666 879 regulares
700 836 857 878 praefatos
887 835 981 869 aliam
1014 835 1096 868 viam
1131 835 1342 878 suscipientes
1372 836 1585 879 impedientes
1617 839 1960 882 excommunicantur,

502 889 592 929 ibz'd.;
620 888 822 932 regularibus
844 888 1038 932 praecipitur
1063 889 1173 926 stricta
1199 888 1397 923 observantia
1415 889 1682 923 constitutionum
1710 893 1962 935 apostolicarum

504 948 536 975 et
560 942 765 976 decretorum
796 942 1060 985 Congregationis
1093 942 1133 975 de
1164 941 1376 984 Propaganda
1402 941 1480 976 Fide
1505 943 1610 985 quoad
1642 950 1747 986 partes
1772 944 1959 988 Orientales,

504 994 569 1028 489.
594 995 610 1027 b
635 1001 665 1028 ct
689 1006 752 1038 seq.

413 1048 620 1091 Regularium
645 1048 716 1082 iura
740 1050 825 1082 circa
849 1050 1024 1090 cadavera,
1052 1059 1136 1091 quae
1166 1049 1201 1081 in
1228 1059 1340 1082 corum
1370 1048 1512 1082 eeclesiis
1546 1051 1749 1084 tumulantur
1765 1078 1772 1091 ,
1798 1050 1862 1085 298
1888 1053 1905 1084 b
1932 1060 1962 1086 et

502 1101 567 1135 300
592 1112 612 1134 a
635 1108 666 1135 et
690 1112 767 1145 seq„
792 1102 860 1134 vide
884 1102 1036 1142 Parochi3
1062 1101 1257 1145 regularium
1283 1102 1421 1144 praefata
1446 1101 1514 1134 iura
1540 1102 1624 1136 cirea
1644 1103 1799 1137 cadavera
1816 1105 1879 1137 vim
1897 1115 1960 1138 non

505 1155 626 1189 habent
653 1156 686 1188 in
719 1154 823 1198 reguis
856 1155 1008 1188 Castellac
1033 1160 1063 1187 et
1087 1154 1251 1197 Legionis,
1278 1153 1342 1186 4⁹25
1367 1165 1385 1185 (ι
1412 1159 1443 1187 et
1468 1154 1494 1187 b.

414 1209 622 1252 Regularium
646 1208 898 1248 controversiae,
924 1207 1121 1251 gravioribus
1155 1206 1304 1250 exeeptis,
1334 1212 1468 1250 possunt
1497 1207 1580 1250 apud
1608 1208 1699 1241 Sinas
1724 1209 1868 1252 aliasque
1893 1210 1964 1243 inti-

503 1263 624 1296 delium
649 1268 755 1306 partes
772 1271 789 1295 a
814 1262 941 1295 vicariis
966 1261 1149 1305 apostolicis
1174 1260 1295 1299 dirimi,
1319 1259 1383 1293 448
1402 1261 1419 1292 Ι]
1437 1266 1467 1294 et
1483 1272 1558 1304 seq.;
1584 1274 1602 1294 a
1622 1262 1823 1304 regularibus
1848 1263 1962 1297 iisdem

504 1322 641 1359 possunt
666 1316 765 1348 iidem
789 1315 898 1349 vicarii
925 1314 1053 1358 exigere
1077 1315 1236 1347 rationem
1262 1313 1456 1346 executionis
1477 1314 1618 1357 priarum
1635 1315 1850 1355 voluntatum,
1868 1316 1962 1356 ibids,

503 1368 706 1412 regularibus
731 1368 903 1412 praedietis
928 1378 993 1401 non
1018 1367 1090 1401 licet
1115 1367 1240 1410 aperire
1265 1366 1416 1400 ecclesias
1435 1367 1489 1399 ubi
1514 1366 1567 1400 alii
1593 1367 1787 1402 missionarii
1813 1368 1964 1402 ecelesias

503 1422 634 1462 habent,
659 1421 745 1461 ibz'd.;
777 1421 940 1464 regulares
967 1421 1100 1464 praefati
1125 1420 1158 1452 in
1184 1420 1307 1453 defectu
1340 1419 1545 1453 sacerdotum
1570 1420 1784 1455 saecularium
1814 1426 1965 1456 tenentur

503 1485 615 1508 euram
639 1475 819 1508 animarum
845 1484 1002 1513 exercere,
1021 1474 1113 1513 2·bz·ct.;
1138 1473 1302 1517 regulares
1327 1483 1438 1506 curam
1457 1473 1638 1507 animarum
1659 1474 1746 1518 apud
1763 1474 1853 1508 Sinas
1871 1476 1965 1510 alias-

504 1538 567 1571 que
592 1527 770 1560 infidelium
795 1533 901 1571 partes
928 1533 1114 1561 exercentes
1139 1526 1323 1560 subduntur
1349 1527 1456 1570 quoad
1480 1527 1660 1560 functiones
1685 1528 1884 1570 parochiales
1910 1530 1964 1562 Vi-

504 1580 598 1613 eariis
623 1579 823 1623 apostolicis,
848 1579 939 1620 ib2·d.;
966 1579 1131 1623 regulares
1157 1578 1314 1622 praedicti
1341 1578 1555 1622 prohibentur
1579 1580 1769 1614 catechistas
1793 1587 1865 1614 voto
1892 1581 1966 1615 obe-

505 1633 647 1666 dientiae
666 1643 741 1677 erga
760 1634 881 1677 seipsos
906 1633 1061 1676 privative
1086 1632 1193 1675 quoad
1221 1631 1359 1666 vicarios
1386 1633 1579 1675 apostolicos
1604 1632 1823 1676 obstringere,
1846 1634 1911 1667 449
1937 1636 1964 1668 b.

416 1686 584 1730 Reliquiae
600 1696 710 1719 sacrae
729 1687 850 1719 extrahi
867 1697 931 1720 non
949 1692 1084 1729 possunt
1098 1697 1114 1719 e
1132 1685 1329 1719 coemeteriis
1345 1685 1438 1719 Urbis
1453 1692 1482 1719 et
1500 1686 1646 1719 locorum
1661 1687 1966 1722 circumvicinorum

504 1740 575 1773 sine
598 1739 726 1773 licentia
750 1739 923 1773 cardinalis
951 1739 1068 1772 Viearii
1092 1739 1207 1781 Papae,
1232 1738 1296 1771 996
1321 1749 1356 1777 (⁷3
1381 1749 1446 1772 non
1471 1746 1606 1783 possunt
1627 1739 1723 1773 effodi
1749 1740 1842 1774 aliter
1867 1751 1965 1785 quam

504 1803 613 1826 eoram
635 1792 802 1827 sacerdote
827 1802 844 1826 a
869 1792 1031 1826 cardinale
1054 1792 1173 1826 vicario
1203 1791 1386 1835 deputando
1412 1792 1471 1825 sub
1496 1802 1600 1835 poena
1623 1794 1965 1828 excommunicationis

506 1846 589 1880 latae
605 1846 795 1887 sententiae,
816 1846 908 1887 ibitis,
933 1846 978 1880 sic
997 1852 1154 1880 extractae
1170 1846 1354 1879 deferantur
1371 1845 1410 1878 ad
1431 1845 1549 1879 Urbem
1567 1847 1654 1879 reeta
1671 1846 1898 1881 custodiendae
1916 1849 1965 1881 vel

505 1910 521 1932 a
539 1901 698 1943 praefecto
716 1900 845 1933 sacrarii
871 1900 1039 1944 apostolici
1057 1900 1103 1933 vel
1125 1912 1142 1933 a
1166 1899 1333 1933 sacerdote
1355 1909 1412 1942 per
1429 1899 1552 1932 dictum
1580 1899 1738 1932 vicarium
1763 1900 1966 1944 deputand03

505 1954 545 1986 ad
576 1954 698 1987 cultum
722 1965 787 1987 non
813 1961 1035 1997 exponantur,
1066 1954 1125 1987 nisi
1151 1955 1240 1997 prius
1267 1963 1283 1985 a
1309 1952 1394 1985 dicto
1420 1952 1581 1986 cardinale
1600 1952 1717 1986 vicario
1734 1954 1963 1997 approbentur,

505 2006 569 2039 296
595 2007 627 2046 b,
652 2017 711 2040 nee
736 2007 768 2039 in
793 2008 924 2050 privatis
951 2008 1085 2042 aedibus
1102 2035 1109 2047 ,
1136 2018 1194 2041 nec
1219 2007 1303 2050 apud
1328 2006 1426 2040 laicos
1455 2007 1603 2039 homines
1636 2013 1847 2044 asserventur,
1871 2007 1966 2043 ibant:

507 2059 691 2101 praedictae
717 2070 780 2103 qua
804 2061 928 2093 cautela
953 2062 1015 2094 sint
1037 2060 1291 2100 distribuendae,
1307 2059 1410 2099 ibicis,
1436 2059 1582 2103 reliquiis
1607 2060 1798 2093 Sanctorum
1831 2071 1870 2093 ne
1905 2060 1966 2093 alia

506 2111 731 2145 adscribantur
754 2112 885 2145 nomina
910 2120 1037 2156 praeter
1058 2113 1209 2157 imposita
1234 2124 1251 2145 a
1275 2112 1438 2145 cardinale
1463 2112 1582 2145 vicario
1606 2111 1666 2145 sub
1689 2112 1838 2155 gravibus
1857 2113 1966 2155 poenis

506 2165 706 2208 prohibetur,
729 2165 791 2198 297
809 2177 846 2203 a:
872 2166 1026 2210 reliquias
1051 2166 1222 2205 tradentes,
1241 2165 1266 2198 si
1292 2164 1423 2208 aliquod
1448 2164 1545 2197 etiam
1570 2165 1732 2198 modicum
1758 2175 1966 2208 quocumque

506 2224 674 2260 praetextu
699 2218 869 2262 accipiant,
894 2219 1226 2258 excommunicantur,
1253 2217 1316 2251 ⁶297
1342 2228 1363 2250 a
1387 2224 1418 2251 et
1444 2218 1471 2250 b.

417 2271 560 2304 Benatus
587 2271 728 2305 Almeras
754 2273 899 2316 superior
924 2273 1090 2316 generales
1115 2271 1380 2316 Congregationis
1406 2271 1577 2310 Missionis,
1604 2270 1670 2304 ⁶2³9
1695 2272 1721 2304 l).

417 2323 518 2357 Rotae
543 2323 602 2366 (8.)
623 2323 799 2365 auditores,
822 2326 893 2358 vide
918 2325 1107 2359 Auditorum
1128 2325 1243 2359 Sacrae
1269 2325 1378 2359 Rotae.

417 2375 519 2410 Besae
538 2376 599 2418 (S.)
617 2376 656 2409 de
680 2377 699 2409 S
736 2378 831 2412 Maria
858 2378 1008 2411 Limanae
1032 2378 1174 2412 osticium
1202 2384 1232 2411 et
1250 2378 1379 2411 missam
1405 2379 1465 2411 sub
1490 2379 1551 2410 ritu
1576 2378 1696 2421 duplici
1717 2389 1868 2422 peragere
1893 2389 1967 2413 con-

505 2429 600 2463 cessit
625 2429 772 2464 Clemens
797 2431 837 2463 lx
862 2431 948 2465 clero
966 2431 1102 2465 civitatis
1120 2437 1151 2464 et
1169 2431 1321 2465 dioecesis
1339 2431 1489 2465 Limanae
1504 2438 1535 2464 et
1555 2431 1694 2465 universi
1721 2432 1849 2466 Ordinis
1865 2432 1895 2466 S.
1911 2433 1967 2465 Do-

505 2481 633 2522 minici,
661 2482 697 2516 71
727 2485 762 2524 b,
787 2484 865 2518 item
891 2485 978 2519 clero
1001 2485 1169 2519 Americae
1186 2491 1215 2518 et
1235 2484 1411 2525 indiarum,
1437 2483 1479 2517 68
1504 2484 1532 2524 b,
1552 2484 1593 2518 7⁹2
1618 2496 1658 2525 (ι’,
1677 2491 1707 2519 et
1733 2485 1831 2519 totius
1856 2485 1968 2529 Hispa-

506 2536 590 2576 niae,
608 2534 651 2569 68
678 2536 714 2577 [23
740 2536 915 2582 domuique
939 2538 1126 2571 Austriacae
1153 2537 1309 2572 subiectis
1334 2537 1519 2581 regionibus
1534 2565 1541 2578 ,
1565 2536 1607 2571 69
1627 2549 1666 2579 a·,
1684 2538 1771 2581 quod
1797 2538 1967 2571 confirmat

504 2588 648 2622 Clemens
673 2589 713 2631 X,
742 2590 784 2623 72
809 2591 842 2631 123
868 2591 1050 2625 extenditur
1073 2591 1240 2625 concessio
1266 2591 1305 2624 ad
1330 2600 1466 2633 regnum
1491 2591 1652 2631 Poloniae,
1680 2591 1862 2631 Lituaniac‚
1890 2597 1966 2629 etc„

507 2641 601 2683 ibicl.;
628 2653 645 2675 a
671 2643 832 2678 Clemente
857 2644 897 2678 IX
922 2644 1051 2687 eligitur
1076 2644 1106 2677 in
1131 2651 1297 2688 patronam
1324 2644 1422 2677 totius
1447 2644 1539 2687 regni
1564 2644 1715 2686 Peruani,
1744 2644 1785 2678 73
1805 2644 1843 2685 bf,
1866 2644 1967 2688 ipsius
