2279 3260
234 250 282 275 Αη.
299 249 325 275 c.
354 248 419 275 nuo
469 239 527 273 146

254 676 370 697 contrariis
380 676 416 697 do-

231 706 300 727 rugat..

428 297 468 328 lia
491 303 522 329 ct
546 302 705 340 potestate
732 299 903 340 fungentes
929 302 961 331 et
985 298 1160 336 sune-turos,

426 349 552 382 sublata
573 350 619 381 eis
641 356 672 383 et
696 362 806 383 eorum
828 351 961 383 cuilibet
972 349 1082 393 quavis
1106 348 1163 381 ali-

425 407 473 435 ter
494 402 656 435 iudicandi
690 408 723 436 et
747 403 980 447 interpretandi
1012 402 1162 434 facultate

423 460 454 486 et
467 455 666 495 auctoritate,
686 456 822 488 iudicari
838 461 871 487 et
886 454 1014 487 definiri
1029 455 1163 493 debere,

425 518 461 539 ac
486 507 615 540 irritum
641 512 674 540 et
697 508 794 540 inane
821 508 846 541 si
873 518 968 539 secus
989 516 1090 549 snper
1111 505 1162 538 his

427 571 442 592 a
460 571 636 603 quoquam,
656 560 768 604 quavis
790 560 999 599 auctoritate,
1019 559 1164 591 scienter

427 614 476 645 vel
505 613 714 654 ignoranter,
745 613 922 653 eontigerit
950 611 1116 644 attentari.

471 666 485 708 ξ
508 665 539 698 3.
567 666 634 698 Non
659 665 860 698 obstantibus
876 663 1071 708 praemissis,
1090 673 1163 696 nec·

427 728 492 749 non
518 717 713 760 apostolicis,
733 717 814 750 acin
836 716 1073 749 universalibus
1089 726 1163 759 pro-

426 770 685 813 vincialibusque
715 775 746 802 et
778 769 989 813 synodalibus
1015 768 1161 802 conciliis

426 822 531 862 editis,
559 822 766 865 generalibus
792 823 841 855 vel
867 821 1072 865 specialibus,
1087 831 1162 854 con-

426 874 644 907 stitutionibus
662 880 690 907 et
710 875 978 915 ordinationibus,
997 879 1035 914 et,
1052 878 1163 917 quate-

426 938 486 959 nus
502 938 583 970 opus
599 928 649 967 sit,
661 927 820 960 dictarum
835 927 1051 967 ecclesiarum,
1067 927 1161 960 etiam

427 979 616 1019 iuramento,
638 980 882 1013 confirmatione
904 979 1091 1023 apostolica,
1112 981 1160 1013 vel

427 1033 537 1075 quavis
553 1033 704 1065 firmitate
723 1033 784 1065 alia
800 1033 967 1073 roboratis,
985 1033 1112 1066 statutis
1131 1037 1162 1066 et

426 1085 728 1126 consuctudinilms‚
748 1086 925 1129 privilegiis
951 1097 1088 1129 quoquc,
1114 1086 1161 1118 in-

426 1140 522 1171 dultis
542 1144 573 1171 et
590 1138 705 1171 litteris
724 1139 921 1182 apostolicis,
939 1139 1074 1182 aliisque
1093 1140 1162 1182 qni-

424 1192 531 1224 busvis
544 1219 551 1232 ,
570 1192 628 1224 sub
647 1191 902 1235 quibuscumque
925 1193 1096 1225 verborum
1117 1198 1161 1225 te-

425 1245 559 1278 noribus
594 1250 627 1277 et
659 1245 793 1286 formis,
826 1243 861 1278 ac
894 1256 964 1278 cum
998 1245 1162 1288 quibusvis

425 1299 522 1331 etiam
539 1299 814 1341 de1·og.¹1toria1·um
829 1298 1056 1341 derogatoriis,
1076 1298 1162 1331 aliis-

425 1362 488 1393 que
520 1350 773 1388 efficacioribus,
801 1350 1029 1384 efficacissimis
1061 1356 1093 1383 et
1116 1350 1164 1382 in-

424 1403 529 1435 solitis
554 1403 704 1436 clausulis
719 1429 726 1443 ‚
746 1403 1014 1446 irritantibusque
1039 1408 1072 1435 et
1091 1402 1161 1435 aliis

425 1455 565 1488 decretis
581 1482 588 1495 ,
606 1455 702 1488 etiam
723 1461 821 1495 motu,
841 1456 974 1488 scientia
999 1461 1030 1488 et
1054 1462 1163 1499 potes-

424 1508 499 1541 tatis
524 1508 727 1551 plenitudine
745 1508 886 1551 paribus,
904 1519 962 1541 seu
980 1510 1059 1542 alias
1084 1520 1163 1552 quo-

424 1561 606 1594 modolibet
626 1561 658 1593 in
687 1560 883 1593 contrarium
909 1561 1163 1604 praemissorum

425 1614 600 1654 concessis,
629 1612 826 1645 confirmatis
858 1618 890 1646 et
920 1614 1043 1656 pluries
1073 1614 1164 1647 inno-

424 1667 503 1699 vatis
540 1672 571 1700 et
606 1666 816 1710 approbatis;
857 1667 973 1710 quibus
1011 1667 1162 1700 omnibus

425 1726 457 1752 et
481 1719 618 1762 singulis
635 1746 642 1759 ,
676 1719 799 1752 etiamsi
825 1730 884 1763 pro
920 1719 1052 1753 illorum
1079 1721 1164 1753 suffi-

425 1772 522 1806 cienti
553 1772 763 1815 derogatione
805 1772 844 1805 de
881 1772 945 1805 illis
985 1783 1162 1817 eorumque

426 1826 502 1858 totis
529 1825 698 1858 tenoribus
723 1824 888 1868 specialis,
915 1825 1085 1869 specifica,
1113 1837 1165 1859 ex-

426 1889 539 1922 pressa
575 1883 607 1911 et
643 1878 826 1918 individua,
865 1890 901 1911 ac
935 1878 973 1911 de
999 1879 1098 1911 verbo
1124 1880 1163 1912 ad

426 1932 570 1971 verbum,
595 1942 660 1964 non
686 1936 793 1963 auten]
811 1941 869 1974 per
889 1931 1048 1964 clausulas
1073 1942 1164 1974 gene-

427 1987 512 2018 rales
528 1985 611 2018 idem
625 1984 849 2027 importmtes,
865 1984 987 2017 mentio
1001 1995 1057 2017 seu
1073 1996 1165 2028 qnae-

427 2038 473 2070 xis
499 2038 562 2070 alia
595 2036 757 2080 expressio
790 2037 941 2069 habenda
973 2043 1027 2070 aut
1059 2038 1165 2081 aliqua

428 2091 490 2123 alia
515 2089 672 2134 exquisita
694 2090 793 2123 forma
810 2090 848 2122 ad
866 2090 929 2122 hoc
950 2091 1106 2123 servanda
1124 2091 1166 2123 so-

428 2149 489 2183 ret,
504 2148 633 2176 tenores
648 2143 843 2182 huiusmodi,
860 2153 895 2175 ac
915 2143 940 2175 si
958 2143 996 2176 de
1011 2144 1108 2176 verbo
1126 2144 1164 2176 ad

428 2197 572 2236 verbum,
599 2195 683 2228 nihil
708 2195 837 2238 penitus
862 2195 980 2228 omisso
1010 2200 1042 2228 et
1065 2196 1164 2229 forma

430 2250 462 2281 in
489 2249 552 2282 illis
579 2249 696 2283 tradita
716 2248 883 2281 observata
909 2248 1165 2291 exprimerentur

432 2308 464 2335 et
490 2303 720 2342 insererentur,
738 2300 968 2344 praesentibus
985 2312 1044 2344 pro
1070 2302 1165 2345 plene

432 2361 463 2387 ct
489 2354 685 2387 sullicientcr
705 2353 867 2396 expressis
901 2358 933 2386 et
957 2354 1089 2386 insertis
1116 2354 1168 2386 ha-

431 2407 563 2446 luanus,
597 2405 661 2439 illis
694 2406 772 2438 alias
796 2406 829 2438 in
865 2416 923 2438 suo
949 2407 1068 2439 robore
1095 2416 1168 2450 per-

431 2471 517 2491 man.»
528 2458 600 2498 uris,
613 2459 651 2491 ad
669 2457 923 2501 praemissorum
937 2457 1096 2499 effectum,
1107 2459 1168 2492 bac

429 2523 498 2545 *mre
525 2513 713 2551 dumtaxat,
741 2511 929 2554 specialiter
959 2516 991 2543 et
1015 2522 1168 2554 expresse

432 2567 637 2608 derogamus,
657 2570 688 2597 et
708 2565 898 2606 derogatum
916 2574 985 2596 esse
1006 2565 1167 2606 volumus;

432 2618 616 2663 ceterisque
636 2617 803 2651 contrariis
822 2617 1090 2662 quibuscumque.

1008 250 1188 275 BULLARIUM
1213 248 1364 274 ROMANUM

1248 296 1359 328 Datum
1386 297 1521 337 Romae,
1549 297 1633 341 apud
1664 297 1694 330 S.
1722 296 1855 330 Mariam
1880 296 1944 328 Ma-

1205 347 1318 389 iorem,
1345 350 1404 382 sub
1429 351 1549 383 annulo
1574 350 1750 383 piscatoris
1767 377 1774 390 ,
1802 349 1854 382 die
1879 359 1943 382 xxn

1206 401 1387 435 decembris
1414 412 1559 443 mnctxx,
1590 402 1799 448 pontificatus
1836 401 1941 435 nostri

1206 463 1291 486 anno
1318 463 1339 487 L

1611 507 1634 540 1.
1654 507 1690 540 G.
1712 507 1851 541 Srusms.

1241 566 1299 593 nat.
1317 566 1360 594 die
1377 567 1410 594 2⁶2
1426 567 1582 595 decembris
1597 568 1673 602 1670,
1688 568 1785 603 pontis.
1799 576 1869 594 anno
1885 574 1902 594 1,

1241 628 1404 661 Reyiszrata
1430 629 1460 655 in
1484 630 1590 656 δεον-ει.
1618 630 1709 663 Βνευ.,
1738 630 1769 656 in
1794 630 1842 656 lib.
1864 635 1871 656 ι
1897 629 1941 656 di-

1205 680 1362 705 versorum,
1387 673 1436 707 fol.
1460 672 1519 700 ⁴57.

1521 787 1621 820 XLVI.

1204 857 1385 891 Declaratio
1402 857 1445 890 ad
1468 858 1611 900 favorem
1632 857 1721 889 Sedis
1739 858 1944 901 Apostolicae

1246 921 1342 953 super
1358 910 1624 942 innovationibus
1644 910 1730 942 circa
1744 911 1944 953 provisiones

1246 965 1452 996 ecclesiarum
1476 974 1651 1006 reynorum
1680 963 1902 1006 Portuyalliae
1915 968 1944 996 et

1246 1017 1484 1059 Alqarbiorum
1519 1016 1652 1058 eiusque
1693 1016 1868 1049 Indiarum
1914 1023 1944 1048 ct

1246 1069 1492 1111 conquistarum
1526 1072 1597 1111 post
1636 1068 1797 1100 decessum
1834 1078 1943 1111 reyum

1246 1121 1430 1155 Sebastiam
1450 1125 1479 1153 el
1496 1121 1633 1154 Ηεηνὶεἱ
1656 1122 1761 1163 factis,
1781 1121 1868 1164 quod
1887 1131 1944 1163 per

1247 1184 1299 1206 eas
1322 1174 1453 1206 nullum
1476 1174 1516 1206 sit
1541 1173 1675 1205 illalum
1701 1173 1943 1216 praeiudicium

1249 1226 1378 1258 iuribus
1401 1230 1530 1258 smzctae
1546 1226 1638 1258 Sedis
1662 1225 1897 1269 Apostolicae‘.

1421 1295 1555 1322 clemens
1580 1295 1659 1329 Papa
1685 1295 1718 1327 X,

1327 1340 1363 1366 ad
1383 1343 1559 1374 perpetuam
1579 1340 1623 1367 rei
1645 1340 1826 1367 memoriam.

1249 1403 1263 1446 ἓ
1289 1402 1319 1434 1.
1347 1402 1424 1434 Cum
1451 1412 1510 1434 nos
1540 1401 1658 1442 hodie,
1690 1408 1780 1435 motu
1810 1403 1944 1447 proprio

1207 1466 1242 1487 ac
1264 1466 1300 1488 ex
1328 1456 1413 1487 certa
1431 1454 1566 1487 scicntia
1583 1460 1615 1487 et
1639 1457 1763 1487 matura
1788 1456 1943 1489 delibera·

1208 1508 1295 1540 tione
1316 1507 1447 1546 nostris,
1466 1507 1569 1550 deque
1588 1507 1786 1550 apostolicae
1804 1513 1945 1552 potesta-

1208 1561 1246 1594 tis
1264 1560 1477 1604 plenitudine,
1499 1571 1558 1603 per
1576 1571 1792 1604 quascumque
1813 1561 1946 1594 innova-

1207 1614 1321 1654 tiones,
1348 1623 1430 1657 quae
1456 1613 1540 1646 circa
1564 1613 1767 1656 provisiones
1795 1615 1946 1648 ecclesia-

1208 1679 1278 1700 rum
1305 1667 1629 1710 metropolitanarum
1652 1672 1683 1700 et
1708 1667 1946 1701 cathedralium

1209 1721 1240 1753 in
1266 1719 1482 1762 Portugalliae
1520 1725 1551 1752 et
1576 1720 1803 1763 Algarbiorum
1835 1721 1945 1764 regnis

1208 1783 1385 1816 corumque
1416 1772 1514 1805 Indiis
1548 1778 1581 1805 et
1611 1773 1790 1817 conquistis
1824 1774 1946 1807 consis-

1206 1822 1353 1866 tentium,
1369 1830 1443 1869 post
1460 1826 1628 1858 decessum
1646 1827 1750 1858 clarae
1772 1826 1945 1859 memoriae

1208 1878 1386 1912 Sebastiani
1406 1883 1436 1910 et
1454 1878 1595 1919 llenrici,
1610 1879 1684 1911 dum
1700 1878 1857 1919 vixerunt,
1872 1879 1947 1912 Por-

1208 1931 1361 1974 tugalliae
1394 1937 1426 1963 ct
1459 1931 1685 1973 Alb-arbiorum
1718 1942 1828 1973 regum
1859 1931 1947 1965 illus-

1209 1984 1316 2024 trium,
1335 1983 1583 2026 quomodolibet
1608 1984 1709 2016 sactae
1734 1984 1873 2025 suerunt,
1899 1984 1947 2016 iu-

1209 2037 1296 2070 ribus
1326 2046 1464 2069 coronae
1494 2036 1711 2079 Portugalliae
1736 2038 1825 2070 nullo
1850 2037 1946 2070 modo

1209 2090 1465 2134 praeiudicatum
1489 2100 1558 2122 esse
1577 2094 1632 2121 ant
1648 2091 1820 2134 praetendi
1841 2101 1947 2134 posse,

1209 2143 1265 2176 sed
1291 2143 1399 2176 omnia
1429 2147 1460 2174 et
1485 2142 1635 2184 singula,
1659 2143 1860 2186 provisiones
1896 2154 1948 2177 ea-

1210 2196 1357 2229 rumdem
1382 2195 1591 2227 ecclesiarum
1617 2194 1730 2237 quovis
1756 2196 1850 2229 modo
1872 2207 1949 2229 con-

1210 2247 1385 2287 cernentia,
1406 2247 1439 2279 in
1457 2258 1495 2280 eo
1512 2252 1606 2287 statu,
1622 2247 1654 2279 in
1669 2258 1731 2291 quo
1757 2253 1831 2280 ante
1856 2249 1949 2282 inno-

1213 2301 1355 2334 vationes
1373 2300 1557 2333 huiusmodi
1573 2305 1719 2343 tempore
1732 2301 1949 2344 praefatorum

1211 2353 1390 2388 Sebastiani
1422 2358 1453 2386 et
1484 2353 1616 2386 Henrici
1649 2364 1828 2398 eorumque
1860 2361 1949 2388 ante-

1212 2416 1376 2440 cessorum
1406 2417 1519 2448 regum
1553 2411 1660 2446 erant,
1686 2407 1883 2441 remansisse
1917 2414 1950 2441 et

1212 2469 1400 2499 remanere,
1428 2458 1460 2491 in
1486 2459 1636 2491 omnibus
1674 2465 1706 2492 et
1737 2470 1795 2503 per
1819 2460 1946 2501 omnia,

1213 2511 1348 2555 perinde
1367 2521 1403 2544 ac
1420 2511 1444 2543 si
1464 2512 1597 2544 eaedem
1615 2512 1839 2546 innovationes
1857 2514 1947 2546 nullo

1212 2564 1308 2597 modo
1335 2574 1475 2606 unquam
1501 2564 1601 2597 sactae
1628 2564 1780 2606 fuissent,
1806 2565 1949 2599 declara-

1249 2626 1259 2652 1
1283 2624 1417 2652 Hactenus
1436 2633 1488 2653 nou
1509 2625 1651 2662 impressa.

1952 255 2001 275 nn.
2016 249 2044 274 C.
2070 249 2135 277 l6‘0

1977 1413 2097 1434 nasim-aiio
2109 1415 2138 1435 sa-

1955 1442 1987 1459 cta
2012 1441 2083 1461 favore
2107 1442 2138 1461 iu-

1955 1466 2006 1486 rium
2046 1473 2138 1488 cnr-onae

1955 1492 2106 1518 ronugatme.
