2279 3260
136 263 185 283 Au.
201 259 231 283 C.
256 258 323 285 1673

163 319 247 338 Potum.

172 2004 291 2024 Ueri-aratio
308 2008 329 2024 ut.

145 2031 165 2050 in
183 2031 276 2051 rubrica.

956 257 1097 281 CLEMENS
1120 258 1137 281 X
1159 258 1209 281 Pr.

376 309 390 351 ἓ
416 309 446 340 1.
473 308 549 341 Cum
566 309 687 351 itaque,
708 308 792 341 sicut
817 307 953 340 dilectus
980 306 1064 338 filius

333 361 521 393 Franciscus
547 362 585 393 de
611 362 641 393 S.
666 361 779 399 Marco,
807 364 995 403 procurator
1013 369 1066 400 ge-

334 413 451 445 neralis
468 413 733 455 Congregatiouis
753 414 884 445 fratrum
899 412 1066 444 Excalcea-

334 472 436 499 torum
456 472 713 509 nuncupatorum
730 466 858 498 Ordinis
889 468 991 497 {initae
1011 464 1066 496 Ma-

335 519 400 550 riae
438 519 476 550 de
513 518 660 551 Mercede
698 517 933 560 redemptionis
967 516 1067 559 rapti-

334 582 462 610 vorum,
491 571 585 603 nobis
616 582 721 614 nuper
747 571 864 613 exponi
890 570 979 609 fecit,
1009 580 1067 612 per

335 624 489 666 quasdam
532 623 631 656 felicis
671 623 904 656 recordationis
944 621 1066 654 Callixti

335 676 438 718 Papae
463 676 500 708 III
525 675 785 719 praedecessoris
812 675 910 707 nostri
935 675 1067 713 litteras,

335 739 419 761 anno
452 728 684 760 lncarnationis
723 728 905 760 Dominicae
937 736 1068 759 incnm'u

336 781 481 813 kalendis
514 780 696 813 novembris
729 780 786 812 sub
812 779 942 823 plumbo
973 789 1070 821 expe-

337 833 428 872 ditas,
453 838 581 865 cautum
605 833 711 872 fuerit,
731 844 769 865 ne
789 832 923 875 praefati
941 831 1068 863 Ordinis

336 886 480 928 religiosi
513 886 550 918 acl
586 886 679 918 aliam
712 885 901 927 religionem
933 885 1069 916 transire

337 944 491 981 possent3
525 938 582 971 et¹
619 939 753 970 subinde
786 937 978 970 recolendae
1004 948 1070 969 me-

336 991 457 1024 moriae
483 991 627 1023 Urbanus
655 991 739 1033 Papa
756 991 831 1030 VIII,
859 991 953 1022 etiam
979 1000 1070 1032 prae-

338 1045 487 1077 decessor
510 1048 642 1083 noster,
669 1054 726 1086 per
759 1044 912 1086 quasdam
942 1054 1013 1075 suas
1039 1043 1070 1074 in

338 1096 433 1129 simili
468 1097 569 1129 forma
605 1096 714 1128 Brevis
754 1096 804 1128 die
844 1106 895 1128 xix
933 1094 1070 1127 ianuarii

336 1159 501 1183 MDCxxvnI
537 1154 699 1181 emanatas
736 1148 885 1187 litteras,
922 1147 1071 1179 fratribus

337 1201 532 1234 Excalceatis
568 1201 644 1233 dicti
677 1200 803 1233 Ordinis
836 1201 1004 1232 transitum
1032 1200 1070 1232 ad

338 1254 507 1296 religiosos
543 1253 706 1286 Calceatos
743 1254 886 1285 eiusdem
926 1253 1069 1291 Ordinis,

338 1307 459 1349 absque
477 1309 627 1350 expressa
643 1306 733 1339 Sedis
752 1306 954 1349 Apostolicae
973 1306 1072 1338 licen-

339 1360 391 1399 tia,
418 1359 633 1398 interdixerit3
653 1366 684 1392 et
701 1361 789 1397 alias,
806 1364 900 1402 prout
924 1359 956 1391 in
981 1359 1072 1391 dictis

337 1412 451 1445 litteris
475 1412 605 1445 uberius
631 1412 748 1445 dicitur
769 1412 942 1444 contineri:
966 1412 997 1443 in
1023 1422 1073 1443 ca-

337 1464 439 1507 pitulo
464 1470 570 1497 antem
595 1465 737 1506 generali
771 1464 990 1507 praefatorum
1016 1464 1074 1495 fra-

338 1522 422 1549 trum
439 1517 707 1557 Excalceatorum,
726 1517 812 1560 quod
831 1528 915 1549 anno
930 1516 1074 1559 proxime

338 1571 514 1613 praeterito
540 1580 690 1604 iunCLxxu
723 1581 739 1602 a
772 1570 822 1602 die
849 1580 878 1602 iv
903 1580 1004 1612 usque
1036 1570 1072 1601 ad

337 1634 389 1656 XIV
414 1623 533 1655 mensis
567 1623 645 1654 iunii
678 1623 876 1654 celebratum
910 1621 977 1660 fuit,
1009 1632 1075 1654 om-

338 1676 428 1708 nium
464 1676 589 1708 calculo
629 1676 796 1708 decretum
834 1675 949 1714 fuerit,
983 1675 1075 1707 nobis

339 1739 408 1761 esse
433 1728 688 1771 supplicandum,
714 1733 748 1759 ut
771 1728 893 1760 litteras
914 1728 1074 1770 praefatas

339 1782 528 1814 confirmare
554 1792 589 1813 ac
615 1781 706 1813 dictis
733 1781 885 1812 fratribus
910 1781 1075 1812 Excalcea-

340 1834 379 1866 tis
406 1834 573 1866 transitum
598 1834 692 1866 etiam
719 1834 756 1866 ad
775 1833 926 1865 Ordinem
944 1833 1076 1865 Cartliu-

339 1887 502 1919 sianorum
521 1887 697 1929 probibere
719 1887 757 1918 de
775 1886 973 1927 benignitate
1003 1896 1076 1928 apo-

340 1940 454 1972 stolica
480 1940 708 1981 dignaremur:

384 1994 399 2036 g
424 1992 453 2024 2.
472 1992 553 2025 Hinc
566 1997 613 2024 est
631 1993 717 2034 quod
738 2003 807 2032 nos,
826 1992 959 2035 praefati
981 1993 1077 2025 Fran-

341 2047 417 2080 cisci
458 2047 679 2090 procuratoris
721 2047 881 2089 generalis
922 2047 1001 2079 votis
1044 2048 1075 2079 in

339 2101 540 2143 praemissis,
567 2105 720 2142 quantum
747 2111 818 2132 eum
844 2101 977 2133 Domino
1003 2111 1076 2143 pos-

338 2164 458 2193 sumus,
488 2153 709 2185 favorabiliter
746 2163 888 2186 annuere
914 2155 1075 2192 volentes,

339 2216 477 2248 eumque
499 2217 516 2238 a
534 2206 696 2248 quibusvis
720 2206 1072 2245 ex·communicatiouis,
1095 2236 1097 2252 ζ

338 2258 564 2301 suspensionis
598 2263 630 2291 et
653 2259 824 2298 interdicti,
858 2259 992 2302 aliisque
1026 2270 1076 2291 ec-

338 2312 528 2345 clesiasticis
561 2312 737 2352 sententiis,
773 2313 917 2345 censuris
943 2319 975 2345 et
998 2323 1097 2355 poe—¹

338 2365 398 2404 nis,
425 2375 442 2397 a
466 2365 534 2396 iure
557 2365 606 2396 vel
627 2366 666 2397 ab
692 2365 831 2404 bomine,
854 2365 962 2408 quavis
989 2376 1074 2397 oeca-

337 2418 428 2450 sione
465 2419 515 2450 vel
541 2419 639 2449 causa
664 2417 744 2456 latis,
764 2418 788 2449 si
807 2418 922 2460 quibus
941 2429 1074 2460 quomo-

337 2470 459 2503 dolibet
494 2470 666 2502 innodatus
703 2471 821 2510 existit,
857 2471 895 2503 ad
928 2470 1074 2503 ell'ectum

335 2524 588 2566 praemissorum
614 2524 777 2555 dumtaxat
797 2526 1060 2566 consequei'idum

334 2576 451 2608 harum
478 2576 560 2607 serie
593 2576 797 2608 absolventes
832 2582 863 2608 et
891 2577 1072 2608 absolutum

372 2638 383 2663 1
400 2636 467 2663 Mate
485 2637 549 2663 edit.
568 2636 645 2663 Μαίη,
663 2637 725 2671 legit
743 2640 771 2663 ul
787 2645 833 2671 pro
849 2641 874 2664 ec
890 2643 926 2672 μὴ.
939 2640 986 2671 τ.).

423 2691 501 2718 Ruti,
528 2692 606 2718 Hom.
651 2691 708 2717 l'vl.
731 2691 835 2717 xrlll.
996 2693 1030 2718 53

1065 2551 1072 2564 7
1093 2554 1095 2566 Ι

1092 2628 1094 2661 l

1110 306 1174 337 foro
1208 310 1387 345 censentes,
1422 305 1713 348 supplicationibus
1747 308 1843 339 totius

1108 357 1374 400 Congregationis
1400 359 1561 400 praefatae
1595 359 1725 390 nomine
1752 359 1845 391 nobis

1108 420 1205 452 super
1216 411 1278 443 boc
1288 410 1455 443 humiliter
1465 411 1625 453 porrectis
1636 410 1793 449 inclinati,
1806 411 1845 443 de

1109 463 1340 495 venerabilium
1360 463 1491 494 fratrum
1509 467 1693 495 nostrorum
1716 462 1747 494 S.
1760 463 1795 494 1³..
1810 463 1843 494 E.

1109 514 1319 547 cardinalium
1338 515 1477 557 negotiis
1501 520 1533 547 et
1553 514 1846 547 consultationibus

1109 567 1337 610 episcoporum
1363 573 1395 600 et
1419 567 1613 609 regularium
1644 567 1848 609 praeposito—

1110 629 1200 659 rum,
1228 619 1282 662 qui
1318 630 1384 652 rem
1419 625 1541 652 mature
1575 619 1846 662 perpenderunt,

1111 672 1271 709 consilio,
1309 673 1498 715 religiosos,
1526 672 1679 705 Ordinem
1715 669 1848 703 fratrum

1112 724 1371 757 Excalceatornm
1407 725 1437 758 S.
1475 725 1589 757 Mariae
1626 725 1664 756 de
1701 724 1847 756 Mercede

1112 778 1342 820 redemptionis
1371 778 1567 820 captivorum
1594 787 1746 820 expresse
1773 787 1848 819 pro—

1114 832 1232 871 fessos,
1267 842 1332 864 non
1364 841 1457 874 posse
1491 843 1507 864 e
1539 834 1595 864 sua
1625 831 1783 873 religione
1808 831 1847 863 ad

1113 883 1206 916 aliam
1233 894 1477 927 quamcumque,
1504 885 1599 916 etiam
1624 883 1849 916 Cartbusiano-

1113 946 1194 975 rum,
1221 937 1341 979 absque
1365 937 1498 978 speciali
1530 935 1620 968 Sedis
1646 934 1849 977 Apostolicae

1113 988 1250 1028 indulto,
1275 1000 1309 1021 se
1335 989 1520 1028 transferre,
1555 988 1742 1020 auctoritate
1777 998 1852 1029 apo-

1114 1040 1234 1081 stolica,
1256 1046 1364 1073 tenore
1381 1040 1610 1084 praesentium,
1634 1041 1849 1077 deelaramus;

1114 1093 1199 1126 salva
1220 1098 1324 1125 tamen
1343 1103 1471 1135 semper
1488 1092 1520 1124 in
1538 1091 1723 1134 praemissis
1742 1097 1852 1123 aucto-

1115 1146 1207 1178 ritate
1228 1145 1496 1188 Cougregationis
1515 1149 1766 1177 memoratorum
1786 1154 1853 1176 car-

1115 1198 1280 1231 dinalium.
1484 1200 1489 1203 ’

1158 1253 1172 1295 ξ
1197 1251 1227 1285 3.
1255 1251 1470 1284 Decerneutes
1500 1251 1627 1283 easdem
1660 1254 1849 1293 praesentes

1115 1306 1238 1337 litteras
1264 1314 1391 1347 semper
1415 1304 1530 1343 firmas,
1549 1304 1670 1336 validas
1694 1308 1724 1335 et
1749 1303 1853 1335 effica-

1116 1368 1167 1391 ces
1192 1358 1328 1390 existere
1354 1362 1385 1390 et
1410 1358 1486 1397 fore,
1522 1367 1661 1398 suosque
1688 1355 1851 1398 plenarios

1117 1417 1148 1444 et
1171 1411 1314 1453 integros
1340 1409 1470 1443 effectus
1501 1409 1608 1442 sortiri
1634 1414 1666 1441 et
1690 1408 1852 1447 obtinere,

1118 1474 1151 1496 ac
1176 1463 1250 1504 illis⁷
1276 1463 1313 1496 ad
1336 1473 1415 1505 quos
1434 1467 1557 1505 spectat
1578 1467 1609 1494 et
1630 1472 1689 1504 pro
1709 1467 1855 1503 tempore

1119 1517 1386 1559 quandocumque
1420 1515 1600 1557 spectabit,
1635 1514 1668 1546 in
1702 1513 1852 1546 omnibus

1119 1574 1150 1602 et
1168 1580 1225 1612 per
1248 1569 1354 1602 omnia
1380 1567 1570 1611 plenissime
1593 1566 1774 1608 suffragari,
1795 1566 1855 1598 sic-

1119 1634 1181 1666 que
1207 1623 1239 1654 in
1265 1621 1448 1664 praemissis
1474 1631 1533 1663 per
1558 1629 1782 1662 quoscumque
1807 1618 1855 1650 iu-

1119 1676 1206 1708 dices
1225 1674 1406 1708 ordinarios
1426 1679 1457 1706 et
1475 1674 1651 1715 delegatos,
1672 1672 1766 1704 etiam
1784 1681 1855 1703 cau—

1119 1739 1225 1761 sarum
1251 1728 1360 1771 palatii
1397 1726 1565 1770 apostolici
1598 1725 1775 1763 auditores,
1807 1724 1854 1755 iu-

1120 1781 1217 1813 dicari
1242 1786 1274 1813 et
1297 1779 1423 1813 deliniri
1449 1779 1578 1818 debere,
1612 1789 1648 1810 ac
1671 1777 1798 1809 irritum
1824 1782 1855 1809 et

1120 1834 1213 1865 inane
1248 1833 1273 1864 si
1306 1843 1400 1865 secus
1431 1841 1529 1874 super
1561 1831 1610 1863 bis
1637 1841 1654 1862 a
1679 1840 1853 1872 quoquam,

1121 1886 1229 1929 quavis
1256 1885 1451 1924 auctoritate,
1478 1885 1616 1916 scienter
1637 1884 1685 1915 vel
1703 1882 1856 1924 ignoran-

1121 1945 1177 1980 ter,
1203 1939 1400 1981 contingerit
1423 1937 1587 1970 attentari.

1163 1993 1177 2035 ξ
1201 1992 1232 2024 4,
1259 1991 1328 2024 Non
1346 1991 1550 2024 obstantibus
1570 1988 1853 2022 constitutionibus

1120 2051 1150 2077 et
1161 2043 1443 2084 ordinationibus¹‚
1455 2054 1592 2083 necnon,
1606 2049 1764 2086 quatenus
1776 2053 1855 2085 opus

1119 2098 1167 2138 sit,
1185 2097 1312 2130 Ordinis
1331 2103 1361 2129 et
1375 2095 1643 2138 Congregationis
1661 2095 1855 2134 huiusmodi,

1119 2150 1253 2192 aliisque
1272 2150 1446 2192 quibusvis,
1461 2149 1556 2181 etiam
1574 2148 1767 2187 iuramento,
1780 2158 1856 2180 con-

1119 2203 1299 2235 firmatione
1325 2203 1513 2245 apostoliea,
1544 2203 1592 2234 vel
1619 2201 1728 2244 quavis
1753 2200 1855 2232 firmi-

1120 2262 1180 2288 tate
1206 2256 1268 2288 alia
1292 2255 1462 2294 roboratis,
1489 2255 1615 2287 statutis
1635 2259 1666 2286 et
1683 2259 1855 2286 consuetu-

1119 2309 1263 2350 dinibus,
1289 2308 1467 2351 privilegiis
1493 2318 1632 2350 quoque,
1663 2307 1796 2339 indultis
1822 2312 1854 2339 et

1118 2361 1231 2394 litteris
1256 2360 1444 2404 apostolicis
1478 2361 1509 2392 in
1541 2360 1736 2393 contrarium
1762 2370 1853 2402 prae-

1117 2415 1289 2447 missorum
1315 2414 1561 2457 quomodolibet
1587 2413 1757 2452 concessis,
1782 2423 1856 2445 con-

1118 2468 1250 2500 firmatis
1286 2474 1318 2500 et
1341 2467 1521 2506 innovatis,
1554 2466 1669 2508 quibus
1705 2465 1856 2497 omnibus

1117 2528 1148 2554 et
1173 2521 1317 2564 singulis,
1345 2521 1471 2553 illorum
1507 2526 1635 2552 tenores
1673 2518 1855 2560 praesenti-

1117 2576 1176 2607 bus
1202 2584 1260 2616 pro
1286 2575 1381 2616 plene
1408 2579 1439 2605 et
1470 2572 1669 2604 sufficienter
1694 2569 1854 2613 expressis

1152 2639 1163 2663 1
1186 2636 1268 2662 Deest
1288 2643 1334 2662 vox
1356 2634 1518 2670 apostolicis
1538 2634 1575 2668 (a.
1597 2639 1644 2666 T.).

1739 250 1802 282 417
1850 259 1896 285 A...
1915 259 1943 284 c.
1967 259 2035 283 107³

1890 1262 1999 1281 Decretum
2018 1268 2046 1281 u·-

1864 1293 1935 1309 filaus.

1892 1998 2049 2017 Contrariizdav

1867 2027 1932 2050 rogati
