2279 3260
137 254 186 281 An.
201 253 231 280 C.
254 253 321 280 1670

192 993 325 1019 Legitimam

145 1020 168 1041 tu
177 1021 308 1046 ·ssitiu·uru1u.

955 248 1097 273 CLEMFNS
1121 250 1138 272 X
1163 249 1210 272 FP.

330 300 414 345 quod
440 299 586 333 censuris
600 298 786 331 huiusmodi
802 297 888 339 ligati
904 297 1014 330 missas
1034 302 1065 328 et

328 354 390 386 alia
408 353 512 385 divina
538 353 654 391 officia,
682 352 855 384 dummodo
875 356 980 382 tamen
1000 360 1063 382 non

326 407 358 447 in
369 411 589 449 contemptum
600 405 745 441 clavium,
758 403 1001 441 celebraverint,
1011 408 1064 435 aut

327 459 405 492 alitis
432 457 463 490 in
489 457 603 491 divinis
630 468 662 490 sc
688 457 939 495 immiscuerint,
964 456 1065 499 quod-

329 522 400 554 que,
420 511 474 543 illa
495 516 526 543 et
547 511 616 543 aliis
640 510 825 553 praemissis
851 520 914 542 non
936 510 1066 541 obstan-

331 565 424 603 tibus,
443 563 482 596 ad
504 574 616 596 omncs
635 563 730 595 etiam
753 574 863 595 sacros
882 568 913 595 et
934 562 1066 605 presby-
1085 586 1086 589 ¹

332 622 455 649 teratus
482 616 623 655 ordines,
643 616 720 648 alias
745 615 815 655 rite,
842 620 873 647 et
890 614 1065 647 dunnnodo

333 671 455 703 nullum
482 669 568 702 aliud
594 669 686 701 alicui
713 679 823 701 eorum
850 669 956 700 obstet
973 677 1068 699 cano-

334 723 441 755 nicum
466 722 740 764 impedimentum,
760 720 954 764 promoveri,
978 725 1010 751 et
1033 719 1066 750 in

332 775 395 808 illis
421 781 452 808 et
476 775 508 807 in
533 775 692 816 susceptis
717 784 775 816 per
800 784 867 811 eos,
893 773 970 805 alias
994 771 1064 810 rite,

331 828 500 860 ordinibus
521 827 616 860 etiam
636 827 666 858 in
685 826 793 859 altaris
812 824 990 857 ministerio
1008 823 1067 855 mi-

333 879 470 912 nistrare
496 879 590 911 etiam
617 879 717 911 libere
739 883 770 911 et
794 878 880 911 licite
907 878 1063 916 valeaant‚

336 933 573 975 dispensamus.

379 986 393 1027 ἓ
417 984 448 1016 5.
471 985 515 1016 Ac
540 984 668 1016 cosdem
693 982 919 1021 conclavistas,
953 982 980 1014 si
1013 981 1066 1024 qui

335 1047 448 1070 corum
473 1037 634 1069 desectum
654 1036 807 1068 natalium
833 1036 1010 1078 patiantur,
1030 1045 1066 1067 ex
1086 1031 1088 1034 ⁴

336 1099 539 1132 quocumque
574 1089 722 1121 damnato
749 1093 781 1120 et
810 1088 925 1120 illicitu
957 1087 1065 1127 coitu,

337 1140 459 1174 etiamsi
496 1152 531 1173 ex
573 1140 784 1173 nobilissimis
818 1140 1004 1183 parentibus
1037 1144 1069 1172 et

336 1194 452 1226 vilibus
489 1193 615 1226 seminis
653 1194 760 1225 forsan
798 1192 959 1235 procreati
992 1192 1067 1232 sint,

335 1310 419 1339 mus,
436 1310 631 1342 omnemque
648 1300 684 1331 ab
700 1299 763 1332 illis
779 1299 946 1341 geniturae
962 1299 1069 1331 huius-

335 1353 423 1385 modi
437 1352 595 1384 maculam
610 1352 673 1385 sive
688 1359 796 1386 notam
812 1353 1024 1394 abstergimus
1040 1355 1071 1383 et

335 1406 512 1444 abolemus,
527 1416 563 1438 ac
580 1405 733 1447 legitimis
752 1406 912 1438 natalibus
929 1405 1070 1437 restitui-

334 1468 415 1496 anS,
432 1463 547 1490 etcum
566 1468 675 1489 corum
690 1457 836 1500 singulis,
852 1464 886 1490 ut
899 1458 930 1490 in
942 1458 1070 1501 quibus—

334 1520 472 1553 cumque
490 1509 583 1542 bonis
604 1511 747 1552 paternis
769 1517 800 1543 et
817 1512 981 1551 maternis,
996 1511 1070 1544 alio·
1089 1525 1090 1528 ¹

334 1574 404 1596 rum
425 1563 739 1605 consanguineoriun
766 1575 820 1596 seu
847 1570 1068 1605 mie-natorum,

335 1617 386 1650 vel
404 1616 541 1651 aliorum
561 1627 854 1660 quorumcumque,
874 1618 941 1649 sine
963 1624 1069 1650 tamen

330 1669 533 1712 praeiudicio
548 1669 747 1701 venientium
758 1671 796 1702 ab
811 1670 960 1703 intestato
973 1672 1068 1703 velex

333 1721 585 1755 fideicommissa
618 1733 675 1754 seu
704 1723 783 1755 alias
808 1724 847 1756 de
873 1723 940 1755 iure
967 1724 1070 1757 valida

334 1774 560 1817 dispositione,
580 1779 610 1807 et
630 1776 895 1817 praetin'qiiaiiiin
914 1777 1008 1808 bonis
1021 1787 1072 1809 ec-

334 1826 520 1860 clesiasticis
536 1832 566 1859 et
580 1827 618 1859 ab
633 1827 775 1860 Ecclesia
794 1829 1069 1870 prtwenienlibus,
1091 1827 1092 1832 ’

334 1880 530 1919 succedere,
569 1886 601 1912 et
625 1879 679 1913 illa
716 1880 900 1913 domitio-nis
929 1883 978 1914 vel
1008 1882 1071 1914 alio

334 1987 488 2030 aequales
506 1985 674 2029 portiones
692 1997 763 2018 cain
784 1987 939 2029 legitimis
962 1998 1070 2020 succe·
1091 1994 1093 1999 ⁴

336 2040 422 2079 dere,
449 2049 504 2071 eos
529 2039 568 2071 ad
593 2039 701 2071 onmia
720 2039 796 2077 iura,
816 2040 977 2082 legitimas
1002 2051 1073 2073 suc-

336 2092 514 2133 cessiones,
526 2102 562 2124 ex
577 2096 771 2125 testamento
789 2094 836 2125 vel
858 2094 896 2125 ab
911 2093 1070 2133 intestato,

336 2145 572 2184 haereditates,
599 2146 724 2187 legata,
752 2145 919 2178 libertates
945 2147 1073 2179 restitu-

282 2211 288 2215 ·
337 2198 421 2231 endo
447 2197 580 2230 realiter
605 2203 636 2230 ct
660 2208 733 2230 cuin
759 2197 880 2237 ellectu,
903 2210 938 2231 ac
969 2200 1008 2231 ad
1028 2199 1072 2232 di—

337 2251 496 2293 gnitates,
522 2250 663 2282 honores
695 2256 726 2282 et
758 2262 977 2294 quaecumque
1011 2248 1092 2285 alia*
1114 2255 1199 2286 runt,
1224 2249 1374 2283 similiter
1399 2250 1499 2291 gratis
1521 2250 1647 2290 dentur,
1674 2251 1856 2283 concedan-

337 2303 441 2336 officia
469 2303 655 2342 saecularia,
692 2304 820 2346 publica
855 2306 903 2337 vel
929 2304 1071 2347 privata,
1091 2291 1095 2355 't
1116 2308 1166 2335 tur
1192 2308 1223 2336 ct
1247 2299 1471 2346 expediantur,
1498 2313 1534 2335 ac
1559 2303 1638 2342 dari,
1664 2304 1801 2336 concedi
1823 2308 1857 2336 et

337 2357 434 2389 etiam
451 2356 582 2396 assumi,
602 2356 721 2399 illaque
739 2367 852 2399 gerere
871 2362 902 2389 ct
922 2368 1072 2391 exercere

338 2409 371 2442 in
398 2409 544 2442 omnibus
570 2414 601 2442 et
625 2420 684 2452 per
709 2410 817 2442 omnia
841 2421 876 2443 ac
906 2410 932 2442 si
965 2411 1004 2443 de
1032 2412 1074 2444 le-

339 2462 451 2504 gitimo
476 2461 682 2494 matrimonio
708 2462 871 2505 procreati
898 2463 1014 2503 serent,
1039 2474 1074 2496 ac

339 2516 453 2548 eodem
489 2515 615 2548 defectu
644 2525 709 2548 non
742 2516 908 2557 obstante,
936 2516 961 2549 si
987 2516 1072 2550 aliud

339 2567 531 2600 canonicum
557 2567 603 2600 eis
621 2578 686 2600 non
703 2569 840 2602 obsistat
864 2569 1074 2612 impedimen-

339 2626 415 2658 tum,
432 2626 464 2652 ut
481 2620 623 2653 clericali
641 2621 840 2662 charactere,
856 2623 908 2665 qui
924 2623 979 2655 illo
995 2634 1074 2655 non-

410 2682 486 2713 Bull.
512 2682 590 2709 Rom.
625 2697 643 2700 ·
669 2683 716 2711 Vel
751 2683 854 2713 XVIII.
888 2698 891 2706 ι
999 2685 1014 2712 4

1084 297 1182 337 idum
1210 295 1353 337 insigniti
1380 297 1452 336 sint,
1479 296 1639 337 insigniri,
1659 298 1750 329 acad
1775 307 1842 328 om-

1084 341 1087 403 ]
1106 360 1163 382 nes
1187 350 1283 383 etiam
1309 361 1417 382 sacros
1439 356 1471 382 et
1495 351 1738 393 presbyteratus
1758 349 1841 382 crdi-

1085 409 1175 443 'nes,
1200 403 1225 435 si
1251 404 1395 436 nondum
1422 404 1460 437 ad
1482 403 1554 436 illos
1586 403 1728 446 promoti
1765 403 1839 441 sint,

1085 490 1086 497 ἵ
1106 455 1301 498 promoveri,
1322 467 1357 488 ac
1374 455 1582 499 postmodum
1600 455 1789 487 charactere
1811 459 1842 486 et

1085 511 1275 560 ¹ordinibus
1300 510 1486 543 huiusmodi
1519 510 1716 552 illorumque
1747 508 1842 551 privi-

1106 563 1199 605 legiis
1223 563 1279 601 uti,
1305 562 1391 595 acin
1412 563 1534 596 eisdem
1554 562 1723 595 ordinibus
1745 561 1844 600 etiam

1106 615 1138 647 in
1156 615 1264 648 altaris
1283 615 1464 648 ministerio
1481 615 1674 653 ministrare,
1694 624 1729 646 ac
1746 623 1844 656 quae-

1107 679 1243 711 cumque
1269 674 1300 701 et
1325 669 1572 711 qualiacumque
1598 678 1669 700 cuni
1705 669 1780 698 cura
1812 671 1844 698 et

1107 721 1176 752 sine
1195 724 1268 753 cura
1286 721 1443 754 beneficia
1461 720 1692 759 ecclesiastica,
1715 719 1843 752 etiamsi

1107 779 1323 815 personatus,
1351 774 1644 807 administrationes
1677 779 1708 805 et
1739 772 1845 805 officia

1107 824 1201 857 etiam
1226 831 1335 858 curata
1353 832 1383 858 et
1404 827 1537 858 electiva
1552 826 1584 858 in
1602 824 1844 858 cathedralibus

1108 883 1139 909 et
1156 879 1414 920 metropolitanis
1431 881 1478 912 vel
1493 878 1671 920 collegiatis
1687 877 1843 915 ecclesiis,

1107 940 1164 962 seu
1189 930 1214 963 si
1240 931 1444 973 parochiales
1471 932 1627 964 ecclesiae
1657 931 1705 964 vel
1734 941 1844 963 earum

1107 988 1282 1026 perpetuae
1312 984 1471 1023 vicariae,
1505 995 1541 1017 ac
1573 984 1782 1017 canonicatus
1814 987 1846 1015 et

1108 1036 1322 1077 praebendae,
1350 1036 1537 1078 dignitates,
1565 1047 1630 1069 non
1658 1042 1764 1069 tamen
1781 1047 1846 1075 ina-

1108 1088 1193 1120 iores
1218 1094 1291 1131 post
1308 1089 1525 1131 pontificalem
1542 1089 1575 1121 in
1592 1089 1844 1128 cathedralibus,

1086 1176 1088 1181 ,
1108 1146 1162 1173 aut
1196 1141 1390 1184 principales
1424 1142 1457 1174 in
1493 1142 1673 1184 collegiatis
1698 1141 1846 1175 ecclesiis

1086 1195 1088 1233 ξ
1110 1193 1292 1227 huiusmodi
1320 1194 1447 1233 suerint,
1467 1195 1491 1227 si
1511 1195 1571 1228 sibi
1591 1195 1670 1228 alias
1688 1195 1846 1228 canonice

336 1247 461 1280 etiamsi
480 1246 557 1279 alias
572 1247 737 1288 legitimati
750 1247 896 1286 existant,
913 1245 1069 1288 legitima·
1087 1240 1088 1249 ¹

1110 1246 1327 1286 conserantur,
1353 1253 1407 1279 aut
1424 1247 1483 1290 ipsi
1502 1247 1676 1289 eligantur,
1696 1258 1847 1290 praesen-

1110 1304 1219 1331 tentur
1239 1301 1288 1332 vel
1318 1300 1396 1332 alias
1422 1305 1626 1332 assumantur
1650 1301 1689 1333 ad
1718 1300 1791 1339 illa,
1816 1305 1849 1333 et

1110 1350 1318 1383 instituantur
1332 1351 1365 1383 in
1379 1351 1513 1391 eisdem,
1527 1352 1685 1395 recipere,
1700 1358 1739 1392 et,
1755 1353 1848 1384 dum-

1110 1404 1206 1437 modo
1231 1406 1324 1447 plura
1348 1405 1444 1437 simul
1470 1415 1535 1437 non
1561 1405 1625 1438 sint
1653 1417 1747 1448 quam
1765 1417 1847 1449 quae

1111 1469 1126 1489 a
1137 1457 1279 1490 Concilio
1293 1457 1480 1490 Tridentino
1491 1458 1732 1500 permittuntur,
1742 1459 1847 1502 quoad

1111 1510 1249 1543 vixerint
1274 1510 1413 1543 retinere
1434 1510 1534 1543 libere
1554 1516 1584 1544 et
1599 1511 1686 1544 licite
1710 1513 1848 1552 valeant,

1111 1563 1259 1596 similiter
1284 1563 1523 1606 dispensamus.

1154 1616 1168 1657 ,Ε
1192 1616 1223 1649 6.
1251 1615 1407 1659 Quodque
1432 1627 1543 1649 omncs
1567 1622 1599 1649 et
1628 1628 1866 1670 quaecumquet

1112 1722 1156 1753 vis
1171 1722 1250 1754 aliae
1269 1722 1395 1754 litterae
1409 1722 1610 1764 apostolicae
1625 1724 1847 1765 provisionum

1090 1800 1092 1817 3
1113 1785 1388 1818 quorumcumque
1407 1774 1642 1808 beneficiorum
1660 1777 1851 1810 ecclesiasti-

1113 1838 1222 1860 corum
1257 1827 1443 1860 huiusmodi
1477 1834 1576 1871 prout
1607 1829 1728 1862 nostris
1760 1830 1852 1863 sami-

1090 1888 1092 1916 1
1113 1880 1247 1913 liaribus
1265 1880 1427 1913 continuis
1449 1882 1724 1915 commensalibus
1750 1883 1850 1925 gratis

335 1933 449 1977 quovis
477 1932 566 1966 titulo
591 1933 743 1976 consequi
770 1938 802 1966 et
828 1934 958 1974 habere,
981 1946 1016 1967 ac
1032 1928 1097 1967 adl

1091 1975 1093 1979 ,
1114 1934 1240 1972 dentur,
1265 1933 1484 1966 concedantur
1508 1940 1540 1966 et
1563 1934 1788 1977 expediantur,
1815 1947 1852 1968 ac

1114 1986 1210 2018 etiam
1230 1986 1354 2018 litterae
1373 1985 1462 2029 ipsae
1480 1986 1512 2018 in
1529 1987 1629 2019 forma
1646 1987 1764 2027 Brevis,
1788 1994 1849 2021 tam

1091 2022 1093 2082 ἦ
1114 2040 1153 2072 de
1179 2039 1336 2081 capienda
1360 2039 1567 2081 possessione
1593 2039 1725 2072 nomine
1745 2040 1851 2074 dictae

1114 2103 1263 2124 camerac
1281 2091 1494 2134 apostolicae,
1510 2103 1603 2134 quani
1621 2092 1709 2134 alias,
1725 2093 1768 2125 uti
1787 2093 1851 2126 illis

1092 2177 1094 2184 ,
1114 2155 1212 2188 super
1237 2143 1476 2188 provisionibus
1498 2155 1776 2188 quorumcumque
1798 2147 1854 2179 he-

1089 2195 1306 2246 jneticioruni
1336 2196 1629 2230 ecclesiasticorum
1663 2198 1733 2231 dari
1765 2204 1856 2241 pote-

1092 2359 1095 2430 ἱ
1115 2356 1260 2399 expediri
1286 2355 1418 2389 omnino
1444 2356 1593 2396 debeant,
1613 2356 1708 2388 etiam
1729 2357 1855 2399 praeci-

1094 2436 1095 2450 ,
1116 2410 1219 2454 pimus
1245 2415 1277 2442 et
1296 2410 1500 2442 mandamus.

1093 2452 1096 2504 Ῑ
1160 2466 1174 2507 3'
1200 2463 1230 2496 7.
1258 2463 1301 2495 Ae
1329 2462 1533 2495 conclavistis
1564 2462 1740 2506 praedictis
1757 2489 1764 2502 ,

1116 2622 1254 2665 professi
1279 2626 1365 2662 sunt,
1384 2625 1430 2662 ut,
1450 2619 1574 2653 etiamsi
1591 2620 1629 2653 ab
1647 2630 1759 2654 eorum
1778 2631 1855 2653 con-

1760 238 1802 272 95
1848 247 1897 273 An.
1913 246 1941 271 e.
1963 243 2034 271 1070

1885 1623 1995 1650 Expedita>
2009 1623 2043 1644 itt·

1868 1653 1950 1671 eratum
1959 1652 2043 1675 aposto·

1112 1668 1243 1711 gratiae,
1259 1669 1471 1711 provisiones,
1487 1670 1698 1703 commendae
1713 1676 1848 1714 etquae-
1860 1678 1946 1698 *warum
1961 1677 2033 1702 uram-

1798 2462 1852 2506 qui
1864 2494 1877 2513 t·
1888 2467 2000 2497 Concessio
2011 2472 2048 2496 aii-

1280 2515 1285 2519 -
1360 2515 1365 2520 .
1485 2515 1490 2519 .
1531 2515 1536 2520 .
1601 2515 1606 2520 ,
1757 2515 1762 2519 ,
1829 2515 1834 2520 ,
1875 2495 1968 2514 iamiam
1990 2499 2048 2520 equi-

1094 2534 1095 2544 1
1116 2516 1146 2550 S.
1175 2516 1303 2549 Ioannis
1328 2515 1607 2548 Ilierosolmntam
1632 2525 1688 2547 seu
1713 2520 2050 2567 0111115115ξιιιῐῖιιξηῇἰῇτξςορξιζ

1116 2569 1249 2604 alterius
1268 2568 1403 2602 militiae
1421 2568 1578 2611 regularis
1592 2567 1689 2601 etiam
1702 2578 1854 2610 expresse
1867 2576 1931 2594 ‘mus
1945 2573 2041 2595 minua·-
