2279 3260
236 238 283 267 An.
303 240 331 267 c..
356 240 422 266 ¹673
468 230 531 263 litto

428 288 520 321 cilius
547 288 715 329 habeatur,
756 294 906 321 tencatur
941 286 1164 329 uuusspiisque

430 341 512 373 intra
539 342 711 374 terminum
739 341 832 373 unius
865 339 984 371 mensis
1010 337 1166 370 beneficia

431 393 492 426 iam
526 395 659 427 obtenta
690 394 837 426 annotari
878 402 991 423 run-ire
1017 391 1049 422 iu
1075 389 1167 422 libris

431 446 586 479 dictarum
620 447 838 479 universitatis
870 450 902 476 et,
928 443 1085 476 facultatis
1118 453 1168 473 ar-

432 499 509 530 tium
539 499 715 541 respective
736 499 767 530 in
791 498 907 540 quibus
929 495 1168 528 nominationes

431 552 468 584 ad
495 551 651 584 beneficia
672 562 708 583 ac
725 550 916 582 collationes
938 547 1168 580 beneficiorum

432 615 490 646 per
515 604 647 635 easdem
673 602 912 634 universitatem
936 605 966 631 et
985 600 1169 631 facultatem

432 657 547 687 artium
574 655 751 697 respective
786 664 843 695 pro
882 658 1028 694 tempore
1067 652 1187 683 fartae

432 713 627 740 annotantur
663 717 716 738 seu
744 705 967 747 registrantur,
995 714 1030 736 ac
1048 704 1086 735 de
1108 703 1168 735 iam

432 762 563 792 obtento
600 770 652 791 seu
680 758 820 791 obtentis
848 757 1015 789 beneficiis
1052 756 1084 788 in
1121 766 1170 787 se-

433 813 536 844 cunda
575 813 625 843 vel
651 811 744 843 tertia
769 810 956 853 provisione
994 820 1048 841 seu
1075 808 1171 840 nomi-

434 865 562 896 natione
595 863 795 895 mentionem
833 863 956 901 favere,
998 861 1171 904 pensiones

433 926 560 959 quoque
587 927 622 948 ex
649 918 743 947 causa
769 914 999 956 resignationis
1022 912 1170 945 beneficii

433 969 542 1010 vigore
568 968 811 1011 privilegiorum
846 967 1085 1010 praedictorum
1117 966 1172 997 ol)—

434 1021 511 1053 tenti
552 1021 727 1063 resignanti
764 1026 963 1059 reservatae,
993 1020 1023 1051 iu
1050 1019 1171 1052 eisdem

434 1074 524 1106 libris
549 1074 670 1117 pariter
688 1073 835 1106 annotari
858 1079 889 1105 et
907 1074 945 1105 de
964 1073 1027 1105 illis
1046 1072 1078 1104 in
1099 1082 1172 1114 pos-

434 1126 606 1159 terioribus
631 1126 910 1159 nominationibus
943 1136 999 1158 seu
1018 1125 1173 1168 provisio-

435 1179 530 1211 nibus
548 1180 670 1212 mentio
689 1179 759 1211 fieri
778 1179 905 1211 debeat.

268 1242 288 1262 in
310 1241 368 1262 imus
389 1246 425 1261 no·
481 1232 570 1274 §Q‘L
598 1232 635 1264 Et
668 1237 826 1275 quatenus
860 1230 977 1273 aliquis
1014 1228 1173 1272 composi-

242 1270 425 1320 {2ffi¹fi[,5112f1‚¹‡3,'”
439 1285 558 1317 tionem
584 1284 647 1317 sive
677 1283 883 1317 concordiam
903 1293 1000 1326 super
1015 1281 1172 1315 beneficio

436 1337 480 1369 sic
505 1338 638 1369 obtento
664 1347 737 1369 cum
770 1336 954 1368 adversario
985 1334 1047 1367 iam
1073 1335 1174 1367 inive-

416 1391 487 1429 -rit,
508 1396 561 1422 aut
578 1390 850 1432 quandocumque
868 1389 900 1420 in
920 1389 1061 1420 futurum
1077 1387 1172 1426 ineat,

436 1454 496 1486 per
522 1454 616 1486 quam
642 1442 763 1485 aliquid
797 1442 856 1474 sibi
884 1442 913 1473 in
939 1441 1174 1484 compensatio—

436 1506 510 1528 nem
537 1494 687 1527 beneficii
715 1493 835 1526 dimissi
862 1494 1048 1536 praestitum
1082 1492 1172 1524 fuerit

437 1553 491 1580 aut
515 1553 708 1591 praestetur,
744 1547 774 1579 id
808 1547 840 1578 in
874 1546 964 1579 libris
1001 1545 1174 1589 praedictis

438 1600 658 1643 pariformiter
671 1604 855 1639 annotetur,
876 1599 1097 1641 habeaturque
1116 1608 1175 1640 pro

438 1656 501 1685 una
527 1653 711 1696 provisione
738 1652 767 1684 ei
799 1652 861 1684 iam
898 1652 994 1691 facta,
1031 1652 1111 1683 itaut
1136 1662 1174 1683 eo

437 1706 605 1749 pauciores
632 1704 872 1737 nominationes
901 1704 967 1737 sive
985 1704 1175 1737 collationes

437 1758 671 1791 beneficiorum
696 1758 735 1790 ab
759 1756 969 1790 universitate
1001 1767 1058 1789 sen
1078 1757 1177 1788 facul-

439 1817 503 1844 tate
530 1812 645 1844 artium
681 1811 835 1855 praefatis
869 1810 1050 1854 respective
1086 1821 1177 1853 prae-

441 1865 575 1897 tendere
604 1875 660 1897 seu
681 1870 792 1908 petere
810 1865 923 1897 valeat.

260 1926 429 1957 *Nemoprivilef
524 1918 576 1950 0202.
604 1918 682 1955 Quia
706 1928 782 1950 vero
813 1917 981 1961 privilegia
1013 1917 1177 1961 praedicta

246 1955 473 2005 fiifssffiiffllffiss'lifjn
499 1971 640 2003 favorem
666 1971 809 2010 illorum,
837 1970 891 2013 qui
918 1970 1097 2003 litterarum
1115 1975 1178 2002 stu-

246 2009 286 2025 tem
312 2013 330 2026 in
355 2006 429 2025 eadem

245 2034 382 2079 ii'sissfiif'me
398 2039 428 2053 re>
442 2024 502 2057 diis
528 2024 560 2056 in
579 2024 661 2057 dicta
677 2024 881 2056 universitate
901 2034 1033 2067 operam
1052 2029 1175 2063 navant,

442 2077 481 2109 ab
507 2077 566 2109 bac
591 2076 707 2109 Sancta
731 2076 812 2109 Sede
846 2086 1013 2109 emanasse
1039 2087 1177 2109 noscun-

442 2135 503 2171 tur,
531 2131 678 2162 volumus
710 2129 843 2171 insuper
868 2134 900 2161 et
924 2130 1118 2169 ordinamus,
1144 2135 1177 2161 ut

440 2193 536 2215 nemo
567 2182 632 2215 sive
659 2182 697 2214 ab
721 2181 931 2215 universitate
961 2182 1025 2215 sive
1046 2193 1062 2214 a
1082 2183 1178 2214 facul-

440 2240 503 2268 tate
529 2235 644 2268 artium
683 2235 869 2267 huiusmodi
908 2235 947 2267 ad
983 2235 1176 2267 beneficium

439 2289 669 2331 quodcumque
687 2287 858 2328 nominari,
878 2298 936 2320 nec
955 2288 1103 2321 beneficii
1125 2299 1178 2320 eu-

439 2342 538 2374 iusvis
565 2341 693 2374 collatio
718 2341 746 2373 ei
769 2340 836 2373 fieri
857 2341 972 2384 possit,
993 2342 1046 2384 qui
1066 2343 1176 2374 saltem

438 2406 499 2439 pei·
524 2405 644 2427 annum
669 2394 830 2436 integrum
856 2393 887 2425 in
914 2394 1027 2426 eadem
1052 2393 1178 2426 univer-

440 2447 531 2480 sitate.
558 2458 623 2480 non
648 2446 819 2486 resederit,
841 2445 949 2489 ibique
970 2447 1098 2478 scholas
1117 2447 1178 2478 fre-

441 2500 654 2544 quentaverit,
667 2505 698 2532 et
712 2499 819 2532 studia
836 2499 1022 2531 huiusmodi
1042 2499 1178 2541 diligen-

442 2559 491 2587 ter
514 2558 706 2598 prosecutus
729 2552 834 2585 fuerit.

273 2615 327 2639 Quid
346 2614 365 2636 in
381 2619 431 2636 casu

1003 239 1181 263 mummium
1205 239 1356 263 noiuANUM

1951 238 1999 264 An.
2016 238 2045 265 C.
2068 239 2135 265 1678

1207 286 1465 328 supradictorum
1494 291 1605 319 tenore
1631 287 1761 319 minime
1786 286 1883 319 liceat
1902 286 1944 319 fa·
1955 299 2070 328 vacationi«
2105 305 2139 319 ,20-

1208 338 1316 369 rultati
1341 338 1453 371 artium
1480 344 1511 372 et
1531 339 1731 371 universitati
1768 325 2140 382 praedictisfllssl‘lfi‘f'llssfflm

1208 390 1246 421 ad
1272 391 1439 429 beneficia,
1461 403 1551 435 quae,
1568 392 1697 424 sedibus
1730 391 1946 434 archiepisco-

1210 442 1335 484 palibus
1370 443 1435 475 sive
1467 443 1706 486 episcopalibus
1737 450 1792 476 aut
1821 444 1946 487 praela-

1210 493 1288 525 turis
1320 495 1511 527 collatorum
1543 496 1779 528 ordinariorum
1811 495 1947 528 vacanti—

1209 546 1281 583 bus,
1296 557 1407 578 vacare
1432 547 1599 589 contingit,
1616 548 1791 587 nominare,
1811 553 1843 579 et
1859 547 1946 590 quid-

1211 598 1287 640 quid
1315 608 1407 629 serus
1433 599 1570 630 antebac
1597 599 1711 631 factum
1739 599 1808 639 fuit,
1828 599 1859 631 id
1878 600 1945 631 nul-

1212 650 1284 681 liter
1315 655 1346 682 et
1382 650 1520 683 invalide
1553 651 1670 683 factum
1712 652 1815 691 fuerit,
1851 657 1947 694 prout

1214 709 1408 735 memoratus
1455 703 1603 736 Clemens
1644 704 1681 736 IX
1719 705 1948 747 praedecessor

1212 766 1271 798 per
1295 756 1416 788 litteras
1441 767 1514 788 suas
1540 756 1722 798 praedictas
1752 757 1946 797 deela1·avit·‚

1213 807 1286 850 quia
1313 813 1419 840 tamen
1452 808 1663 840 ecclesiarum
1700 819 1756 841 seu
1786 809 1950 851 praelatu-

1213 870 1318 892 rarum
1344 860 1528 892 huiusmodi
1555 861 1758 903 provisiones
1784 860 1949 899 interdum

1214 912 1267 944 diu
1294 912 1501 952 differuntur,
1529 923 1564 944 ex
1592 912 1725 955 speciali
1751 913 1853 955 gratia
1877 923 1950 945 con-

1214 964 1357 997 cedimus
1382 970 1414 996 ct
1438 964 1656 1007 indulgemus,
1683 965 1766 997 utin
1785 970 1950 1008 posterum

1215 1018 1453 1050 nominationes
1492 1018 1528 1050 ad
1555 1017 1724 1058 beneficia,
1759 1029 1840 1061 quae
1876 1023 1952 1061 post

1214 1071 1359 1113 elapsum
1385 1076 1542 1103 semestre
1569 1082 1585 1102 a
1606 1070 1657 1102 die
1680 1082 1742 1113 quo
1762 1071 1887 1103 sedium
1906 1081 1951 1103 ar-

1214 1122 1501 1165 chiepiscopalium
1534 1133 1589 1155 seu
1627 1123 1860 1165 episcopalium
1897 1128 1952 1155 aut

1215 1176 1473 1217 praelaturarum
1500 1173 1686 1207 huiusmodi
1706 1176 1825 1208 vacatio
1843 1181 1952 1207 secuta

1217 1228 1317 1267 fuerit,
1354 1238 1463 1260 vacare
1500 1227 1689 1269 contigerit,
1728 1238 1787 1270 per
1822 1228 1952 1260 easdem

1215 1280 1452 1312 universitatem
1479 1286 1510 1312 et
1536 1280 1716 1311 facultatem
1743 1280 1858 1311 artium
1884 1290 1954 1312 res-

1216 1333 1347 1375 pective,
1379 1334 1501 1364 servata
1526 1331 1717 1374 ceteroquin
1744 1337 1804 1363 tam
1832 1330 1956 1374 praedi-

1216 1390 1338 1417 ctorum
1356 1385 1602 1428 privilegiorum
1621 1395 1715 1427 quam
1736 1385 1954 1427 praesentium

1217 1439 1393 1471 litterarum
1429 1439 1528 1470 forma
1561 1443 1592 1470 et
1620 1437 1851 1480 dispositione,
1886 1437 1953 1470 fieri

1217 1492 1318 1524 libere
1353 1497 1382 1523 et
1418 1491 1503 1524 licite
1537 1492 1680 1530 valeant;
1712 1491 1754 1523 ita
1786 1496 1891 1523 tamen
1919 1496 1954 1523 ut

1216 1545 1454 1576 nominationes
1473 1543 1659 1576 huiusmodi
1679 1549 1954 1576 connumerentur

1218 1597 1301 1629 inter
1326 1597 1404 1635 illas,
1431 1607 1507 1639 quas
1533 1597 1606 1635 vita,
1634 1597 1817 1639 praelatura
1849 1601 1879 1628 et
1904 1597 1954 1628 ad-

1218 1649 1454 1682 ministratione
1494 1649 1629 1692 praelati
1669 1648 1866 1681 successoris
1903 1649 1954 1681 du-

1220 1703 1437 1740 rante-facere
1462 1707 1604 1745 possent,
1631 1701 1765 1744 ipseque
1791 1701 1952 1744 praelatus

1220 1766 1385 1788 successor
1410 1766 1475 1787 non
1501 1754 1636 1797 amplius
1669 1759 1825 1796 gravetur,
1860 1763 1955 1796 quam

1220 1813 1412 1850 gravaretur,
1440 1807 1464 1839 si
1498 1806 1655 1840 beneficia
1696 1805 1889 1845 huiusmodi,
1916 1805 1954 1837 ad

1220 1872 1299 1905 quae
1325 1862 1402 1894 sede
1438 1861 1487 1893 vel
1513 1861 1698 1903 praelatura
1727 1864 1857 1890 vacante
1875 1858 1955 1890 faeta

1220 1914 1314 1946 fuerit
1349 1913 1541 1952 nominatio,
1578 1923 1616 1945 eo
1653 1912 1715 1943 iam
1752 1911 1859 1943 sedem
1900 1921 1955 1943 seu

1219 1969 1433 2011 praelaturam
1472 1966 1638 1998 obtinente
1679 1975 1791 1997 vacare
1832 1964 1956 2007 coepis-

1220 2026 1304 2054 sent.

1263 2073 1342 2116 3024.
1361 2073 1382 2105 A
1397 2071 1671 2105 nominationibus
1687 2081 1763 2103 vero
1782 2071 1820 2103 ad
1838 2069 1956 2102 benefi-
2002 2077 2096 2097 Provisum
2112 2076 2149 2098 bu-

1221 2127 1269 2160 ria
1285 2125 1479 2165 huiusmodi,
1502 2135 1583 2167 quae
1598 2124 1682 2155 intra
1699 2128 1853 2155 semestre
1868 2133 1956 2165 prae·
1967 2104 2151 2150 &Siciliiinun'inifa'

1220 2180 1339 2211 dictum
1370 2190 1387 2210 a
1419 2177 1469 2210 die
1502 2182 1629 2209 secutae
1665 2175 1838 2208 vacationis
1870 2156 2152 2228 ερόἰεξέἒξξιςιῖἓὲὼνῖεξζ

1219 2233 1268 2264 vel
1293 2232 1496 2274 praelaturae
1527 2240 1640 2261 vacare
1666 2227 1859 2270 contigerit,
1893 2233 1955 2259 tam
1969 2235 2151 2287 pfil'ffgssffflml'ss1

1221 2284 1460 2317 universitz‘item
1495 2293 1589 2325 quam
1624 2282 1806 2314 facultatem
1841 2280 1955 2312 artium
1967 2276 2112 2334 ggssffdtfssgralvs
2115 2293 2151 2334 ᾗ

1220 2337 1403 2371 huiusmodi
1437 2336 1567 2369 omniuo
1599 2335 1761 2367 abstinere
1786 2335 2090 2373 volumus‚ctaosed=.

1220 2392 1428 2434 ipsorumque
1460 2388 1690 2420 beneficiorum
1724 2387 1953 2426 collationem,

1222 2444 1470 2488 promissionem
1503 2448 1533 2474 et
1566 2441 1786 2474 omnimodam
1823 2440 1958 2483 disposi—

1221 2499 1340 2530 tionem
1377 2497 1414 2528 ad
1448 2506 1507 2527 nos
1535 2500 1565 2527 et
1590 2494 1703 2526 Sedem
1742 2493 1959 2535 Apostvlieam

1221 2549 1417 2593 praedictam
1447 2549 1544 2590 pleno
1570 2547 1639 2579 iure
1666 2551 1810 2589 spectare
1836 2550 1867 2577 et
1891 2555 1959 2588 per-

486 2608 501 2650 ἓ
524 2607 577 2640 23.
604 2607 725 2647 Porro,
751 2605 826 2639 licet
862 2616 897 2638 ex
935 2604 1175 2648 privilegiorum
1221 2603 1322 2635 tinere
1349 2601 1559 2634 declaramus.
