<?xml version="1.0" encoding="UTF-8"?>
<!DOCTYPE html PUBLIC "-//W3C//DTD XHTML 1.0 Transitional//EN"
    "http://www.w3.org/TR/xhtml1/DTD/xhtml1-transitional.dtd">
<html xmlns="http://www.w3.org/1999/xhtml" xml:lang="en" lang="en">
 <head>
  <title>
</title>
<meta http-equiv="Content-Type" content="text/html;charset=utf-8" />
  <meta name='ocr-system' content='tesseract 3.04.00' />
  <meta name='ocr-capabilities' content='ocr_page ocr_carea ocr_par ocr_line ocrx_word'/>
</head>
<body>
  <div class='ocr_page' id='page_1' title='image "./bullarumdiplomat18cath_0293.png"; bbox 0 0 2279 3260; ppageno 0'>
   <div class='ocr_carea' id='block_1_1' title="bbox 152 262 339 292">
    <p class='ocr_par' dir='ltr' id='par_1_1' title="bbox 152 262 339 292">
     <span class='ocr_line' id='line_1_1' title="bbox 152 262 339 292; baseline 0.021 -4"><span class='ocrx_word' id='word_1_1' title='bbox 152 262 202 290; x_wconf 78' lang='lat' dir='ltr'>An.</span> <span class='ocrx_word' id='word_1_2' title='bbox 223 263 252 290; x_wconf 81' lang='lat' dir='ltr'>C.</span> <span class='ocrx_word' id='word_1_3' title='bbox 276 264 339 292; x_wconf 78' lang='lat'>¹671</span> 
     </span>
    </p>
   </div>
   <div class='ocr_carea' id='block_1_2' title="bbox 148 744 331 790">
    <p class='ocr_par' dir='ltr' id='par_1_2' title="bbox 148 744 331 790">
     <span class='ocr_line' id='line_1_2' title="bbox 176 744 331 764; baseline 0.006 -1"><span class='ocrx_word' id='word_1_4' title='bbox 176 744 286 764; x_wconf 61' lang='lat' dir='ltr'>Decretum</span> <span class='ocrx_word' id='word_1_5' title='bbox 306 751 331 764; x_wconf 86' lang='lat' dir='ltr'>u·-</span> 
     </span>
     <span class='ocr_line' id='line_1_3' title="bbox 148 772 221 790; baseline 0 0"><span class='ocrx_word' id='word_1_6' title='bbox 148 772 221 790; x_wconf 66' lang='lat' dir='ltr'>rixans.</span> 
     </span>
    </p>
   </div>
   <div class='ocr_carea' id='block_1_3' title="bbox 142 1636 316 1683">
    <p class='ocr_par' dir='ltr' id='par_1_3' title="bbox 142 1636 316 1683">
     <span class='ocr_line' id='line_1_4' title="bbox 170 1636 316 1665; baseline 0.014 -10"><span class='ocrx_word' id='word_1_7' title='bbox 170 1636 261 1665; x_wconf 59' lang='lat' dir='ltr'>Dorogat</span> <span class='ocrx_word' id='word_1_8' title='bbox 277 1643 316 1657; x_wconf 81' lang='lat' dir='ltr'>con</span> 
     </span>
     <span class='ocr_line' id='line_1_5' title="bbox 142 1664 220 1683; baseline 0 -1"><span class='ocrx_word' id='word_1_9' title='bbox 142 1664 220 1683; x_wconf 71' lang='lat' dir='ltr'>trariis.</span> 
     </span>
    </p>
   </div>
   <div class='ocr_carea' id='block_1_4' title="bbox 346 310 1075 354">
    <p class='ocr_par' dir='ltr' id='par_1_4' title="bbox 346 310 1075 354">
     <span class='ocr_line' id='line_1_6' title="bbox 346 310 1075 354; baseline -0.003 -9"><span class='ocrx_word' id='word_1_10' title='bbox 346 312 413 346; x_wconf 90' lang='lat' dir='ltr'>rios</span> <span class='ocrx_word' id='word_1_11' title='bbox 438 316 470 345; x_wconf 85' lang='lat' dir='ltr'>et</span> <span class='ocrx_word' id='word_1_12' title='bbox 492 311 636 354; x_wconf 84' lang='lat' dir='ltr'>integros</span> <span class='ocrx_word' id='word_1_13' title='bbox 662 310 791 344; x_wconf 82' lang='lat' dir='ltr'>effectus</span> <span class='ocrx_word' id='word_1_14' title='bbox 816 311 923 343; x_wconf 88' lang='lat' dir='ltr'>sortiri</span> <span class='ocrx_word' id='word_1_15' title='bbox 948 316 979 344; x_wconf 77' lang='lat' dir='ltr'>ct</span> <span class='ocrx_word' id='word_1_16' title='bbox 996 313 1075 344; x_wconf 78' lang='lat' dir='ltr'>obti-</span> 
     </span>
    </p>
   </div>
   <div class='ocr_carea' id='block_1_5' title="bbox 341 363 1099 509">
    <p class='ocr_par' dir='ltr' id='par_1_5' title="bbox 341 355 1099 509">
     <span class='ocr_line' id='line_1_7' title="bbox 345 363 1078 406; baseline -0.001 -9"><span class='ocrx_word' id='word_1_17' title='bbox 345 374 433 404; x_wconf 84' lang='lat' dir='ltr'>nere,</span> <span class='ocrx_word' id='word_1_18' title='bbox 453 374 512 397; x_wconf 88' lang='lat' dir='ltr'>nec</span> <span class='ocrx_word' id='word_1_19' title='bbox 536 364 575 396; x_wconf 84' lang='lat' dir='ltr'>ad</span> <span class='ocrx_word' id='word_1_20' title='bbox 592 363 664 396; x_wconf 89' lang='lat' dir='ltr'>illas</span> <span class='ocrx_word' id='word_1_21' title='bbox 685 364 717 396; x_wconf 93' lang='lat' dir='ltr'>in</span> <span class='ocrx_word' id='word_1_22' title='bbox 735 364 867 397; x_wconf 78' lang='lat' dir='ltr'>Camera</span> <span class='ocrx_word' id='word_1_23' title='bbox 891 364 1078 406; x_wconf 79' lang='lat' dir='ltr'>Apostolica</span> 
     </span>
     <span class='ocr_line' id='line_1_8' title="bbox 342 415 1099 469; baseline -0.001 -20"><span class='ocrx_word' id='word_1_24' title='bbox 342 417 629 459; x_wconf 86' lang='lat' dir='ltr'>praesentandum,</span> <span class='ocrx_word' id='word_1_25' title='bbox 651 421 682 449; x_wconf 90' lang='lat' dir='ltr'>et</span> <span class='ocrx_word' id='word_1_26' title='bbox 702 416 734 448; x_wconf 89' lang='lat' dir='ltr'>in</span> <span class='ocrx_word' id='word_1_27' title='bbox 759 415 844 449; x_wconf 88' lang='lat' dir='ltr'>illius</span> <span class='ocrx_word' id='word_1_28' title='bbox 873 416 963 449; x_wconf 90' lang='lat' dir='ltr'>libris</span> <span class='ocrx_word' id='word_1_29' title='bbox 993 417 1077 458; x_wconf 66' lang='lat' dir='ltr'>regi-</span> <span class='ocrx_word' id='word_1_30' title='bbox 1097 439 1099 469; x_wconf 50' lang='grc' dir='ltr'><strong>ἶ</strong></span> 
     </span>
     <span class='ocr_line' id='line_1_9' title="bbox 341 468 1099 509; baseline 0 -8"><span class='ocrx_word' id='word_1_31' title='bbox 341 469 434 501; x_wconf 87' lang='lat' dir='ltr'>strari</span> <span class='ocrx_word' id='word_1_32' title='bbox 467 468 671 509; x_wconf 79' lang='lat' dir='ltr'>faciendum,</span> <span class='ocrx_word' id='word_1_33' title='bbox 705 469 791 501; x_wconf 83' lang='lat' dir='ltr'>iuxta</span> <span class='ocrx_word' id='word_1_34' title='bbox 815 469 1076 501; x_wconf 82' lang='lat' dir='ltr'>constitutionem</span> <span class='ocrx_word' id='word_1_35' title='bbox 1097 470 1099 504; x_wconf 74' lang='grc' dir='ltr'>ζ</span> 
     </span>
    </p>
   </div>
   <div class='ocr_carea' id='block_1_6' title="bbox 343 521 1079 722">
    <p class='ocr_par' dir='ltr' id='par_1_6' title="bbox 343 521 1079 722">
     <span class='ocr_line' id='line_1_10' title="bbox 343 521 1079 563; baseline 0.003 -10"><span class='ocrx_word' id='word_1_36' title='bbox 343 521 445 554; x_wconf 84' lang='lat' dir='ltr'>felicis</span> <span class='ocrx_word' id='word_1_37' title='bbox 459 521 692 554; x_wconf 87' lang='lat' dir='ltr'>recordationis</span> <span class='ocrx_word' id='word_1_38' title='bbox 711 521 757 553; x_wconf 88' lang='lat' dir='ltr'>Pii</span> <span class='ocrx_word' id='word_1_39' title='bbox 776 521 879 563; x_wconf 84' lang='lat' dir='ltr'>Papae</span> <span class='ocrx_word' id='word_1_40' title='bbox 898 521 932 553; x_wconf 85' lang='lat' dir='ltr'>lv</span> <span class='ocrx_word' id='word_1_41' title='bbox 948 522 1079 563; x_wconf 79' lang='lat' dir='ltr'>praede·</span> 
     </span>
     <span class='ocr_line' id='line_1_11' title="bbox 343 573 1077 617; baseline 0.001 -12"><span class='ocrx_word' id='word_1_42' title='bbox 343 574 482 606; x_wconf 90' lang='lat' dir='ltr'>cessoris</span> <span class='ocrx_word' id='word_1_43' title='bbox 496 574 605 613; x_wconf 84' lang='lat' dir='ltr'>nostri,</span> <span class='ocrx_word' id='word_1_44' title='bbox 619 579 672 606; x_wconf 88' lang='lat' dir='ltr'>aut</span> <span class='ocrx_word' id='word_1_45' title='bbox 682 573 759 606; x_wconf 75' lang='lat' dir='ltr'>alias</span> <span class='ocrx_word' id='word_1_46' title='bbox 770 574 1077 617; x_wconf 58' lang='lat' dir='ltr'>quomodocun‘ique</span> 
     </span>
     <span class='ocr_line' id='line_1_12' title="bbox 344 626 1077 667; baseline 0.001 -9"><span class='ocrx_word' id='word_1_47' title='bbox 344 626 464 665; x_wconf 88' lang='lat' dir='ltr'>teneri,</span> <span class='ocrx_word' id='word_1_48' title='bbox 498 631 530 659; x_wconf 87' lang='lat' dir='ltr'>et</span> <span class='ocrx_word' id='word_1_49' title='bbox 553 626 765 659; x_wconf 84' lang='lat' dir='ltr'>nihilominus</span> <span class='ocrx_word' id='word_1_50' title='bbox 790 627 822 659; x_wconf 93' lang='lat' dir='ltr'>in</span> <span class='ocrx_word' id='word_1_51' title='bbox 847 637 906 659; x_wconf 88' lang='lat' dir='ltr'>suo</span> <span class='ocrx_word' id='word_1_52' title='bbox 939 627 1077 667; x_wconf 86' lang='lat' dir='ltr'>robore,</span> 
     </span>
     <span class='ocr_line' id='line_1_13' title="bbox 344 678 1030 722; baseline 0.003 -13"><span class='ocrx_word' id='word_1_53' title='bbox 344 678 465 711; x_wconf 88' lang='lat' dir='ltr'>viribus</span> <span class='ocrx_word' id='word_1_54' title='bbox 490 684 521 711; x_wconf 89' lang='lat' dir='ltr'>et</span> <span class='ocrx_word' id='word_1_55' title='bbox 545 678 660 711; x_wconf 81' lang='lat' dir='ltr'>ess&#39;ectu</span> <span class='ocrx_word' id='word_1_56' title='bbox 686 689 817 722; x_wconf 88' lang='lat' dir='ltr'>semper</span> <span class='ocrx_word' id='word_1_57' title='bbox 840 679 1030 722; x_wconf 73' lang='lat' dir='ltr'>persistere,</span> 
     </span>
    </p>
   </div>
   <div class='ocr_carea' id='block_1_7' title="bbox 387 729 1099 775">
    <p class='ocr_par' dir='ltr' id='par_1_7' title="bbox 387 729 1099 775">
     <span class='ocr_line' id='line_1_14' title="bbox 387 729 1099 775; baseline 0.001 -12"><span class='ocrx_word' id='word_1_58' title='bbox 387 732 401 773; x_wconf 65' lang='grc' dir='ltr'><strong>ἓ</strong></span> <span class='ocrx_word' id='word_1_59' title='bbox 426 731 479 763; x_wconf 70' lang='grc' dir='ltr'>ΞΞΙ.</span> <span class='ocrx_word' id='word_1_60' title='bbox 505 731 621 774; x_wconf 83' lang='lat' dir='ltr'>Sicque</span> <span class='ocrx_word' id='word_1_61' title='bbox 640 742 697 774; x_wconf 91' lang='lat' dir='ltr'>per</span> <span class='ocrx_word' id='word_1_62' title='bbox 714 742 934 775; x_wconf 88' lang='lat' dir='ltr'>quoscumque</span> <span class='ocrx_word' id='word_1_63' title='bbox 957 732 1078 764; x_wconf 86' lang='lat' dir='ltr'>iudices</span> <span class='ocrx_word' id='word_1_64' title='bbox 1097 729 1099 736; x_wconf 47' lang='lat'>⁸</span> 
     </span>
    </p>
   </div>
   <div class='ocr_carea' id='block_1_8' title="bbox 340 783 1078 1194">
    <p class='ocr_par' dir='ltr' id='par_1_8' title="bbox 340 783 1078 1194">
     <span class='ocr_line' id='line_1_15' title="bbox 343 783 1078 823; baseline 0.001 -8"><span class='ocrx_word' id='word_1_65' title='bbox 343 783 524 816; x_wconf 88' lang='lat' dir='ltr'>ordinarios</span> <span class='ocrx_word' id='word_1_66' title='bbox 554 789 585 816; x_wconf 90' lang='lat' dir='ltr'>et</span> <span class='ocrx_word' id='word_1_67' title='bbox 609 784 901 823; x_wconf 83' lang='lat' dir='ltr'>extraordinarios,</span> <span class='ocrx_word' id='word_1_68' title='bbox 928 784 1078 816; x_wconf 86' lang='lat' dir='ltr'>commis-</span> 
     </span>
     <span class='ocr_line' id='line_1_16' title="bbox 342 837 1075 879; baseline 0 -10"><span class='ocrx_word' id='word_1_69' title='bbox 342 837 454 877; x_wconf 54' lang='lat' dir='ltr'>sarios</span> <span class='ocrx_word' id='word_1_70' title='bbox 476 838 641 879; x_wconf 75' lang='lat' dir='ltr'>delegatos</span> <span class='ocrx_word' id='word_1_71' title='bbox 667 843 698 870; x_wconf 87' lang='lat' dir='ltr'>et</span> <span class='ocrx_word' id='word_1_72' title='bbox 721 838 956 879; x_wconf 71' lang='lat' dir='ltr'>subdelegatos,</span> <span class='ocrx_word' id='word_1_73' title='bbox 980 838 1075 869; x_wconf 73' lang='lat' dir='ltr'>ctiam</span> 
     </span>
     <span class='ocr_line' id='line_1_17' title="bbox 340 890 1077 933; baseline 0.001 -12"><span class='ocrx_word' id='word_1_74' title='bbox 340 901 506 922; x_wconf 86' lang='lat' dir='ltr'>causarum</span> <span class='ocrx_word' id='word_1_75' title='bbox 521 890 632 933; x_wconf 88' lang='lat' dir='ltr'>palatii</span> <span class='ocrx_word' id='word_1_76' title='bbox 649 890 751 922; x_wconf 85' lang='lat' dir='ltr'>nostri</span> <span class='ocrx_word' id='word_1_77' title='bbox 770 890 937 933; x_wconf 85' lang='lat' dir='ltr'>apostolici</span> <span class='ocrx_word' id='word_1_78' title='bbox 955 896 980 922; x_wconf 75' lang='lat' dir='ltr'>et</span> <span class='ocrx_word' id='word_1_79' title='bbox 1003 901 1077 922; x_wconf 64' lang='lat' dir='ltr'>cau-</span> 
     </span>
     <span class='ocr_line' id='line_1_18' title="bbox 340 942 1073 981; baseline -0.001 -7"><span class='ocrx_word' id='word_1_80' title='bbox 340 953 448 974; x_wconf 89' lang='lat' dir='ltr'>sarum</span> <span class='ocrx_word' id='word_1_81' title='bbox 474 942 583 975; x_wconf 83' lang='lat' dir='ltr'>curiae</span> <span class='ocrx_word' id='word_1_82' title='bbox 609 943 711 975; x_wconf 82' lang='lat' dir='ltr'>dictae</span> <span class='ocrx_word' id='word_1_83' title='bbox 732 942 881 974; x_wconf 82' lang='lat' dir='ltr'>Gamerae</span> <span class='ocrx_word' id='word_1_84' title='bbox 899 942 1073 981; x_wconf 77' lang='lat' dir='ltr'>auditores,</span> 
     </span>
     <span class='ocr_line' id='line_1_19' title="bbox 340 994 1074 1034; baseline -0.003 -7"><span class='ocrx_word' id='word_1_85' title='bbox 340 1005 465 1027; x_wconf 82' lang='lat' dir='ltr'>necnon</span> <span class='ocrx_word' id='word_1_86' title='bbox 491 995 521 1027; x_wconf 82' lang='lat' dir='ltr'>S.</span> <span class='ocrx_word' id='word_1_87' title='bbox 542 995 578 1026; x_wconf 83' lang='lat' dir='ltr'>R.</span> <span class='ocrx_word' id='word_1_88' title='bbox 598 995 631 1026; x_wconf 84' lang='lat' dir='ltr'>E.</span> <span class='ocrx_word' id='word_1_89' title='bbox 656 994 846 1033; x_wconf 69' lang='lat' dir='ltr'>cardinales,</span> <span class='ocrx_word' id='word_1_90' title='bbox 869 994 1074 1034; x_wconf 88' lang='lat' dir='ltr'>camerarios,</span> 
     </span>
     <span class='ocr_line' id='line_1_20' title="bbox 341 1047 1075 1089; baseline -0.001 -10"><span class='ocrx_word' id='word_1_91' title='bbox 341 1057 513 1089; x_wconf 83' lang='lat' dir='ltr'>eorumque</span> <span class='ocrx_word' id='word_1_92' title='bbox 538 1047 814 1086; x_wconf 82' lang='lat' dir='ltr'>vicecamerarios,</span> <span class='ocrx_word' id='word_1_93' title='bbox 836 1058 872 1079; x_wconf 89' lang='lat' dir='ltr'>ac</span> <span class='ocrx_word' id='word_1_94' title='bbox 898 1047 1000 1079; x_wconf 83' lang='lat' dir='ltr'>dictae</span> <span class='ocrx_word' id='word_1_95' title='bbox 1022 1047 1075 1079; x_wconf 83' lang='lat' dir='ltr'>Ca-</span> 
     </span>
     <span class='ocr_line' id='line_1_21' title="bbox 340 1098 1074 1141; baseline 0 -10"><span class='ocrx_word' id='word_1_96' title='bbox 340 1110 444 1131; x_wconf 88' lang='lat' dir='ltr'>merae</span> <span class='ocrx_word' id='word_1_97' title='bbox 471 1098 700 1138; x_wconf 88' lang='lat' dir='ltr'>thesaurarios,</span> <span class='ocrx_word' id='word_1_98' title='bbox 729 1099 861 1132; x_wconf 70' lang='lat' dir='ltr'>clericos</span> <span class='ocrx_word' id='word_1_99' title='bbox 886 1099 1074 1141; x_wconf 80' lang='lat' dir='ltr'>praesiden-</span> 
     </span>
     <span class='ocr_line' id='line_1_22' title="bbox 340 1151 1072 1194; baseline -0.001 -10"><span class='ocrx_word' id='word_1_100' title='bbox 340 1158 396 1191; x_wconf 85' lang='lat' dir='ltr'>tes,</span> <span class='ocrx_word' id='word_1_101' title='bbox 416 1151 664 1191; x_wconf 68' lang='lat' dir='ltr'>commissarios,</span> <span class='ocrx_word' id='word_1_102' title='bbox 682 1156 872 1194; x_wconf 86' lang='lat' dir='ltr'>ceterosque</span> <span class='ocrx_word' id='word_1_103' title='bbox 887 1152 1072 1189; x_wconf 77' lang='lat' dir='ltr'>camerales,</span> 
     </span>
    </p>
   </div>
   <div class='ocr_carea' id='block_1_9' title="bbox 335 1361 1094 1823">
    <p class='ocr_par' dir='ltr' id='par_1_9' title="bbox 335 1361 1094 1614">
     <span class='ocr_line' id='line_1_23' title="bbox 335 1361 1073 1401; baseline 0.001 -8"><span class='ocrx_word' id='word_1_104' title='bbox 335 1363 455 1394; x_wconf 87' lang='lat' dir='ltr'>cultate</span> <span class='ocrx_word' id='word_1_105' title='bbox 474 1367 505 1394; x_wconf 83' lang='lat' dir='ltr'>et</span> <span class='ocrx_word' id='word_1_106' title='bbox 522 1362 727 1401; x_wconf 82' lang='lat' dir='ltr'>auctoritate,</span> <span class='ocrx_word' id='word_1_107' title='bbox 744 1362 881 1394; x_wconf 88' lang='lat' dir='ltr'>iudicari</span> <span class='ocrx_word' id='word_1_108' title='bbox 899 1367 930 1394; x_wconf 86' lang='lat' dir='ltr'>et</span> <span class='ocrx_word' id='word_1_109' title='bbox 947 1361 1073 1394; x_wconf 81' lang='lat' dir='ltr'>definiri</span> 
     </span>
     <span class='ocr_line' id='line_1_24' title="bbox 336 1414 1074 1457; baseline 0.003 -11"><span class='ocrx_word' id='word_1_110' title='bbox 336 1414 467 1454; x_wconf 87' lang='lat' dir='ltr'>debere,</span> <span class='ocrx_word' id='word_1_111' title='bbox 488 1414 616 1446; x_wconf 90' lang='lat' dir='ltr'>irritum</span> <span class='ocrx_word' id='word_1_112' title='bbox 644 1425 773 1457; x_wconf 89' lang='lat' dir='ltr'>quoque</span> <span class='ocrx_word' id='word_1_113' title='bbox 800 1419 831 1446; x_wconf 86' lang='lat' dir='ltr'>et</span> <span class='ocrx_word' id='word_1_114' title='bbox 855 1414 951 1447; x_wconf 88' lang='lat' dir='ltr'>inane</span> <span class='ocrx_word' id='word_1_115' title='bbox 977 1414 1001 1447; x_wconf 87' lang='lat' dir='ltr'>si</span> <span class='ocrx_word' id='word_1_116' title='bbox 1027 1426 1074 1448; x_wconf 87' lang='lat' dir='ltr'>se-</span> 
     </span>
     <span class='ocr_line' id='line_1_25' title="bbox 335 1466 1073 1509; baseline 0.001 -11"><span class='ocrx_word' id='word_1_117' title='bbox 335 1477 391 1498; x_wconf 90' lang='lat' dir='ltr'>cus</span> <span class='ocrx_word' id='word_1_118' title='bbox 426 1477 525 1509; x_wconf 91' lang='lat' dir='ltr'>super</span> <span class='ocrx_word' id='word_1_119' title='bbox 557 1466 608 1498; x_wconf 86' lang='lat' dir='ltr'>his</span> <span class='ocrx_word' id='word_1_120' title='bbox 633 1477 650 1498; x_wconf 85' lang='lat' dir='ltr'>a</span> <span class='ocrx_word' id='word_1_121' title='bbox 675 1477 848 1509; x_wconf 86' lang='lat' dir='ltr'>quoquam,</span> <span class='ocrx_word' id='word_1_122' title='bbox 874 1467 984 1509; x_wconf 80' lang='lat' dir='ltr'>quavis</span> <span class='ocrx_word' id='word_1_123' title='bbox 1019 1478 1073 1499; x_wconf 90' lang='lat' dir='ltr'>au-</span> 
     </span>
     <span class='ocr_line' id='line_1_26' title="bbox 336 1519 1094 1561; baseline 0.001 -10"><span class='ocrx_word' id='word_1_124' title='bbox 336 1519 491 1559; x_wconf 84' lang='lat' dir='ltr'>ctoritate,</span> <span class='ocrx_word' id='word_1_125' title='bbox 510 1519 650 1552; x_wconf 84' lang='lat' dir='ltr'>scienter</span> <span class='ocrx_word' id='word_1_126' title='bbox 674 1521 723 1552; x_wconf 90' lang='lat' dir='ltr'>vel</span> <span class='ocrx_word' id='word_1_127' title='bbox 749 1520 946 1561; x_wconf 71' lang='lat' dir='ltr'>ignoranter,</span> <span class='ocrx_word' id='word_1_128' title='bbox 971 1521 1073 1553; x_wconf 89' lang='lat' dir='ltr'>conti·</span> <span class='ocrx_word' id='word_1_129' title='bbox 1093 1523 1094 1529; x_wconf 61' lang='lat'>¹</span> 
     </span>
     <span class='ocr_line' id='line_1_27' title="bbox 337 1571 609 1614; baseline -0.004 -10"><span class='ocrx_word' id='word_1_130' title='bbox 337 1571 422 1614; x_wconf 80' lang='lat' dir='ltr'>gerit</span> <span class='ocrx_word' id='word_1_131' title='bbox 445 1571 609 1604; x_wconf 87' lang='lat' dir='ltr'>attentari.</span> 
     </span>
    </p>

    <p class='ocr_par' dir='ltr' id='par_1_10' title="bbox 337 1623 1074 1823">
     <span class='ocr_line' id='line_1_28' title="bbox 381 1623 1074 1667; baseline 0.001 -11"><span class='ocrx_word' id='word_1_132' title='bbox 381 1625 395 1667; x_wconf 59' lang='grc' dir='ltr'>ᾖ</span> <span class='ocrx_word' id='word_1_133' title='bbox 420 1623 473 1656; x_wconf 67' lang='lat'>22.</span> <span class='ocrx_word' id='word_1_134' title='bbox 495 1623 566 1656; x_wconf 90' lang='lat' dir='ltr'>Non</span> <span class='ocrx_word' id='word_1_135' title='bbox 586 1624 790 1656; x_wconf 78' lang='lat' dir='ltr'>obstantibus</span> <span class='ocrx_word' id='word_1_136' title='bbox 807 1624 1001 1666; x_wconf 80' lang='lat' dir='ltr'>praemissis,</span> <span class='ocrx_word' id='word_1_137' title='bbox 1020 1630 1074 1658; x_wconf 87' lang='lat' dir='ltr'>aut</span> 
     </span>
     <span class='ocr_line' id='line_1_29' title="bbox 338 1677 1073 1719; baseline 0.003 -10"><span class='ocrx_word' id='word_1_138' title='bbox 338 1677 502 1719; x_wconf 88' lang='lat' dir='ltr'>quibusvis</span> <span class='ocrx_word' id='word_1_139' title='bbox 527 1677 742 1717; x_wconf 75' lang='lat' dir='ltr'>testamentis,</span> <span class='ocrx_word' id='word_1_140' title='bbox 769 1677 947 1716; x_wconf 72' lang='lat' dir='ltr'>codicillis,</span> <span class='ocrx_word' id='word_1_141' title='bbox 975 1679 1073 1711; x_wconf 85' lang='lat' dir='ltr'>dona-</span> 
     </span>
     <span class='ocr_line' id='line_1_30' title="bbox 339 1729 1073 1773; baseline 0.003 -12"><span class='ocrx_word' id='word_1_142' title='bbox 339 1730 489 1769; x_wconf 88' lang='lat' dir='ltr'>tionibus,</span> <span class='ocrx_word' id='word_1_143' title='bbox 508 1729 629 1762; x_wconf 88' lang='lat' dir='ltr'>ultimis</span> <span class='ocrx_word' id='word_1_144' title='bbox 648 1730 877 1770; x_wconf 82' lang='lat' dir='ltr'>voluntatibus,</span> <span class='ocrx_word' id='word_1_145' title='bbox 892 1730 1073 1773; x_wconf 85' lang='lat' dir='ltr'>dispositio-</span> 
     </span>
     <span class='ocr_line' id='line_1_31' title="bbox 337 1782 1069 1823; baseline 0.001 -9"><span class='ocrx_word' id='word_1_146' title='bbox 337 1782 440 1821; x_wconf 86' lang='lat' dir='ltr'>nibus,</span> <span class='ocrx_word' id='word_1_147' title='bbox 470 1782 746 1822; x_wconf 73' lang='lat' dir='ltr'>fideicommissis,</span> <span class='ocrx_word' id='word_1_148' title='bbox 774 1782 1069 1823; x_wconf 88' lang='lat' dir='ltr'>substitutionibus,</span> 
     </span>
    </p>
   </div>
   <div class='ocr_carea' id='block_1_10' title="bbox 974 266 1226 290">
    <p class='ocr_par' dir='ltr' id='par_1_11' title="bbox 974 266 1226 290">
     <span class='ocr_line' id='line_1_32' title="bbox 974 266 1226 290; baseline 0.008 -2"><span class='ocrx_word' id='word_1_149' title='bbox 974 266 1114 289; x_wconf 73' lang='lat' dir='ltr'>CLEMENS</span> <span class='ocrx_word' id='word_1_150' title='bbox 1136 268 1153 290; x_wconf 83' lang='lat' dir='ltr'>X</span> <span class='ocrx_word' id='word_1_151' title='bbox 1178 267 1226 290; x_wconf 85' lang='grc' dir='ltr'>ΡΡ.</span> 
     </span>
    </p>
   </div>
   <div class='ocr_carea' id='block_1_11' title="bbox 1093 323 1100 1910">
    <p class='ocr_par' dir='ltr' id='par_1_12' title="bbox 1093 323 1100 1910">
     <span class='ocr_line' id='line_1_33' title="bbox 1093 323 1100 1910; baseline 0 0"><span class='ocrx_word' id='word_1_152' title='bbox 1093 323 1100 1910; x_wconf 95' lang='lat' dir='ltr'> </span> 
     </span>
    </p>
   </div>
   <div class='ocr_carea' id='block_1_12' title="bbox 334 1834 1072 2299">
    <p class='ocr_par' dir='ltr' id='par_1_13' title="bbox 334 1834 1072 2299">
     <span class='ocr_line' id='line_1_34' title="bbox 336 1834 1068 1875; baseline 0.003 -9"><span class='ocrx_word' id='word_1_153' title='bbox 336 1835 432 1867; x_wconf 87' lang='lat' dir='ltr'>etiam</span> <span class='ocrx_word' id='word_1_154' title='bbox 463 1835 502 1866; x_wconf 85' lang='lat' dir='ltr'>ad</span> <span class='ocrx_word' id='word_1_155' title='bbox 528 1835 669 1866; x_wconf 85' lang='lat' dir='ltr'>savorem</span> <span class='ocrx_word' id='word_1_156' title='bbox 706 1834 938 1875; x_wconf 84' lang='lat' dir='ltr'>ecclesiarum,</span> <span class='ocrx_word' id='word_1_157' title='bbox 979 1836 1068 1868; x_wconf 89' lang='lat' dir='ltr'>loco-</span> 
     </span>
     <span class='ocr_line' id='line_1_35' title="bbox 337 1887 1072 1930; baseline 0.001 -11"><span class='ocrx_word' id='word_1_158' title='bbox 337 1898 407 1919; x_wconf 90' lang='lat' dir='ltr'>rum</span> <span class='ocrx_word' id='word_1_159' title='bbox 433 1887 561 1930; x_wconf 89' lang='lat' dir='ltr'>piorum</span> <span class='ocrx_word' id='word_1_160' title='bbox 580 1892 612 1920; x_wconf 90' lang='lat' dir='ltr'>et</span> <span class='ocrx_word' id='word_1_161' title='bbox 631 1887 770 1920; x_wconf 88' lang='lat' dir='ltr'>aliorum</span> <span class='ocrx_word' id='word_1_162' title='bbox 794 1887 1072 1930; x_wconf 86' lang='lat' dir='ltr'>supranominato-</span> 
     </span>
     <span class='ocr_line' id='line_1_36' title="bbox 337 1939 1072 1982; baseline 0.001 -10"><span class='ocrx_word' id='word_1_163' title='bbox 337 1951 416 1980; x_wconf 85' lang='lat' dir='ltr'>rum,</span> <span class='ocrx_word' id='word_1_164' title='bbox 442 1945 515 1979; x_wconf 88' lang='lat' dir='ltr'>etc.,</span> <span class='ocrx_word' id='word_1_165' title='bbox 535 1939 810 1982; x_wconf 79' lang='lat' dir='ltr'>primogenituris,</span> <span class='ocrx_word' id='word_1_166' title='bbox 829 1940 929 1982; x_wconf 84' lang='lat' dir='ltr'>pactis</span> <span class='ocrx_word' id='word_1_167' title='bbox 948 1941 986 1973; x_wconf 89' lang='lat' dir='ltr'>de</span> <span class='ocrx_word' id='word_1_168' title='bbox 1003 1951 1072 1973; x_wconf 89' lang='lat' dir='ltr'>suc-</span> 
     </span>
     <span class='ocr_line' id='line_1_37' title="bbox 335 1993 1071 2035; baseline 0.001 -10"><span class='ocrx_word' id='word_1_169' title='bbox 335 1993 498 2032; x_wconf 86' lang='lat' dir='ltr'>cedendo,</span> <span class='ocrx_word' id='word_1_170' title='bbox 528 1993 755 2035; x_wconf 86' lang='lat' dir='ltr'>alienaudique</span> <span class='ocrx_word' id='word_1_171' title='bbox 781 2003 880 2035; x_wconf 88' lang='lat' dir='ltr'>seque</span> <span class='ocrx_word' id='word_1_172' title='bbox 906 1994 1071 2035; x_wconf 81' lang='lat' dir='ltr'>obligandi</span> 
     </span>
     <span class='ocr_line' id='line_1_38' title="bbox 335 2045 1071 2089; baseline 0.004 -12"><span class='ocrx_word' id='word_1_173' title='bbox 335 2045 624 2089; x_wconf 84' lang='lat' dir='ltr'>prohibitionibus,</span> <span class='ocrx_word' id='word_1_174' title='bbox 639 2055 698 2089; x_wconf 87' lang='lat' dir='ltr'>per</span> <span class='ocrx_word' id='word_1_175' title='bbox 707 2056 929 2088; x_wconf 87' lang='lat' dir='ltr'>quoscumque</span> <span class='ocrx_word' id='word_1_176' title='bbox 944 2057 1071 2088; x_wconf 87' lang='lat' dir='ltr'>quomo-</span> 
     </span>
     <span class='ocr_line' id='line_1_39' title="bbox 335 2098 1071 2141; baseline 0.003 -11"><span class='ocrx_word' id='word_1_177' title='bbox 335 2098 460 2130; x_wconf 86' lang='lat' dir='ltr'>dolibet</span> <span class='ocrx_word' id='word_1_178' title='bbox 486 2098 585 2137; x_wconf 87' lang='lat' dir='ltr'>factis,</span> <span class='ocrx_word' id='word_1_179' title='bbox 605 2108 640 2131; x_wconf 86' lang='lat' dir='ltr'>ac</span> <span class='ocrx_word' id='word_1_180' title='bbox 665 2098 761 2130; x_wconf 87' lang='lat' dir='ltr'>etiam</span> <span class='ocrx_word' id='word_1_181' title='bbox 786 2098 909 2141; x_wconf 88' lang='lat' dir='ltr'>pluries</span> <span class='ocrx_word' id='word_1_182' title='bbox 934 2099 1071 2132; x_wconf 85' lang='lat' dir='ltr'>iteratis-</span> 
     </span>
     <span class='ocr_line' id='line_1_40' title="bbox 335 2150 1069 2193; baseline 0.001 -10"><span class='ocrx_word' id='word_1_183' title='bbox 335 2162 397 2193; x_wconf 89' lang='lat' dir='ltr'>que</span> <span class='ocrx_word' id='word_1_184' title='bbox 424 2150 545 2183; x_wconf 86' lang='lat' dir='ltr'>vicibus</span> <span class='ocrx_word' id='word_1_185' title='bbox 578 2151 820 2193; x_wconf 84' lang='lat' dir='ltr'>quomodolibet</span> <span class='ocrx_word' id='word_1_186' title='bbox 851 2151 1069 2192; x_wconf 73' lang='lat' dir='ltr'>confirmatis,</span> 
     </span>
     <span class='ocr_line' id='line_1_41' title="bbox 334 2203 1071 2246; baseline 0.001 -11"><span class='ocrx_word' id='word_1_187' title='bbox 334 2203 495 2236; x_wconf 85' lang='lat' dir='ltr'>innovatis</span> <span class='ocrx_word' id='word_1_188' title='bbox 522 2209 554 2235; x_wconf 89' lang='lat' dir='ltr'>et</span> <span class='ocrx_word' id='word_1_189' title='bbox 578 2203 777 2246; x_wconf 88' lang='lat' dir='ltr'>approbatis,</span> <span class='ocrx_word' id='word_1_190' title='bbox 805 2214 840 2236; x_wconf 84' lang='lat' dir='ltr'>ac</span> <span class='ocrx_word' id='word_1_191' title='bbox 865 2204 1071 2246; x_wconf 75' lang='lat' dir='ltr'>obligationi-</span> 
     </span>
     <span class='ocr_line' id='line_1_42' title="bbox 335 2256 1071 2299; baseline 0.003 -11"><span class='ocrx_word' id='word_1_192' title='bbox 335 2257 393 2288; x_wconf 85' lang='lat' dir='ltr'>bus</span> <span class='ocrx_word' id='word_1_193' title='bbox 420 2261 451 2288; x_wconf 90' lang='lat' dir='ltr'>et</span> <span class='ocrx_word' id='word_1_194' title='bbox 482 2256 692 2299; x_wconf 82' lang='lat' dir='ltr'>hypothecis,</span> <span class='ocrx_word' id='word_1_195' title='bbox 718 2256 813 2289; x_wconf 85' lang='lat' dir='ltr'>etiam</span> <span class='ocrx_word' id='word_1_196' title='bbox 837 2257 1016 2290; x_wconf 88' lang='lat' dir='ltr'>iuramento</span> <span class='ocrx_word' id='word_1_197' title='bbox 1041 2263 1071 2290; x_wconf 90' lang='lat' dir='ltr'>et</span> 
     </span>
    </p>
   </div>
   <div class='ocr_carea' id='block_1_13' title="bbox 1116 314 1854 1146">
    <p class='ocr_par' dir='ltr' id='par_1_14' title="bbox 1116 314 1854 1146">
     <span class='ocr_line' id='line_1_43' title="bbox 1120 314 1851 359; baseline 0.008 -14"><span class='ocrx_word' id='word_1_198' title='bbox 1120 314 1279 348; x_wconf 85' lang='lat' dir='ltr'>ctionibus</span> <span class='ocrx_word' id='word_1_199' title='bbox 1303 317 1575 359; x_wconf 84' lang='lat' dir='ltr'>praescrvantur),</span> <span class='ocrx_word' id='word_1_200' title='bbox 1595 327 1719 350; x_wconf 83' lang='lat' dir='ltr'>necnon</span> <span class='ocrx_word' id='word_1_201' title='bbox 1745 321 1851 351; x_wconf 71' lang='lat' dir='ltr'>nostra</span> 
     </span>
     <span class='ocr_line' id='line_1_44' title="bbox 1120 369 1851 413; baseline 0.004 -13"><span class='ocrx_word' id='word_1_202' title='bbox 1120 369 1159 401; x_wconf 89' lang='lat' dir='ltr'>de</span> <span class='ocrx_word' id='word_1_203' title='bbox 1186 369 1254 401; x_wconf 89' lang='lat' dir='ltr'>iure</span> <span class='ocrx_word' id='word_1_204' title='bbox 1279 369 1423 411; x_wconf 82' lang='lat' dir='ltr'>quaesito</span> <span class='ocrx_word' id='word_1_205' title='bbox 1449 380 1511 402; x_wconf 92' lang='lat' dir='ltr'>non</span> <span class='ocrx_word' id='word_1_206' title='bbox 1543 371 1687 403; x_wconf 87' lang='lat' dir='ltr'>tollendo</span> <span class='ocrx_word' id='word_1_207' title='bbox 1720 376 1751 403; x_wconf 90' lang='lat' dir='ltr'>et</span> <span class='ocrx_word' id='word_1_208' title='bbox 1781 382 1851 413; x_wconf 79' lang='lat' dir='ltr'>gra-</span> 
     </span>
     <span class='ocr_line' id='line_1_45' title="bbox 1121 420 1852 465; baseline 0.005 -13"><span class='ocrx_word' id='word_1_209' title='bbox 1121 420 1171 453; x_wconf 92' lang='lat' dir='ltr'>tiis</span> <span class='ocrx_word' id='word_1_210' title='bbox 1192 422 1229 453; x_wconf 88' lang='lat' dir='ltr'>ad</span> <span class='ocrx_word' id='word_1_211' title='bbox 1256 421 1355 454; x_wconf 86' lang='lat' dir='ltr'>instar</span> <span class='ocrx_word' id='word_1_212' title='bbox 1379 433 1443 454; x_wconf 87' lang='lat' dir='ltr'>non</span> <span class='ocrx_word' id='word_1_213' title='bbox 1469 423 1697 462; x_wconf 82' lang='lat' dir='ltr'>concedendis,</span> <span class='ocrx_word' id='word_1_214' title='bbox 1715 423 1852 465; x_wconf 83' lang='lat' dir='ltr'>aliisque</span> 
     </span>
     <span class='ocr_line' id='line_1_46' title="bbox 1120 474 1852 516; baseline 0.001 -11"><span class='ocrx_word' id='word_1_215' title='bbox 1120 474 1330 506; x_wconf 79' lang='lat' dir='ltr'>cancellariae</span> <span class='ocrx_word' id='word_1_216' title='bbox 1357 480 1486 507; x_wconf 86' lang='lat' dir='ltr'>nostrae</span> <span class='ocrx_word' id='word_1_217' title='bbox 1507 475 1641 516; x_wconf 80' lang='lat' dir='ltr'>regulis,</span> <span class='ocrx_word' id='word_1_218' title='bbox 1660 475 1783 507; x_wconf 86' lang='lat' dir='ltr'>statutis</span> <span class='ocrx_word' id='word_1_219' title='bbox 1800 475 1852 507; x_wconf 90' lang='lat' dir='ltr'>Ur-</span> 
     </span>
     <span class='ocr_line' id='line_1_47' title="bbox 1116 525 1852 569; baseline 0.005 -14"><span class='ocrx_word' id='word_1_220' title='bbox 1116 525 1179 564; x_wconf 69' lang='lat' dir='ltr'>bis,</span> <span class='ocrx_word' id='word_1_221' title='bbox 1198 536 1374 569; x_wconf 87' lang='lat' dir='ltr'>eorumque</span> <span class='ocrx_word' id='word_1_222' title='bbox 1398 527 1692 565; x_wconf 77' lang='lat' dir='ltr'>reformationilms,</span> <span class='ocrx_word' id='word_1_223' title='bbox 1717 537 1852 559; x_wconf 83' lang='lat' dir='ltr'>consue-</span> 
     </span>
     <span class='ocr_line' id='line_1_48' title="bbox 1122 578 1852 620; baseline 0.004 -12"><span class='ocrx_word' id='word_1_224' title='bbox 1122 578 1296 618; x_wconf 87' lang='lat' dir='ltr'>tudinibus,</span> <span class='ocrx_word' id='word_1_225' title='bbox 1316 579 1466 619; x_wconf 77' lang='lat' dir='ltr'>decretis,</span> <span class='ocrx_word' id='word_1_226' title='bbox 1482 579 1722 620; x_wconf 60' lang='lat' dir='ltr'>stabilin‘icntis,</span> <span class='ocrx_word' id='word_1_227' title='bbox 1744 579 1852 611; x_wconf 88' lang='lat' dir='ltr'>usibus</span> 
     </span>
     <span class='ocr_line' id='line_1_49' title="bbox 1120 631 1853 671; baseline 0.004 -10"><span class='ocrx_word' id='word_1_228' title='bbox 1120 636 1152 662; x_wconf 86' lang='lat' dir='ltr'>et</span> <span class='ocrx_word' id='word_1_229' title='bbox 1175 631 1305 670; x_wconf 88' lang='lat' dir='ltr'>naturis,</span> <span class='ocrx_word' id='word_1_230' title='bbox 1332 631 1426 663; x_wconf 87' lang='lat' dir='ltr'>ctiam</span> <span class='ocrx_word' id='word_1_231' title='bbox 1451 631 1657 671; x_wconf 82' lang='lat' dir='ltr'>iuramento,</span> <span class='ocrx_word' id='word_1_232' title='bbox 1684 631 1853 664; x_wconf 75' lang='lat' dir='ltr'>confirma-</span> 
     </span>
     <span class='ocr_line' id='line_1_50' title="bbox 1121 683 1852 727; baseline 0.004 -13"><span class='ocrx_word' id='word_1_233' title='bbox 1121 683 1206 715; x_wconf 85' lang='lat' dir='ltr'>tione</span> <span class='ocrx_word' id='word_1_234' title='bbox 1220 685 1404 726; x_wconf 75' lang='lat' dir='ltr'>apostolica,</span> <span class='ocrx_word' id='word_1_235' title='bbox 1424 686 1469 716; x_wconf 83' lang='lat' dir='ltr'>vel</span> <span class='ocrx_word' id='word_1_236' title='bbox 1497 684 1606 727; x_wconf 85' lang='lat' dir='ltr'>quavis</span> <span class='ocrx_word' id='word_1_237' title='bbox 1623 683 1773 717; x_wconf 86' lang='lat' dir='ltr'>firmitate</span> <span class='ocrx_word' id='word_1_238' title='bbox 1791 685 1852 717; x_wconf 76' lang='lat' dir='ltr'>alia</span> 
     </span>
     <span class='ocr_line' id='line_1_51' title="bbox 1120 736 1852 770; baseline 0.004 -4"><span class='ocrx_word' id='word_1_239' title='bbox 1120 736 1215 767; x_wconf 87' lang='lat' dir='ltr'>etiam</span> <span class='ocrx_word' id='word_1_240' title='bbox 1231 737 1496 769; x_wconf 81' lang='lat' dir='ltr'>consistorialiter</span> <span class='ocrx_word' id='word_1_241' title='bbox 1522 742 1553 769; x_wconf 85' lang='lat' dir='ltr'>et</span> <span class='ocrx_word' id='word_1_242' title='bbox 1570 737 1608 769; x_wconf 88' lang='lat' dir='ltr'>de</span> <span class='ocrx_word' id='word_1_243' title='bbox 1627 737 1762 769; x_wconf 80' lang='lat' dir='ltr'>fratrum</span> <span class='ocrx_word' id='word_1_244' title='bbox 1780 748 1852 770; x_wconf 89' lang='lat' dir='ltr'>cou-</span> 
     </span>
     <span class='ocr_line' id='line_1_52' title="bbox 1118 787 1851 832; baseline 0.004 -14"><span class='ocrx_word' id='word_1_245' title='bbox 1118 787 1189 820; x_wconf 89' lang='lat' dir='ltr'>silio</span> <span class='ocrx_word' id='word_1_246' title='bbox 1216 793 1247 820; x_wconf 87' lang='lat' dir='ltr'>et</span> <span class='ocrx_word' id='word_1_247' title='bbox 1270 799 1402 820; x_wconf 83' lang='lat' dir='ltr'>assensu</span> <span class='ocrx_word' id='word_1_248' title='bbox 1427 789 1601 829; x_wconf 86' lang='lat' dir='ltr'>roboratis,</span> <span class='ocrx_word' id='word_1_249' title='bbox 1629 794 1659 822; x_wconf 89' lang='lat' dir='ltr'>et</span> <span class='ocrx_word' id='word_1_250' title='bbox 1684 800 1756 822; x_wconf 89' lang='lat' dir='ltr'>cum</span> <span class='ocrx_word' id='word_1_251' title='bbox 1780 790 1851 832; x_wconf 88' lang='lat' dir='ltr'>qui-</span> 
     </span>
     <span class='ocr_line' id='line_1_53' title="bbox 1119 840 1852 883; baseline 0.004 -12"><span class='ocrx_word' id='word_1_252' title='bbox 1119 840 1223 872; x_wconf 83' lang='lat' dir='ltr'>busvis</span> <span class='ocrx_word' id='word_1_253' title='bbox 1248 840 1399 872; x_wconf 90' lang='lat' dir='ltr'>clausulis</span> <span class='ocrx_word' id='word_1_254' title='bbox 1426 841 1638 883; x_wconf 80' lang='lat' dir='ltr'>derogatoriis</span> <span class='ocrx_word' id='word_1_255' title='bbox 1667 852 1703 873; x_wconf 89' lang='lat' dir='ltr'>ac</span> <span class='ocrx_word' id='word_1_256' title='bbox 1721 841 1852 883; x_wconf 84' lang='lat' dir='ltr'>deroga-</span> 
     </span>
     <span class='ocr_line' id='line_1_54' title="bbox 1120 892 1852 937; baseline 0.005 -14"><span class='ocrx_word' id='word_1_257' title='bbox 1120 892 1272 924; x_wconf 84' lang='lat' dir='ltr'>toriarum</span> <span class='ocrx_word' id='word_1_258' title='bbox 1290 893 1511 934; x_wconf 79' lang='lat' dir='ltr'>derogatoriis,</span> <span class='ocrx_word' id='word_1_259' title='bbox 1529 894 1706 936; x_wconf 77' lang='lat' dir='ltr'>privilegiis</span> <span class='ocrx_word' id='word_1_260' title='bbox 1723 905 1852 937; x_wconf 86' lang='lat' dir='ltr'>quoque</span> 
     </span>
     <span class='ocr_line' id='line_1_55' title="bbox 1118 945 1854 990; baseline 0.004 -13"><span class='ocrx_word' id='word_1_261' title='bbox 1118 951 1149 977; x_wconf 80' lang='lat' dir='ltr'>et</span> <span class='ocrx_word' id='word_1_262' title='bbox 1172 945 1321 985; x_wconf 83' lang='lat' dir='ltr'>indultis,</span> <span class='ocrx_word' id='word_1_263' title='bbox 1349 947 1550 979; x_wconf 77' lang='lat' dir='ltr'>facultatibus</span> <span class='ocrx_word' id='word_1_264' title='bbox 1575 952 1606 979; x_wconf 87' lang='lat' dir='ltr'>et</span> <span class='ocrx_word' id='word_1_265' title='bbox 1629 947 1746 980; x_wconf 87' lang='lat' dir='ltr'>litteris</span> <span class='ocrx_word' id='word_1_266' title='bbox 1779 958 1854 990; x_wconf 84' lang='lat' dir='ltr'>apo-</span> 
     </span>
     <span class='ocr_line' id='line_1_56' title="bbox 1118 997 1854 1041; baseline 0.005 -13"><span class='ocrx_word' id='word_1_267' title='bbox 1118 997 1254 1034; x_wconf 84' lang='lat' dir='ltr'>stolicis,</span> <span class='ocrx_word' id='word_1_268' title='bbox 1271 998 1330 1029; x_wconf 91' lang='lat' dir='ltr'>sub</span> <span class='ocrx_word' id='word_1_269' title='bbox 1352 998 1605 1041; x_wconf 86' lang='lat' dir='ltr'>quibuscumque</span> <span class='ocrx_word' id='word_1_270' title='bbox 1632 999 1797 1032; x_wconf 88' lang='lat' dir='ltr'>tenoribus</span> <span class='ocrx_word' id='word_1_271' title='bbox 1822 1004 1854 1032; x_wconf 84' lang='lat' dir='ltr'>et</span> 
     </span>
     <span class='ocr_line' id='line_1_57' title="bbox 1119 1050 1851 1091; baseline 0.005 -10"><span class='ocrx_word' id='word_1_272' title='bbox 1119 1050 1226 1082; x_wconf 78' lang='lat' dir='ltr'>formis</span> <span class='ocrx_word' id='word_1_273' title='bbox 1251 1050 1464 1091; x_wconf 82' lang='lat' dir='ltr'>irritantibus,</span> <span class='ocrx_word' id='word_1_274' title='bbox 1490 1051 1591 1083; x_wconf 87' lang='lat' dir='ltr'>eidem</span> <span class='ocrx_word' id='word_1_275' title='bbox 1626 1052 1826 1085; x_wconf 87' lang='lat' dir='ltr'>thesaurario</span> <span class='ocrx_word' id='word_1_276' title='bbox 1844 1079 1851 1091; x_wconf 94' lang='lat'>,</span> 
     </span>
     <span class='ocr_line' id='line_1_58' title="bbox 1118 1102 1854 1146; baseline 0.005 -13"><span class='ocrx_word' id='word_1_277' title='bbox 1118 1112 1243 1134; x_wconf 87' lang='lat' dir='ltr'>necnon</span> <span class='ocrx_word' id='word_1_278' title='bbox 1257 1102 1505 1144; x_wconf 71' lang='lat' dir='ltr'>Congregatioui</span> <span class='ocrx_word' id='word_1_279' title='bbox 1523 1115 1620 1146; x_wconf 86' lang='lat' dir='ltr'>super</span> <span class='ocrx_word' id='word_1_280' title='bbox 1634 1104 1802 1144; x_wconf 87' lang='lat' dir='ltr'>Montibus,</span> <span class='ocrx_word' id='word_1_281' title='bbox 1822 1110 1854 1137; x_wconf 89' lang='lat' dir='ltr'>et</span> 
     </span>
    </p>
   </div>
   <div class='ocr_carea' id='block_1_14' title="bbox 336 1155 1852 1352">
    <p class='ocr_par' dir='ltr' id='par_1_15' title="bbox 336 1155 1852 1352">
     <span class='ocr_line' id='line_1_59' title="bbox 1095 1155 1852 1198; baseline 0.004 -12"><span class='ocrx_word' id='word_1_282' title='bbox 1095 1183 1096 1187; x_wconf 75' lang='grc'>,</span> <span class='ocrx_word' id='word_1_283' title='bbox 1118 1155 1281 1198; x_wconf 78' lang='lat' dir='ltr'>quibusvis</span> <span class='ocrx_word' id='word_1_284' title='bbox 1306 1155 1376 1187; x_wconf 85' lang='lat' dir='ltr'>aliis</span> <span class='ocrx_word' id='word_1_285' title='bbox 1413 1156 1658 1198; x_wconf 81' lang='lat' dir='ltr'>quomodolibet</span> <span class='ocrx_word' id='word_1_286' title='bbox 1682 1157 1852 1196; x_wconf 86' lang='lat' dir='ltr'>concessis,</span> 
     </span>
     <span class='ocr_line' id='line_1_60' title="bbox 337 1203 1096 1236; baseline -0.001 0"><span class='ocrx_word' id='word_1_287' title='bbox 337 1214 464 1236; x_wconf 88' lang='lat' dir='ltr'>necnon</span> <span class='ocrx_word' id='word_1_288' title='bbox 489 1203 586 1236; x_wconf 88' lang='lat' dir='ltr'>etiam</span> <span class='ocrx_word' id='word_1_289' title='bbox 623 1203 804 1236; x_wconf 80' lang='lat' dir='ltr'>cardinales</span> <span class='ocrx_word' id='word_1_290' title='bbox 836 1204 874 1236; x_wconf 89' lang='lat' dir='ltr'>de</span> <span class='ocrx_word' id='word_1_291' title='bbox 908 1205 1006 1236; x_wconf 85' lang='lat' dir='ltr'>latere</span> <span class='ocrx_word' id='word_1_292' title='bbox 1032 1205 1096 1236; x_wconf 51' lang='lat' dir='ltr'>le-¹</span> 
     </span>
     <span class='ocr_line' id='line_1_61' title="bbox 337 1253 1096 1300; baseline 0.001 -12"><span class='ocrx_word' id='word_1_293' title='bbox 337 1262 438 1298; x_wconf 79' lang='lat' dir='ltr'>gatos,</span> <span class='ocrx_word' id='word_1_294' title='bbox 457 1257 583 1289; x_wconf 74' lang='lat' dir='ltr'>sublata</span> <span class='ocrx_word' id='word_1_295' title='bbox 608 1256 653 1288; x_wconf 88' lang='lat' dir='ltr'>eis</span> <span class='ocrx_word' id='word_1_296' title='bbox 672 1262 703 1288; x_wconf 89' lang='lat' dir='ltr'>et</span> <span class='ocrx_word' id='word_1_297' title='bbox 719 1267 831 1289; x_wconf 89' lang='lat' dir='ltr'>eorum</span> <span class='ocrx_word' id='word_1_298' title='bbox 848 1256 978 1289; x_wconf 79' lang='lat' dir='ltr'>cuilibet</span> <span class='ocrx_word' id='word_1_299' title='bbox 998 1268 1074 1300; x_wconf 80' lang='lat' dir='ltr'>qua-</span> <span class='ocrx_word' id='word_1_300' title='bbox 1094 1253 1096 1278; x_wconf 61' lang='lat'>⁵</span> 
     </span>
     <span class='ocr_line' id='line_1_62' title="bbox 336 1308 1095 1352; baseline 0.001 -12"><span class='ocrx_word' id='word_1_301' title='bbox 336 1309 381 1341; x_wconf 86' lang='lat' dir='ltr'>vis</span> <span class='ocrx_word' id='word_1_302' title='bbox 407 1309 501 1341; x_wconf 90' lang='lat' dir='ltr'>aliter</span> <span class='ocrx_word' id='word_1_303' title='bbox 524 1308 687 1341; x_wconf 88' lang='lat' dir='ltr'>iudicandi</span> <span class='ocrx_word' id='word_1_304' title='bbox 714 1314 744 1341; x_wconf 89' lang='lat' dir='ltr'>et</span> <span class='ocrx_word' id='word_1_305' title='bbox 769 1309 1005 1352; x_wconf 83' lang='lat' dir='ltr'>interpretandi</span> <span class='ocrx_word' id='word_1_306' title='bbox 1031 1310 1095 1341; x_wconf 65' lang='lat' dir='ltr'>stt-³</span> 
     </span>
    </p>
   </div>
   <div class='ocr_carea' id='block_1_15' title="bbox 1116 1208 1854 1461">
    <p class='ocr_par' dir='ltr' id='par_1_16' title="bbox 1116 1208 1854 1461">
     <span class='ocr_line' id='line_1_63' title="bbox 1117 1208 1852 1248; baseline 0.001 -8"><span class='ocrx_word' id='word_1_307' title='bbox 1117 1208 1313 1240; x_wconf 79' lang='lat' dir='ltr'>confirmatis</span> <span class='ocrx_word' id='word_1_308' title='bbox 1331 1213 1361 1239; x_wconf 84' lang='lat' dir='ltr'>et</span> <span class='ocrx_word' id='word_1_309' title='bbox 1381 1208 1550 1247; x_wconf 88' lang='lat' dir='ltr'>innovatis,</span> <span class='ocrx_word' id='word_1_310' title='bbox 1569 1214 1600 1241; x_wconf 88' lang='lat' dir='ltr'>et</span> <span class='ocrx_word' id='word_1_311' title='bbox 1617 1209 1686 1241; x_wconf 85' lang='lat' dir='ltr'>aliis</span> <span class='ocrx_word' id='word_1_312' title='bbox 1707 1209 1852 1248; x_wconf 84' lang='lat' dir='ltr'>decretis,</span> 
     </span>
     <span class='ocr_line' id='line_1_64' title="bbox 1117 1260 1854 1301; baseline 0.001 -8"><span class='ocrx_word' id='word_1_313' title='bbox 1117 1261 1234 1300; x_wconf 77' lang='lat' dir='ltr'>usibus,</span> <span class='ocrx_word' id='word_1_314' title='bbox 1261 1261 1393 1300; x_wconf 85' lang='lat' dir='ltr'>naturis,</span> <span class='ocrx_word' id='word_1_315' title='bbox 1421 1261 1517 1293; x_wconf 86' lang='lat' dir='ltr'>etiam</span> <span class='ocrx_word' id='word_1_316' title='bbox 1542 1261 1734 1301; x_wconf 84' lang='lat' dir='ltr'>iuramento,</span> <span class='ocrx_word' id='word_1_317' title='bbox 1755 1260 1854 1294; x_wconf 88' lang='lat' dir='ltr'>firmi-</span> 
     </span>
     <span class='ocr_line' id='line_1_65' title="bbox 1119 1313 1854 1352; baseline 0.003 -7"><span class='ocrx_word' id='word_1_318' title='bbox 1119 1318 1179 1345; x_wconf 82' lang='lat' dir='ltr'>[ate</span> <span class='ocrx_word' id='word_1_319' title='bbox 1205 1318 1236 1345; x_wconf 86' lang='lat' dir='ltr'>et</span> <span class='ocrx_word' id='word_1_320' title='bbox 1261 1319 1346 1346; x_wconf 87' lang='lat' dir='ltr'>motu</span> <span class='ocrx_word' id='word_1_321' title='bbox 1373 1313 1545 1352; x_wconf 83' lang='lat' dir='ltr'>similibus,</span> <span class='ocrx_word' id='word_1_322' title='bbox 1569 1325 1604 1345; x_wconf 87' lang='lat' dir='ltr'>ac</span> <span class='ocrx_word' id='word_1_323' title='bbox 1629 1314 1726 1346; x_wconf 88' lang='lat' dir='ltr'>etiam</span> <span class='ocrx_word' id='word_1_324' title='bbox 1748 1314 1854 1347; x_wconf 85' lang='lat' dir='ltr'>consi-</span> 
     </span>
     <span class='ocr_line' id='line_1_66' title="bbox 1116 1365 1851 1408; baseline 0.003 -11"><span class='ocrx_word' id='word_1_325' title='bbox 1116 1365 1308 1401; x_wconf 72' lang='lat' dir='ltr'>storialiter,</span> <span class='ocrx_word' id='word_1_326' title='bbox 1335 1366 1512 1408; x_wconf 84' lang='lat' dir='ltr'>praemissa</span> <span class='ocrx_word' id='word_1_327' title='bbox 1537 1367 1634 1398; x_wconf 87' lang='lat' dir='ltr'>ctiam</span> <span class='ocrx_word' id='word_1_328' title='bbox 1661 1372 1716 1398; x_wconf 85' lang='lat' dir='ltr'>aut</span> <span class='ocrx_word' id='word_1_329' title='bbox 1739 1377 1851 1399; x_wconf 89' lang='lat' dir='ltr'>eorum</span> 
     </span>
     <span class='ocr_line' id='line_1_67' title="bbox 1117 1418 1851 1461; baseline 0.001 -11"><span class='ocrx_word' id='word_1_330' title='bbox 1117 1418 1223 1460; x_wconf 87' lang='lat' dir='ltr'>aliqua</span> <span class='ocrx_word' id='word_1_331' title='bbox 1249 1428 1399 1460; x_wconf 80' lang='lat' dir='ltr'>expresse</span> <span class='ocrx_word' id='word_1_332' title='bbox 1425 1418 1491 1450; x_wconf 82' lang='lat' dir='ltr'>fieri</span> <span class='ocrx_word' id='word_1_333' title='bbox 1522 1418 1771 1461; x_wconf 77' lang='lat' dir='ltr'>prohibentibus</span> <span class='ocrx_word' id='word_1_334' title='bbox 1795 1430 1851 1451; x_wconf 87' lang='lat' dir='ltr'>seu</span> 
     </span>
    </p>
   </div>
   <div class='ocr_carea' id='block_1_16' title="bbox 1093 1471 1852 1516">
    <p class='ocr_par' dir='ltr' id='par_1_17' title="bbox 1093 1471 1852 1516">
     <span class='ocr_line' id='line_1_68' title="bbox 1093 1471 1852 1516; baseline 0.003 -14"><span class='ocrx_word' id='word_1_335' title='bbox 1093 1471 1389 1516; x_wconf 41' lang='lat' dir='ltr'>,impedientibuffi</span> <span class='ocrx_word' id='word_1_336' title='bbox 1418 1476 1470 1503; x_wconf 87' lang='lat' dir='ltr'>aut</span> <span class='ocrx_word' id='word_1_337' title='bbox 1502 1471 1572 1503; x_wconf 89' lang='lat' dir='ltr'>aliis</span> <span class='ocrx_word' id='word_1_338' title='bbox 1597 1471 1629 1503; x_wconf 93' lang='lat' dir='ltr'>in</span> <span class='ocrx_word' id='word_1_339' title='bbox 1654 1472 1852 1504; x_wconf 86' lang='lat' dir='ltr'>contrarium</span> 
     </span>
    </p>
   </div>
   <div class='ocr_carea' id='block_1_17' title="bbox 1114 1523 1853 1882">
    <p class='ocr_par' dir='ltr' id='par_1_18' title="bbox 1114 1523 1853 1882">
     <span class='ocr_line' id='line_1_69' title="bbox 1116 1523 1851 1565; baseline 0.003 -10"><span class='ocrx_word' id='word_1_340' title='bbox 1116 1523 1359 1565; x_wconf 84' lang='lat' dir='ltr'>quomodolibet</span> <span class='ocrx_word' id='word_1_341' title='bbox 1374 1523 1576 1563; x_wconf 78' lang='lat' dir='ltr'>facientibus,</span> <span class='ocrx_word' id='word_1_342' title='bbox 1587 1524 1757 1563; x_wconf 78' lang='lat' dir='ltr'>concessis,</span> <span class='ocrx_word' id='word_1_343' title='bbox 1775 1530 1851 1564; x_wconf 88' lang='lat' dir='ltr'>etc.·,</span> 
     </span>
     <span class='ocr_line' id='line_1_70' title="bbox 1115 1576 1853 1619; baseline 0.003 -11"><span class='ocrx_word' id='word_1_344' title='bbox 1115 1587 1151 1608; x_wconf 85' lang='lat' dir='ltr'>ac</span> <span class='ocrx_word' id='word_1_345' title='bbox 1176 1587 1240 1608; x_wconf 91' lang='lat' dir='ltr'>non</span> <span class='ocrx_word' id='word_1_346' title='bbox 1266 1576 1414 1609; x_wconf 85' lang='lat' dir='ltr'>obstante</span> <span class='ocrx_word' id='word_1_347' title='bbox 1442 1577 1527 1619; x_wconf 87' lang='lat' dir='ltr'>quod</span> <span class='ocrx_word' id='word_1_348' title='bbox 1554 1577 1739 1619; x_wconf 85' lang='lat' dir='ltr'>supradicta</span> <span class='ocrx_word' id='word_1_349' title='bbox 1764 1577 1853 1610; x_wconf 82' lang='lat' dir='ltr'>fidei-</span> 
     </span>
     <span class='ocr_line' id='line_1_71' title="bbox 1116 1629 1852 1672; baseline 0.001 -11"><span class='ocrx_word' id='word_1_350' title='bbox 1116 1629 1297 1667; x_wconf 77' lang='lat' dir='ltr'>commissa,</span> <span class='ocrx_word' id='word_1_351' title='bbox 1315 1634 1346 1661; x_wconf 84' lang='lat' dir='ltr'>et</span> <span class='ocrx_word' id='word_1_352' title='bbox 1363 1629 1424 1662; x_wconf 87' lang='lat' dir='ltr'>alia</span> <span class='ocrx_word' id='word_1_353' title='bbox 1442 1634 1476 1661; x_wconf 93' lang='lat' dir='ltr'>ut</span> <span class='ocrx_word' id='word_1_354' title='bbox 1493 1639 1600 1672; x_wconf 85' lang='lat' dir='ltr'>supra,</span> <span class='ocrx_word' id='word_1_355' title='bbox 1618 1629 1682 1661; x_wconf 90' lang='lat' dir='ltr'>sint</span> <span class='ocrx_word' id='word_1_356' title='bbox 1699 1629 1731 1661; x_wconf 93' lang='lat' dir='ltr'>in</span> <span class='ocrx_word' id='word_1_357' title='bbox 1750 1630 1852 1662; x_wconf 89' lang='lat' dir='ltr'>archi-</span> 
     </span>
     <span class='ocr_line' id='line_1_72' title="bbox 1116 1682 1853 1724; baseline 0.003 -11"><span class='ocrx_word' id='word_1_358' title='bbox 1116 1682 1165 1714; x_wconf 75' lang='lat' dir='ltr'>vio</span> <span class='ocrx_word' id='word_1_359' title='bbox 1191 1693 1264 1714; x_wconf 88' lang='lat' dir='ltr'>cum</span> <span class='ocrx_word' id='word_1_360' title='bbox 1289 1682 1479 1714; x_wconf 82' lang='lat' dir='ltr'>inventariis</span> <span class='ocrx_word' id='word_1_361' title='bbox 1510 1682 1684 1724; x_wconf 75' lang='lat' dir='ltr'>registrata</span> <span class='ocrx_word' id='word_1_362' title='bbox 1709 1689 1740 1715; x_wconf 90' lang='lat' dir='ltr'>et</span> <span class='ocrx_word' id='word_1_363' title='bbox 1764 1683 1853 1715; x_wconf 89' lang='lat' dir='ltr'>exhi-</span> 
     </span>
     <span class='ocr_line' id='line_1_73' title="bbox 1115 1734 1852 1773; baseline 0.003 -8"><span class='ocrx_word' id='word_1_364' title='bbox 1115 1734 1188 1773; x_wconf 88' lang='lat' dir='ltr'>bita,</span> <span class='ocrx_word' id='word_1_365' title='bbox 1211 1739 1242 1766; x_wconf 89' lang='lat' dir='ltr'>et</span> <span class='ocrx_word' id='word_1_366' title='bbox 1267 1745 1331 1766; x_wconf 89' lang='lat' dir='ltr'>non</span> <span class='ocrx_word' id='word_1_367' title='bbox 1365 1734 1512 1766; x_wconf 86' lang='lat' dir='ltr'>obstante</span> <span class='ocrx_word' id='word_1_368' title='bbox 1543 1734 1770 1767; x_wconf 83' lang='lat' dir='ltr'>constitutione</span> <span class='ocrx_word' id='word_1_369' title='bbox 1795 1735 1852 1767; x_wconf 88' lang='lat' dir='ltr'>Ur-</span> 
     </span>
     <span class='ocr_line' id='line_1_74' title="bbox 1114 1786 1849 1827; baseline 0.001 -9"><span class='ocrx_word' id='word_1_370' title='bbox 1114 1786 1190 1818; x_wconf 85' lang='lat' dir='ltr'>bani</span> <span class='ocrx_word' id='word_1_371' title='bbox 1214 1786 1278 1818; x_wconf 67' lang='lat' dir='ltr'>Ylll</span> <span class='ocrx_word' id='word_1_372' title='bbox 1303 1787 1522 1819; x_wconf 78' lang='lat' dir='ltr'>moderatoria</span> <span class='ocrx_word' id='word_1_373' title='bbox 1547 1787 1655 1819; x_wconf 84' lang='lat' dir='ltr'>Bullae</span> <span class='ocrx_word' id='word_1_374' title='bbox 1680 1787 1849 1827; x_wconf 71' lang='lat' dir='ltr'>baronum,</span> 
     </span>
     <span class='ocr_line' id='line_1_75' title="bbox 1115 1839 1849 1882; baseline 0.004 -12"><span class='ocrx_word' id='word_1_375' title='bbox 1115 1839 1230 1882; x_wconf 86' lang='lat' dir='ltr'>quibus</span> <span class='ocrx_word' id='word_1_376' title='bbox 1256 1839 1412 1879; x_wconf 89' lang='lat' dir='ltr'>omnibus,</span> <span class='ocrx_word' id='word_1_377' title='bbox 1439 1839 1565 1872; x_wconf 83' lang='lat' dir='ltr'>etiamsi</span> <span class='ocrx_word' id='word_1_378' title='bbox 1602 1840 1640 1872; x_wconf 91' lang='lat' dir='ltr'>de</span> <span class='ocrx_word' id='word_1_379' title='bbox 1673 1840 1746 1879; x_wconf 89' lang='lat' dir='ltr'>illis,</span> <span class='ocrx_word' id='word_1_380' title='bbox 1780 1845 1849 1880; x_wconf 73' lang='lat' dir='ltr'>etc,</span> 
     </span>
    </p>
   </div>
   <div class='ocr_carea' id='block_1_18' title="bbox 1093 1892 1850 1935">
    <p class='ocr_par' dir='ltr' id='par_1_19' title="bbox 1093 1892 1850 1935">
     <span class='ocr_line' id='line_1_76' title="bbox 1093 1892 1850 1935; baseline 0.003 -12"><span class='ocrx_word' id='word_1_381' title='bbox 1093 1902 1225 1934; x_wconf 56' lang='lat' dir='ltr'>,eorum</span> <span class='ocrx_word' id='word_1_382' title='bbox 1253 1897 1404 1931; x_wconf 85' lang='lat' dir='ltr'>tenores,</span> <span class='ocrx_word' id='word_1_383' title='bbox 1431 1897 1491 1924; x_wconf 88' lang='lat' dir='ltr'>etc.</span> <span class='ocrx_word' id='word_1_384' title='bbox 1508 1919 1515 1933; x_wconf 91' lang='lat'>,</span> <span class='ocrx_word' id='word_1_385' title='bbox 1541 1892 1766 1934; x_wconf 87' lang='lat' dir='ltr'>praesentibus</span> <span class='ocrx_word' id='word_1_386' title='bbox 1790 1903 1850 1935; x_wconf 88' lang='lat' dir='ltr'>pro</span> 
     </span>
    </p>
   </div>
   <div class='ocr_carea' id='block_1_19' title="bbox 1114 1944 1850 1987">
    <p class='ocr_par' dir='ltr' id='par_1_20' title="bbox 1114 1944 1850 1987">
     <span class='ocr_line' id='line_1_77' title="bbox 1114 1944 1850 1987; baseline 0.001 -11"><span class='ocrx_word' id='word_1_387' title='bbox 1114 1946 1210 1987; x_wconf 83' lang='lat' dir='ltr'>plene</span> <span class='ocrx_word' id='word_1_388' title='bbox 1229 1949 1257 1976; x_wconf 85' lang='lat' dir='ltr'>et</span> <span class='ocrx_word' id='word_1_389' title='bbox 1277 1944 1473 1976; x_wconf 79' lang='lat' dir='ltr'>sufficienter</span> <span class='ocrx_word' id='word_1_390' title='bbox 1490 1944 1653 1986; x_wconf 75' lang='lat' dir='ltr'>expressis</span> <span class='ocrx_word' id='word_1_391' title='bbox 1672 1949 1702 1977; x_wconf 89' lang='lat' dir='ltr'>et</span> <span class='ocrx_word' id='word_1_392' title='bbox 1722 1945 1850 1977; x_wconf 87' lang='lat' dir='ltr'>insertis</span> 
     </span>
    </p>
   </div>
   <div class='ocr_carea' id='block_1_20' title="bbox 1092 1997 1850 2038">
    <p class='ocr_par' dir='ltr' id='par_1_21' title="bbox 1092 1997 1850 2038">
     <span class='ocr_line' id='line_1_78' title="bbox 1092 1997 1850 2038; baseline 0.004 -10"><span class='ocrx_word' id='word_1_393' title='bbox 1092 2032 1093 2038; x_wconf 13' lang='grc' dir='ltr'>ἵ</span> <span class='ocrx_word' id='word_1_394' title='bbox 1116 1997 1283 2036; x_wconf 87' lang='lat' dir='ltr'>habentes,</span> <span class='ocrx_word' id='word_1_395' title='bbox 1302 2003 1378 2037; x_wconf 68' lang='lat' dir='ltr'>ete,</span> <span class='ocrx_word' id='word_1_396' title='bbox 1398 1997 1462 2029; x_wconf 90' lang='lat' dir='ltr'>illis</span> <span class='ocrx_word' id='word_1_397' title='bbox 1489 1997 1566 2029; x_wconf 77' lang='lat' dir='ltr'>alias</span> <span class='ocrx_word' id='word_1_398' title='bbox 1592 1997 1624 2029; x_wconf 93' lang='lat' dir='ltr'>in</span> <span class='ocrx_word' id='word_1_399' title='bbox 1650 2008 1708 2030; x_wconf 87' lang='lat' dir='ltr'>suo</span> <span class='ocrx_word' id='word_1_400' title='bbox 1732 1998 1850 2031; x_wconf 88' lang='lat' dir='ltr'>robore</span> 
     </span>
    </p>
   </div>
   <div class='ocr_carea' id='block_1_21' title="bbox 1114 2049 1851 2303">
    <p class='ocr_par' dir='ltr' id='par_1_22' title="bbox 1114 2049 1851 2303">
     <span class='ocr_line' id='line_1_79' title="bbox 1115 2049 1851 2093; baseline 0.003 -12"><span class='ocrx_word' id='word_1_401' title='bbox 1115 2049 1350 2092; x_wconf 81' lang='lat' dir='ltr'>permansuris,</span> <span class='ocrx_word' id='word_1_402' title='bbox 1379 2050 1438 2082; x_wconf 88' lang='lat' dir='ltr'>hac</span> <span class='ocrx_word' id='word_1_403' title='bbox 1469 2050 1536 2083; x_wconf 89' lang='lat' dir='ltr'>vice</span> <span class='ocrx_word' id='word_1_404' title='bbox 1568 2050 1750 2090; x_wconf 82' lang='lat' dir='ltr'>dumtaxat,</span> <span class='ocrx_word' id='word_1_405' title='bbox 1783 2061 1851 2093; x_wconf 86' lang='lat' dir='ltr'>spe·</span> 
     </span>
     <span class='ocr_line' id='line_1_80' title="bbox 1114 2103 1850 2145; baseline 0.001 -11"><span class='ocrx_word' id='word_1_406' title='bbox 1114 2103 1239 2135; x_wconf 82' lang='lat' dir='ltr'>cialiter</span> <span class='ocrx_word' id='word_1_407' title='bbox 1262 2108 1294 2135; x_wconf 86' lang='lat' dir='ltr'>et</span> <span class='ocrx_word' id='word_1_408' title='bbox 1318 2113 1469 2145; x_wconf 80' lang='lat' dir='ltr'>expresse</span> <span class='ocrx_word' id='word_1_409' title='bbox 1495 2114 1530 2135; x_wconf 84' lang='lat' dir='ltr'>ac</span> <span class='ocrx_word' id='word_1_410' title='bbox 1554 2103 1718 2141; x_wconf 87' lang='lat' dir='ltr'>latissime,</span> <span class='ocrx_word' id='word_1_411' title='bbox 1744 2109 1850 2142; x_wconf 87' lang='lat' dir='ltr'>motu,</span> 
     </span>
     <span class='ocr_line' id='line_1_81' title="bbox 1114 2155 1849 2198; baseline 0.003 -12"><span class='ocrx_word' id='word_1_412' title='bbox 1114 2155 1246 2187; x_wconf 76' lang='lat' dir='ltr'>scientia</span> <span class='ocrx_word' id='word_1_413' title='bbox 1260 2160 1291 2187; x_wconf 91' lang='lat' dir='ltr'>et</span> <span class='ocrx_word' id='word_1_414' title='bbox 1308 2155 1476 2197; x_wconf 86' lang='lat' dir='ltr'>potestatis</span> <span class='ocrx_word' id='word_1_415' title='bbox 1492 2155 1693 2197; x_wconf 89' lang='lat' dir='ltr'>plenitudine</span> <span class='ocrx_word' id='word_1_416' title='bbox 1707 2156 1849 2198; x_wconf 90' lang='lat' dir='ltr'>paribus,</span> 
     </span>
     <span class='ocr_line' id='line_1_82' title="bbox 1114 2208 1850 2251; baseline 0.004 -12"><span class='ocrx_word' id='word_1_417' title='bbox 1114 2208 1318 2249; x_wconf 74' lang='lat' dir='ltr'>derogamus,</span> <span class='ocrx_word' id='word_1_418' title='bbox 1338 2208 1518 2250; x_wconf 87' lang='lat' dir='ltr'>ceterisque</span> <span class='ocrx_word' id='word_1_419' title='bbox 1539 2208 1707 2241; x_wconf 83' lang='lat' dir='ltr'>contrariis</span> <span class='ocrx_word' id='word_1_420' title='bbox 1724 2209 1850 2251; x_wconf 87' lang='lat' dir='ltr'>quibus-</span> 
     </span>
     <span class='ocr_line' id='line_1_83' title="bbox 1114 2260 1765 2303; baseline 0.005 -13"><span class='ocrx_word' id='word_1_421' title='bbox 1114 2270 1266 2302; x_wconf 83' lang='lat' dir='ltr'>cumque,</span> <span class='ocrx_word' id='word_1_422' title='bbox 1288 2270 1360 2291; x_wconf 87' lang='lat' dir='ltr'>cum</span> <span class='ocrx_word' id='word_1_423' title='bbox 1384 2260 1537 2293; x_wconf 89' lang='lat' dir='ltr'>clausulis</span> <span class='ocrx_word' id='word_1_424' title='bbox 1563 2261 1765 2303; x_wconf 87' lang='lat' dir='ltr'>opportunis.</span> 
     </span>
    </p>
   </div>
   <div class='ocr_carea' id='block_1_22' title="bbox 1754 261 2043 297">
    <p class='ocr_par' dir='ltr' id='par_1_23' title="bbox 1754 261 2043 297">
     <span class='ocr_line' id='line_1_84' title="bbox 1754 261 2043 297; baseline 0.01 -3"><span class='ocrx_word' id='word_1_425' title='bbox 1754 261 1818 295; x_wconf 70' lang='lat'>255</span> <span class='ocrx_word' id='word_1_426' title='bbox 1863 270 1912 296; x_wconf 71' lang='lat' dir='ltr'>Aa.</span> <span class='ocrx_word' id='word_1_427' title='bbox 1928 269 1957 296; x_wconf 78' lang='lat' dir='ltr'>e.</span> <span class='ocrx_word' id='word_1_428' title='bbox 1980 270 2043 297; x_wconf 66' lang='grc' dir='ltr'>εστι</span> 
     </span>
    </p>
   </div>
   <div class='ocr_carea' id='block_1_23' title="bbox 334 2309 1070 2667">
    <p class='ocr_par' dir='ltr' id='par_1_24' title="bbox 334 2309 1070 2667">
     <span class='ocr_line' id='line_1_85' title="bbox 336 2309 1070 2352; baseline 0.001 -11"><span class='ocrx_word' id='word_1_429' title='bbox 336 2309 534 2350; x_wconf 76' lang='lat' dir='ltr'>obligatione</span> <span class='ocrx_word' id='word_1_430' title='bbox 570 2309 723 2342; x_wconf 85' lang='lat' dir='ltr'>camerali</span> <span class='ocrx_word' id='word_1_431' title='bbox 756 2314 789 2342; x_wconf 88' lang='lat' dir='ltr'>et</span> <span class='ocrx_word' id='word_1_432' title='bbox 820 2310 998 2352; x_wconf 78' lang='lat' dir='ltr'>apostolica</span> <span class='ocrx_word' id='word_1_433' title='bbox 1034 2311 1070 2343; x_wconf 93' lang='lat' dir='ltr'>li-</span> 
     </span>
     <span class='ocr_line' id='line_1_86' title="bbox 335 2361 1070 2404; baseline 0.004 -12"><span class='ocrx_word' id='word_1_434' title='bbox 335 2361 440 2393; x_wconf 83' lang='lat' dir='ltr'>eentia</span> <span class='ocrx_word' id='word_1_435' title='bbox 468 2365 500 2393; x_wconf 86' lang='lat' dir='ltr'>et</span> <span class='ocrx_word' id='word_1_436' title='bbox 520 2361 724 2404; x_wconf 85' lang='lat' dir='ltr'>beneplacito</span> <span class='ocrx_word' id='word_1_437' title='bbox 749 2362 882 2401; x_wconf 84' lang='lat' dir='ltr'>vallatis,</span> <span class='ocrx_word' id='word_1_438' title='bbox 905 2372 940 2394; x_wconf 90' lang='lat' dir='ltr'>ac</span> <span class='ocrx_word' id='word_1_439' title='bbox 967 2363 1013 2394; x_wconf 90' lang='lat' dir='ltr'>Pii</span> <span class='ocrx_word' id='word_1_440' title='bbox 1034 2363 1070 2395; x_wconf 82' lang='lat' dir='ltr'>tv</span> 
     </span>
     <span class='ocr_line' id='line_1_87' title="bbox 334 2413 1070 2457; baseline 0.003 -12"><span class='ocrx_word' id='word_1_441' title='bbox 334 2413 380 2445; x_wconf 83' lang='lat' dir='ltr'>De</span> <span class='ocrx_word' id='word_1_442' title='bbox 403 2413 627 2455; x_wconf 56' lang='lat' dir='ltr'>rems-tramis,</span> <span class='ocrx_word' id='word_1_443' title='bbox 652 2424 687 2446; x_wconf 84' lang='lat' dir='ltr'>ac</span> <span class='ocrx_word' id='word_1_444' title='bbox 711 2414 782 2447; x_wconf 88' lang='lat' dir='ltr'>aliis</span> <span class='ocrx_word' id='word_1_445' title='bbox 808 2415 971 2457; x_wconf 85' lang='lat' dir='ltr'>quibusvis</span> <span class='ocrx_word' id='word_1_446' title='bbox 995 2426 1070 2447; x_wconf 88' lang='lat' dir='ltr'>con—</span> 
     </span>
     <span class='ocr_line' id='line_1_88' title="bbox 334 2466 1070 2511; baseline 0.005 -14"><span class='ocrx_word' id='word_1_447' title='bbox 334 2466 556 2498; x_wconf 90' lang='lat' dir='ltr'>stitutionibus</span> <span class='ocrx_word' id='word_1_448' title='bbox 582 2472 613 2498; x_wconf 88' lang='lat' dir='ltr'>et</span> <span class='ocrx_word' id='word_1_449' title='bbox 630 2468 889 2500; x_wconf 87' lang='lat' dir='ltr'>ordinationibus</span> <span class='ocrx_word' id='word_1_450' title='bbox 914 2469 1070 2511; x_wconf 83' lang='lat' dir='ltr'>apostoli-</span> 
     </span>
     <span class='ocr_line' id='line_1_89' title="bbox 334 2519 1070 2561; baseline 0.004 -11"><span class='ocrx_word' id='word_1_451' title='bbox 334 2519 380 2551; x_wconf 89' lang='lat' dir='ltr'>cis</span> <span class='ocrx_word' id='word_1_452' title='bbox 406 2519 553 2561; x_wconf 74' lang='lat' dir='ltr'>(excepta</span> <span class='ocrx_word' id='word_1_453' title='bbox 578 2519 808 2553; x_wconf 87' lang='lat' dir='ltr'>constitutione</span> <span class='ocrx_word' id='word_1_454' title='bbox 833 2520 935 2553; x_wconf 83' lang='lat' dir='ltr'>felicis</span> <span class='ocrx_word' id='word_1_455' title='bbox 960 2531 1070 2553; x_wconf 88' lang='lat' dir='ltr'>recor-</span> 
     </span>
     <span class='ocr_line' id='line_1_90' title="bbox 335 2571 1069 2616; baseline 0.005 -12"><span class='ocrx_word' id='word_1_456' title='bbox 335 2571 475 2604; x_wconf 87' lang='lat' dir='ltr'>dationis</span> <span class='ocrx_word' id='word_1_457' title='bbox 498 2571 672 2605; x_wconf 88' lang='lat' dir='ltr'>Clementis</span> <span class='ocrx_word' id='word_1_458' title='bbox 693 2573 766 2613; x_wconf 89' lang='lat' dir='ltr'>Vlll,</span> <span class='ocrx_word' id='word_1_459' title='bbox 786 2585 847 2616; x_wconf 85' lang='lat' dir='ltr'>qua</span> <span class='ocrx_word' id='word_1_460' title='bbox 871 2574 940 2606; x_wconf 89' lang='lat' dir='ltr'>iura</span> <span class='ocrx_word' id='word_1_461' title='bbox 965 2574 1069 2608; x_wconf 84' lang='lat' dir='ltr'>Came-</span> 
     </span>
     <span class='ocr_line' id='line_1_91' title="bbox 334 2625 1068 2667; baseline 0.003 -8"><span class='ocrx_word' id='word_1_462' title='bbox 334 2635 388 2659; x_wconf 84' lang='lat' dir='ltr'>rae</span> <span class='ocrx_word' id='word_1_463' title='bbox 406 2630 532 2657; x_wconf 88' lang='lat' dir='ltr'>nostrae</span> <span class='ocrx_word' id='word_1_464' title='bbox 557 2625 761 2667; x_wconf 84' lang='lat' dir='ltr'>Apostolicae</span> <span class='ocrx_word' id='word_1_465' title='bbox 779 2626 811 2658; x_wconf 90' lang='lat' dir='ltr'>in</span> <span class='ocrx_word' id='word_1_466' title='bbox 827 2626 982 2660; x_wconf 89' lang='lat' dir='ltr'>Montium</span> <span class='ocrx_word' id='word_1_467' title='bbox 1000 2638 1068 2661; x_wconf 86' lang='lat' dir='ltr'>ere-</span> 
     </span>
    </p>
   </div>
   <div class='ocr_carea' id='block_1_24' title="bbox 1090 2311 2044 2356">
    <p class='ocr_par' dir='ltr' id='par_1_25' title="bbox 1090 2311 2044 2356">
     <span class='ocr_line' id='line_1_92' title="bbox 1090 2311 2044 2356; baseline 0.003 -13"><span class='ocrx_word' id='word_1_468' title='bbox 1090 2328 1091 2352; x_wconf 69' lang='lat' dir='ltr'>l</span> <span class='ocrx_word' id='word_1_469' title='bbox 1157 2312 1171 2354; x_wconf 58' lang='grc' dir='ltr'>ᾗ</span> <span class='ocrx_word' id='word_1_470' title='bbox 1195 2311 1248 2345; x_wconf 72' lang='lat'>⁶23.</span> <span class='ocrx_word' id='word_1_471' title='bbox 1265 2311 1413 2345; x_wconf 89' lang='lat' dir='ltr'>Ceterum</span> <span class='ocrx_word' id='word_1_472' title='bbox 1431 2314 1576 2346; x_wconf 89' lang='lat' dir='ltr'>volumus</span> <span class='ocrx_word' id='word_1_473' title='bbox 1593 2314 1680 2355; x_wconf 90' lang='lat' dir='ltr'>quod</span> <span class='ocrx_word' id='word_1_474' title='bbox 1698 2323 1850 2356; x_wconf 86' lang='lat' dir='ltr'>praesen·</span> <span class='ocrx_word' id='word_1_475' title='bbox 1887 2320 1938 2341; x_wconf 74' lang='lat' dir='ltr'>Sola</span> <span class='ocrx_word' id='word_1_476' title='bbox 1953 2321 2044 2345; x_wconf 57' lang='lat' dir='ltr'>sinnam-</span> 
     </span>
    </p>
   </div>
   <div class='ocr_carea' id='block_1_25' title="bbox 1090 2347 2044 2372">
    <p class='ocr_par' dir='ltr' id='par_1_26' title="bbox 1090 2347 2044 2372">
     <span class='ocr_line' id='line_1_93' title="bbox 1090 2347 2044 2372; baseline 0.001 -7"><span class='ocrx_word' id='word_1_477' title='bbox 1090 2357 1091 2372; x_wconf 40' lang='lat'>,</span> <span class='ocrx_word' id='word_1_478' title='bbox 1861 2352 1883 2366; x_wconf 85' lang='lat' dir='ltr'>ra</span> <span class='ocrx_word' id='word_1_479' title='bbox 1895 2347 1956 2366; x_wconf 72' lang='lat' dir='ltr'>huius</span> <span class='ocrx_word' id='word_1_480' title='bbox 1967 2350 2044 2366; x_wconf 70' lang='lat' dir='ltr'>motus·</span> 
     </span>
    </p>
   </div>
   <div class='ocr_carea' id='block_1_26' title="bbox 1115 2363 2043 2408">
    <p class='ocr_par' dir='ltr' id='par_1_27' title="bbox 1115 2363 2043 2408">
     <span class='ocr_line' id='line_1_94' title="bbox 1115 2363 2043 2408; baseline 0.003 -13"><span class='ocrx_word' id='word_1_481' title='bbox 1115 2363 1152 2395; x_wconf 89' lang='lat' dir='ltr'>tis</span> <span class='ocrx_word' id='word_1_482' title='bbox 1178 2364 1280 2396; x_wconf 90' lang='lat' dir='ltr'>nostri</span> <span class='ocrx_word' id='word_1_483' title='bbox 1304 2365 1537 2408; x_wconf 84' lang='lat' dir='ltr'>motusproprii</span> <span class='ocrx_word' id='word_1_484' title='bbox 1561 2364 1692 2398; x_wconf 86' lang='lat' dir='ltr'>cedula¹</span> <span class='ocrx_word' id='word_1_485' title='bbox 1710 2367 1779 2398; x_wconf 82' lang='lat' dir='ltr'>sola</span> <span class='ocrx_word' id='word_1_486' title='bbox 1795 2377 1850 2398; x_wconf 89' lang='lat' dir='ltr'>no·</span> <span class='ocrx_word' id='word_1_487' title='bbox 1861 2373 2043 2402; x_wconf 56' lang='lat' dir='ltr'>propemedum</span> 
     </span>
    </p>
   </div>
   <div class='ocr_carea' id='block_1_27' title="bbox 1841 2399 2043 2423">
    <p class='ocr_par' dir='ltr' id='par_1_28' title="bbox 1841 2399 2043 2423">
     <span class='ocr_line' id='line_1_95' title="bbox 1841 2399 2043 2423; baseline 0.005 -5"><span class='ocrx_word' id='word_1_488' title='bbox 1841 2418 1847 2423; x_wconf 61' lang='lat'><em>‚</em></span> <span class='ocrx_word' id='word_1_489' title='bbox 1861 2399 1950 2418; x_wconf 66' lang='lat' dir='ltr'>summi</span> <span class='ocrx_word' id='word_1_490' title='bbox 2005 2399 2043 2419; x_wconf 77' lang='lat' dir='ltr'>sub</span> 
     </span>
    </p>
   </div>
   <div class='ocr_carea' id='block_1_28' title="bbox 1113 2416 1954 2566">
    <p class='ocr_par' dir='ltr' id='par_1_29' title="bbox 1113 2416 1954 2566">
     <span class='ocr_line' id='line_1_96' title="bbox 1113 2416 1954 2460; baseline 0.002 -12"><span class='ocrx_word' id='word_1_491' title='bbox 1113 2422 1177 2448; x_wconf 87' lang='lat' dir='ltr'>stra</span> <span class='ocrx_word' id='word_1_492' title='bbox 1213 2416 1398 2458; x_wconf 79' lang='lat' dir='ltr'>signatura,</span> <span class='ocrx_word' id='word_1_493' title='bbox 1432 2418 1552 2460; x_wconf 86' lang='lat' dir='ltr'>absque</span> <span class='ocrx_word' id='word_1_494' title='bbox 1585 2418 1647 2450; x_wconf 74' lang='lat' dir='ltr'>alia</span> <span class='ocrx_word' id='word_1_495' title='bbox 1673 2418 1761 2457; x_wconf 75' lang='lat' dir='ltr'>data,</span> <span class='ocrx_word' id='word_1_496' title='bbox 1788 2423 1954 2450; x_wconf 77' lang='lat' dir='ltr'>etS11·1111ub0-</span> 
     </span>
     <span class='ocr_line' id='line_1_97' title="bbox 1113 2471 1850 2512; baseline 0.001 -10"><span class='ocrx_word' id='word_1_497' title='bbox 1113 2481 1178 2502; x_wconf 91' lang='lat' dir='ltr'>non</span> <span class='ocrx_word' id='word_1_498' title='bbox 1202 2471 1408 2512; x_wconf 80' lang='lat' dir='ltr'>registretur,</span> <span class='ocrx_word' id='word_1_499' title='bbox 1438 2471 1583 2511; x_wconf 80' lang='lat' dir='ltr'>sufficiat,</span> <span class='ocrx_word' id='word_1_500' title='bbox 1604 2477 1636 2503; x_wconf 89' lang='lat' dir='ltr'>et</span> <span class='ocrx_word' id='word_1_501' title='bbox 1662 2477 1723 2504; x_wconf 90' lang='lat' dir='ltr'>tam</span> <span class='ocrx_word' id='word_1_502' title='bbox 1748 2471 1781 2503; x_wconf 91' lang='lat' dir='ltr'>in</span> <span class='ocrx_word' id='word_1_503' title='bbox 1801 2472 1850 2503; x_wconf 86' lang='lat' dir='ltr'>iu-</span> 
     </span>
     <span class='ocr_line' id='line_1_98' title="bbox 1113 2523 1848 2566; baseline 0.001 -11"><span class='ocrx_word' id='word_1_504' title='bbox 1113 2523 1197 2555; x_wconf 88' lang='lat' dir='ltr'>dicio</span> <span class='ocrx_word' id='word_1_505' title='bbox 1223 2534 1318 2566; x_wconf 84' lang='lat' dir='ltr'>quam</span> <span class='ocrx_word' id='word_1_506' title='bbox 1343 2530 1430 2556; x_wconf 83' lang='lat' dir='ltr'>extra</span> <span class='ocrx_word' id='word_1_507' title='bbox 1456 2525 1584 2566; x_wconf 90' lang='lat' dir='ltr'>plenam</span> <span class='ocrx_word' id='word_1_508' title='bbox 1608 2523 1705 2556; x_wconf 88' lang='lat' dir='ltr'>fidem</span> <span class='ocrx_word' id='word_1_509' title='bbox 1730 2524 1848 2565; x_wconf 81' lang='lat' dir='ltr'>saciat,</span> 
     </span>
    </p>
   </div>
   <div class='ocr_carea' id='block_1_29' title="bbox 1090 323 1101 2597">
    <p class='ocr_par' dir='ltr' id='par_1_30' title="bbox 1090 323 1101 2597">
     <span class='ocr_line' id='line_1_99' title="bbox 1090 323 1101 2597; baseline 0 0"><span class='ocrx_word' id='word_1_510' title='bbox 1090 323 1101 2597; x_wconf 95' lang='lat' dir='ltr'> </span> 
     </span>
    </p>
   </div>
   <div class='ocr_carea' id='block_1_30' title="bbox 1147 2636 1698 2671">
    <p class='ocr_par' dir='ltr' id='par_1_31' title="bbox 1147 2636 1698 2671">
     <span class='ocr_line' id='line_1_100' title="bbox 1147 2636 1698 2671; baseline 0 -9"><span class='ocrx_word' id='word_1_511' title='bbox 1147 2638 1157 2663; x_wconf 94' lang='lat'>1</span> <span class='ocrx_word' id='word_1_512' title='bbox 1180 2636 1294 2662; x_wconf 84' lang='lat' dir='ltr'>Videtur</span> <span class='ocrx_word' id='word_1_513' title='bbox 1309 2637 1452 2671; x_wconf 77' lang='lat' dir='ltr'>legendum</span> <span class='ocrx_word' id='word_1_514' title='bbox 1468 2637 1583 2664; x_wconf 73' lang='lat' dir='ltr'>cedulae</span> <span class='ocrx_word' id='word_1_515' title='bbox 1600 2638 1636 2671; x_wconf 78' lang='lat' dir='ltr'>(R.</span> <span class='ocrx_word' id='word_1_516' title='bbox 1650 2636 1698 2670; x_wconf 84' lang='lat' dir='ltr'>T.).</span> 
     </span>
    </p>
   </div>
  </div>
 </body>
</html>
