2279 3260
224 234 272 260 An.
289 231 317 258 C.
342 231 408 259 ¹675

281 555 343 575 Fubw
359 556 403 574 stau

228 585 316 609 sumpto!
324 588 363 601 11111.

257 817 345 837 Sanctio
365 822 404 842 pue

229 846 291 864 natis.

455 222 520 255 550

418 279 518 312 nostri
545 279 583 311 de
611 281 684 319 uua,
711 284 742 311 et
766 277 895 311 concilii
923 274 1084 318 generalis
1113 272 1152 304 de

419 332 543 365 duabus
569 332 672 371 dietis,
692 331 866 364 dummodo
887 330 957 372 quis
981 328 1064 359 ultra
1089 330 1152 357 tres

420 385 521 418 dietas
547 385 585 417 ad
611 385 764 418 iudicium
790 384 899 426 vigore
931 378 1153 424 praesentium

421 449 486 471 uon
513 438 675 478 traliatur·,
694 437 876 479 ceterisque
898 432 1068 466 contrariis
1090 430 1156 474 qui-

422 492 634 534 buscuuiquc.

468 545 482 587 ξ
512 544 560 576 lli.
589 543 740 576 Volumus
770 546 875 574 autem
897 540 984 583 quod
1007 546 1157 581 praesen-

426 598 503 630 tium
530 596 737 639 transumptis
771 595 881 627 cadem
916 601 1046 635 prorsus
1078 589 1157 621 sides

425 650 619 683 adhibeatur
653 654 714 681 tam
740 648 771 679 iu
803 646 925 678 iudicio
952 654 1044 688 quani
1071 647 1160 675 extra

425 702 513 741 illud,
536 711 617 744 quae
636 700 758 732 eisdem
776 697 1005 742 praesentibus
1026 694 1161 727 adbibe-

427 760 513 787 retur
537 754 563 786 si
591 754 697 786 forent
722 751 885 784 exhibitae
910 751 959 782 vel
984 754 1144 782 ostensae.

470 807 560 851 315.
589 806 672 839 Nulli
707 816 785 847 ergo
823 805 955 837 omuino
994 802 1160 835 bominum

426 861 520 893 liceat
534 861 616 892 lianc
630 859 779 902 paginam
795 863 925 890 nostrae
940 854 1161 894 absolutionis,

427 912 600 945 erectionis
617 939 624 952 ,
652 910 885 949 iustitutionis,
913 907 1161 952 applicationis,

426 965 663 1008 assignationis,
686 963 905 1002 subiectionis,
938 960 1162 1003 exemptionis,

428 1018 646 1058 liberationis,
673 1016 913 1055 concessionis,
941 1013 1165 1047 communica-⁷

429 1072 536 1111 tionis,
557 1071 686 1111 indulti,
709 1067 958 1108 constitutionis,
984 1066 1165 1110 deputatio-

429 1124 495 1162 nis,
522 1123 664 1162 decreti,
695 1121 856 1160 mandati,
884 1118 1104 1161 derogationis
1134 1124 1166 1150 et

430 1177 601 1210 voluntatis
631 1176 818 1217 infringere,
837 1175 885 1206 vel
911 1173 938 1205 ei
965 1183 1040 1205 ausu
1068 1177 1166 1203 teme-

431 1230 514 1266 rario
540 1229 724 1268 contraire,
755 1228 779 1260 si
807 1227 877 1270 quis
903 1231 1008 1258 autem
1034 1225 1097 1257 hoc
1123 1229 1166 1256 at-

432 1288 557 1315 tentare
593 1280 874 1325 praesumpserit,
910 1278 1165 1321 indignationem

431 1335 661 1378 omnipotentis
691 1334 746 1366 Dei
773 1344 807 1366 ac
832 1334 999 1365 beatorum
1026 1331 1109 1363 Petri
1137 1334 1167 1363 et

432 1388 520 1420 Pauli
553 1389 772 1431 apostolorum
809 1386 877 1418 cius
904 1396 938 1417 se
972 1384 1097 1416 noverit
1120 1383 1167 1414 in-

432 1451 613 1473 cursurum.

474 1493 588 1525 Datum
613 1493 754 1530 Romae,
781 1491 865 1534 apud
891 1490 922 1522 S.
951 1489 1081 1521 Mariam
1108 1489 1169 1520 Ma-

432 1547 558 1585 iorem,
593 1556 676 1577 anno
713 1543 946 1576 lucarnatiouis
982 1542 1168 1575 Dominicae

432 1608 598 1637 noctxxv,
627 1609 661 1630 111
700 1597 770 1629 idus
805 1596 938 1636 martii,
965 1595 1170 1638 pontificatus

433 1652 533 1684 nostri
560 1663 645 1684 anuo
671 1662 700 1684 v.

649 1722 684 1755 G.
713 1721 886 1755 cardinalis
910 1721 1124 1764 prodatarius.

835 1783 857 1815 l.
881 1783 916 1815 G.
940 1783 1080 1816 SLusics.

485 1846 508 1879 1⁷
512 1847 556 1878 ixa
582 1845 619 1878 cle
644 1846 743 1879 Curia
768 1845 799 1878 S.
829 1845 866 1877 de
890 1845 1057 1877 Pilasmzc.

838 1908 872 1939 D.
901 1907 1081 1940 emimus.

527 1979 610 2012 Loco
636 1981 658 2019 -'s
684 1978 819 2021 plumbi.

474 2049 531 2076 Dat.
550 2050 592 2075 die
611 2050 656 2075 13Ι
688 2049 775 2075 martii
797 2048 874 2081 1675,
891 2048 987 2082 pontif.
1008 2056 1079 2075 anno
1094 2055 1120 2074 v.

474 2112 636 2145 Reyistraca
658 2111 686 2137 in
708 2111 811 2137 Secrcl.
834 2111 980 2137 Brevium.

733 2251 886 2285 CLXXIX.

442 2332 613 2367 [1111111111111
638 2332 723 2375 quod
750 2332 781 2364 in
808 2332 956 2364 une'rcho
975 2331 1093 2365 Ordine
1111 2333 1178 2375 sra-

488 2393 574 2418 trum
615 2390 680 2418 lam
718 2385 939 2418 Calceatorzmz
981 2395 1080 2428 quam
1116 2386 1179 2418 E2c-

487 2440 697 2472 culccatorwn
739 2443 768 2471 et
803 2438 1004 2470 monialium
1045 2438 1179 2471 Ordinis

489 2494 524 2525 R.
560 2493 685 2525 Mariae
708 2491 745 2524 de
769 2491 909 2523 Mercede
939 2490 1180 2534 Redemptiom's

490 2547 697 2589 Captivorum
714 2545 889 2578 cclebrelur
901 2544 959 2576 sub
973 2544 1039 2576 ritu
1055 2544 1181 2587 duplici
1201 2551 1203 2576 ‘1

482 2610 493 2636 1
515 2607 580 2634 Male
596 2607 660 2634 edit.
678 2607 753 2632 lllaiu.
781 2606 812 2633 ad
835 2614 916 2640 marg.
941 2604 1001 2638 legit
1022 2606 1058 2632 30
1077 2612 1113 2639 111.
1131 2606 1179 2640 Τ.).
1201 2616 1205 2642 l

988 224 1167 251 nt*t.t..miuitl
1191 222 1344 247 nonnum!

1238 270 1275 302 de
1287 275 1452 313 praecepto
1466 270 1603 313 officium
1619 273 1646 301 e!
1663 267 1761 300 missa
1777 264 1929 298 Omnium

1238 323 1427 355 Sauclormn
1447 327 1474 355 cl
1489 324 1678 356 Sanctarum
1698 319 1777 352 dicti
1796 316 1930 351 Ordinis

1239 374 1291 406 die
1314 385 1369 407 x111
1396 375 1586 407 novembris.

1421 458 1555 485 Clemens
1576 458 1653 491 Papa
1673 458 1706 484 X.

1316 504 1351 530 ad
1368 505 1542 536 perpetuam
1562 502 1606 528 rei
1626 501 1809 528 memoriam.

1245 582 1449 624 Apostolicae
1475 581 1638 613 servitutis
1669 580 1821 620 osticium,
1847 580 1934 624 quod

1202 634 1373 667 inell'abilis
1400 634 1527 667 divinae
1561 632 1740 665 maiestatis
1764 633 1936 666 clementia

1202 686 1377 720 humilitati
1397 691 1524 718 nostrae
1540 685 1708 728 imponere
1728 685 1860 727 dignata
1879 689 1936 724 est,

1203 739 1302 782 exigit
1325 744 1361 770 ut
1384 744 1567 771 sanctorum
1602 737 1635 770 in
1668 737 1798 770 caelesti
1823 737 1940 770 llieru-

1204 794 1304 826 salem
1330 802 1403 824 cum
1428 791 1555 823 Christo
1580 790 1648 822 Iesu
1669 790 1805 824 Domino
1826 795 1940 822 nostro

1204 844 1410 887 regnantium
1435 845 1554 876 cultum
1581 847 1610 875 et
1637 842 1882 875 venerationem
1907 842 1940 874 in

1205 898 1309 939 terris,
1335 902 1492 940 quantum
1518 896 1612 929 nobis
1637 906 1673 928 ex
1699 896 1765 928 alto
1791 895 1942 928 concedi-

1206 956 1268 990 tur,
1294 961 1486 994 promovere
1512 955 1608 992 atque
1634 949 1792 993 ampliare
1814 949 1943 981 studea-

1206 1014 1287 1036 mus.

1251 1057 1266 1099 g
1298 1056 1328 1088 1.
1363 1056 1475 1098 Itaque
1510 1055 1572 1097 piis
1610 1054 1719 1087 dilecti
1749 1053 1806 1087 filii
1839 1053 1943 1087 nostri

1207 1110 1292 1142 Petri
1326 1109 1407 1141 tituli
1442 1108 1472 1140 S.
1501 1107 1595 1140 Marci
1628 1107 1659 1139 S.
1687 1107 1723 1139 R.
1749 1107 1783 1139 E.
1810 1107 1945 1150 preshy-

1209 1162 1267 1194 teri
1292 1161 1465 1194 cardinalis
1490 1160 1645 1193 Ottoboni
1675 1160 1868 1204 nuncupati,
1887 1159 1945 1192 Or-

1209 1215 1291 1248 dinis
1310 1215 1442 1247 fratrum
1465 1215 1498 1246 B.
1522 1213 1639 1246 Mariae
1658 1213 1696 1245 de
1716 1213 1863 1246 Mercede
1885 1213 1946 1245 Re-

1209 1267 1405 1310 demptionis
1445 1267 1652 1309 Captivorum
1693 1266 1777 1309 apud
1818 1276 1878 1298 nos
1915 1272 1946 1298 et

1209 1322 1324 1354 Sedein
1358 1321 1577 1363 Apostolicam
1602 1319 1816 1362 protectoriS,
1843 1319 1948 1362 preci-

1210 1374 1269 1406 bus
1294 1373 1435 1415 benigne
1461 1377 1656 1410 annuentes,
1687 1382 1722 1404 ac
1747 1371 1842 1404 etiam
1873 1382 1948 1415 sup-

1209 1425 1439 1469 plicationibus
1464 1424 1572 1457 dilecti
1592 1424 1647 1456 tilii
1668 1423 1828 1457 Francisci
1848 1434 1865 1456 a
1881 1435 1949 1456 san-

1211 1485 1260 1511 cto
1290 1478 1396 1510 Marco
1431 1477 1655 1520 procuratoris
1680 1477 1843 1518 generalis
1867 1477 1949 1510 Con-

1212 1531 1412 1574 gregationis
1438 1531 1569 1563 Fratrum
1587 1530 1855 1563 Excalceatorum
1873 1541 1951 1563 nun-

1213 1590 1403 1628 cupatorum
1423 1584 1568 1616 eiusdem
1589 1583 1716 1616 Ordinis
1741 1583 1835 1616 nobis
1853 1594 1951 1626 super

1214 1639 1276 1671 hoc
1297 1637 1463 1670 humiliter
1477 1637 1635 1680 porrectis
1657 1636 1814 1676 inclinati,
1831 1636 1951 1680 ipsum-

1214 1702 1275 1734 que
1315 1690 1521 1723 Franciscum
1559 1695 1807 1732 procuratorem
1830 1700 1848 1722 a
1884 1689 1954 1732 qui-

1214 1744 1321 1777 busvis
1345 1742 1700 1782 excommunicationis,
1726 1742 1951 1786 suspensionis

1214 1803 1246 1831 et
1269 1796 1441 1837 interdicti,
1467 1796 1606 1839 aliisque
1632 1795 1860 1828 ecclesiasticis
1878 1805 1953 1828 sen-

1216 1850 1336 1891 tentiis,
1361 1849 1508 1882 censuris
1528 1854 1557 1881 et
1574 1848 1699 1892 poenis,
1723 1859 1740 1881 a
1756 1848 1825 1881 iure
1845 1848 1896 1880 vel
1913 1849 1952 1880 ab

1215 1903 1357 1943 homine,
1383 1902 1492 1946 quavis
1518 1901 1687 1935 occasione
1711 1901 1761 1934 vel
1787 1902 1883 1934 causa
1912 1902 1954 1934 la-

1217 1958 1267 1997 tis,
1292 1956 1316 1989 si
1342 1956 1459 1999 quibus
1495 1954 1743 1998 quomodolibet
1777 1954 1951 1987 innodatus

1218 2011 1333 2050 existit,
1360 2010 1399 2042 ad
1432 2008 1582 2041 cll'ectum
1614 2007 1839 2051 praesentium
1864 2007 1955 2040 dum-

1217 2068 1302 2096 taxat
1337 2061 1613 2104 consequendum,
1645 2061 1763 2093 barum
1794 2060 1878 2093 serie
1904 2061 1954 2092 ab·

1218 2117 1381 2149 solventes
1415 2120 1447 2147 et
1470 2114 1652 2147 ahsolutum
1678 2114 1747 2146 sore
1772 2118 1953 2153 censentes,

1219 2175 1254 2201 ut
1278 2169 1311 2201 in
1348 2168 1490 2200 futurum
1522 2177 1634 2199 omnes
1671 2172 1702 2199 et
1735 2167 1855 2209 singuli
1892 2172 1956 2199 tam

1219 2221 1356 2255 Calceati
1381 2232 1476 2264 quam
1501 2220 1679 2253 Excalceati
1704 2220 1820 2254 fratres
1840 2225 1873 2254 et
1891 2230 1957 2253 mo-

1220 2277 1322 2309 niales
1347 2274 1476 2307 Ordinis
1510 2274 1643 2317 praefati
1669 2275 1770 2307 semel
1791 2274 1825 2306 in
1849 2285 1955 2315 anno,

1221 2339 1339 2371 nempe
1364 2328 1415 2361 die
1440 2337 1497 2360 xni
1522 2327 1642 2359 mensis
1666 2327 1863 2367 novembris,
1888 2327 1958 2360 offi-

1221 2383 1304 2415 cium
1330 2387 1362 2414 et
1385 2381 1513 2413 missam
1539 2379 1687 2412 Omnium
1708 2379 1901 2413 Sanctorum
1925 2385 1958 2412 et

1221 2435 1410 2469 Sanctarum
1424 2433 1566 2465 eiusdem
1592 2431 1728 2472 Ordinis,
1747 2432 1833 2465 iuxta
1852 2432 1960 2465 rubri-

1222 2499 1274 2521 cas
1300 2486 1450 2520 breviarii
1476 2491 1507 2518 et
1530 2485 1666 2518 missalis
1692 2485 1793 2528 ipsius
1817 2485 1957 2528 Ordinis,

1224 2542 1280 2575 sub
1303 2541 1365 2573 ritu
1401 2538 1524 2581 duplici
1550 2538 1688 2571 recitare
1723 2543 1755 2570 et
1778 2538 1959 2582 respective

1224 2595 1402 2633 celebrare,
1430 2598 1457 2625 et
1486 2592 1589 2636 quoad
1616 2591 1861 2635 dispositionem
1883 2591 1960 2626 dicti

1935 214 1984 240 Αη.
2000 213 2028 240 C.
2051 211 2121 239 ¹675

1971 590 2090 612 Exordium.

1997 1063 2093 1088 Indulget
2115 1063 2138 1083 ut

1955 1091 1975 1112 in
1991 1090 2085 1111 rubrica.
