2279 3260
244 268 293 294 An.
318 267 345 295 C.
366 270 432 296 ιιιῖῦ

480 261 542 294 570
1022 270 1200 295 priimum
1225 269 1375 294 noiitxrii
1961 269 2009 297 An.
2027 270 2054 297 c.
2078 272 2146 298 1075

439 319 619 362 praedictas
638 331 736 363 super
760 320 1005 354 confirmatione
1024 330 1059 351 ae
1082 319 1173 350 inno-

438 372 564 406 vatione
591 373 835 416 privilegiorum
869 371 1052 405 huiusmodi
1088 382 1174 402 ema-

440 430 550 465 natas,
581 436 708 459 necnon
734 426 854 459 litteras
884 423 1102 467 deputationis
1135 422 1173 453 de

440 480 578 520 persona
603 479 710 512 dilecti
734 479 790 511 filii
816 477 918 510 Caroli
942 475 1100 509 Francisci
1120 474 1174 507 Ce-

441 542 497 563 vae
523 532 669 564 canonici
688 531 844 564 eeclesiae
872 529 1117 562 Mediolanensis
1144 529 1173 560 iu

442 583 578 616 iudicem
611 583 797 616 monasterii
830 593 865 614 ac
899 581 1095 625 parochialis
1125 592 1175 613 ec-

442 636 560 669 clesiae
591 635 773 669 huiusmodi
800 635 909 677 eisque
942 644 1140 667 annexorum
1159 646 1175 666 a

442 688 614 731 praedictis
638 687 854 721 cardinalibus
881 687 1117 730 protectoribus
1136 688 1176 718 t'a-

442 746 511 773 ctae
530 741 560 773 iu
580 741 656 773 actis
674 741 742 773 eius
762 740 868 772 curiae
887 739 1083 782 episcopalis
1101 740 1177 771 Lau-

443 793 550 826 densis
581 793 773 830 insinuabat,
793 802 946 835 praesens
970 793 1094 834 aderat)
1118 792 1177 824 sub

442 846 537 878 certis
561 846 778 889 praetextibus
804 846 873 888 rapi
904 857 939 877 ac
962 845 1176 878 nialetractari

442 904 471 931 et
490 899 521 931 in
540 909 702 931 carcerem
720 899 849 931 detrudi
868 899 1003 939 curavit,
1018 904 1050 932 et
1071 899 1179 932 subin-

442 952 481 984 de
513 951 728 985 visitationem
762 951 864 984 dictae
901 952 1058 985 ecclesiae
1086 963 1178 995 paro-

441 1004 566 1045 cuiatis
590 1005 723 1047 eiusque
747 1005 968 1047 cappellarum
993 1016 1048 1037 scu
1072 1010 1178 1037 orato-

442 1056 565 1089 riorum
591 1058 629 1089 ab
649 1057 702 1090 illa
731 1057 993 1100 dependentium,
1015 1068 1071 1090 seu
1096 1057 1177 1090 intra

443 1109 529 1142 illius
548 1109 627 1143 lines
645 1110 900 1150 consistentium,
915 1122 950 1143 ac
967 1121 1178 1154 personarum

444 1162 508 1195 illis
539 1163 785 1202 inserventium,
805 1175 900 1206 quam
930 1164 1066 1196 dilectus
1094 1163 1177 1196 silius

443 1215 574 1248 Carolus
591 1216 776 1249 Franciscus
790 1217 870 1249 (leva
888 1217 983 1249 iudex
1002 1218 1040 1249 ab
1059 1217 1178 1249 eisdem

444 1268 662 1301 cardinalibus
679 1269 850 1311 deputatus
869 1269 997 1302 illorum
1012 1269 1098 1301 iussu
1117 1269 1179 1302 obi-

443 1321 509 1361 bat,
530 1332 588 1364 per
606 1332 681 1354 sues
699 1321 865 1354 ministros
885 1321 1034 1361 turbare,
1054 1333 1090 1354 ac
1110 1322 1178 1364 ipse

444 1374 656 1416 postmodum,
684 1376 845 1417 assumpta
870 1374 1001 1407 militari
1027 1385 1122 1406 manu
1149 1380 1179 1406 et

445 1427 530 1458 velut
561 1426 807 1459 insultabundus
833 1427 980 1459 eamdem
1012 1427 1179 1470 parocbia-

444 1479 508 1511 lem
527 1479 696 1511 ecclesiam
721 1479 873 1522 illiusque
894 1480 1105 1523 presbyteros
1124 1491 1177 1512 sen

444 1533 652 1574 cappellanos
680 1538 711 1565 et
739 1543 896 1575 perscuas
927 1532 1032 1565 modis
1070 1533 1181 1566 incon-

444 1584 532 1626 gruis
557 1584 696 1623 visitare,
731 1585 841 1627 eisque
869 1590 1025 1617 terrorem
1058 1585 1181 1618 incute-

444 1647 487 1675 re,
515 1642 547 1670 et
575 1637 629 1680 qui
656 1638 694 1670 ad
722 1638 788 1670 eius
812 1638 997 1670 mandatum
1015 1649 1083 1671 sese
1113 1639 1180 1671 eins

446 1690 609 1722 violentiis
639 1701 702 1723 non
733 1691 908 1731 sistebant,
935 1703 951 1723 a
976 1691 1089 1724 divinis
1112 1703 1181 1725 sus-

444 1742 597 1785 pendere,
625 1754 680 1776 seu
708 1748 743 1775 ut
759 1753 792 1775 se
822 1742 974 1776 sisterent
998 1744 1057 1776 sub
1075 1747 1180 1787 poena

445 1847 532 1887 dare,
552 1859 588 1880 ac
613 1848 832 1889 interdictum,
857 1850 943 1892 quod
968 1850 1070 1883 dictus
1091 1850 1180 1884 Caro-

443 1900 492 1932 lus
513 1900 700 1933 Franciscus
732 1900 826 1934 iudex
850 1913 868 1934 a
884 1902 1058 1944 praedictis
1077 1904 1180 1936 cardi-

444 1953 571 1986 nalibus
585 1953 826 1996 protectoribus
854 1954 1025 1997 deputatus
1044 1962 1181 1999 propter

444 2016 590 2038 excessus
623 2018 640 2039 a
671 2007 888 2040 confratribus
913 2008 1081 2041 cuiusdam
1105 2020 1181 2042 con-

444 2058 654 2092 fraternitatis
702 2059 786 2092 intra
829 2060 946 2093 limites
991 2062 1179 2103 praedictae

443 2112 640 2155 parochialis
664 2113 818 2145 ecclesiae
845 2119 969 2146 erectae
990 2115 1179 2148 commissos

443 2165 598 2198 canonice
639 2166 775 2205 tulerat,
811 2165 931 2199 violare
972 2178 1030 2199 seu
1065 2168 1178 2202 violari

443 2229 576 2258 curare,
605 2218 750 2261 aliosque
784 2228 935 2252 excessus
975 2222 1178 2255 committere

441 2269 677 2313 praesumpsit,
716 2270 747 2302 in
781 2271 1004 2313 gravissimum
1047 2274 1177 2316 collegii

442 2324 598 2367 praedicti
627 2323 856 2357 detrimentum
882 2335 919 2357 ac
943 2325 1178 2360 iurisdictionis

443 2383 472 2409 et
491 2376 661 2420 potestatis
677 2376 769 2409 dictis
784 2376 1002 2410 cardinalibus
1017 2384 1180 2421 protecto-

442 2431 530 2462 ribus
549 2430 586 2462 ab
605 2430 789 2473 Apostolica
805 2430 886 2463 Sede
904 2431 1092 2465 attributae¹
1110 2433 1179 2466 vili-

440 2483 604 2526 pendium,
630 2488 861 2526 contemptum,
879 2494 1005 2517 necnon
1031 2485 1064 2518 in
1085 2486 1179 2519 liber-

443 2537 515 2569 tatis
542 2543 573 2569 et
597 2537 807 2569 immunitatis
831 2538 987 2571 ecclesiae
1015 2539 1175 2580 damnum,

441 2590 677 2634 praeiudicium
702 2595 733 2623 et
759 2601 942 2633 gravamen.
1089 2618 1118 2626 ,ν

478 2653 488 2679 1
510 2652 576 2680 Male
596 2652 659 2679 edit.
682 2653 763 2679 Mun.
786 2653 849 2687 legit
869 2653 1011 2681 alca-ibzcla
1034 2657 1068 2690 gn.
1090 2654 1137 2689 r).

1259 317 1274 360 ἓ
1305 317 1335 350 2.
1363 318 1459 352 Nobis
1487 324 1658 362 propterea
1690 319 1765 352 dicti
1802 319 1951 352 cardina·
1988 330 2148 351 Precoscardi-

1218 370 1262 402 les
1288 375 1490 413 protectores
1516 371 1681 404 humiliter
1716 371 1949 415 supplicarunt,
1962 357 2053 404 ‘Sil'r‘ll'l
2078 359 2148 383 proto-

1218 423 1306 455 utin
1340 424 1522 466 praemissis
1557 431 1740 469 opportune
1777 425 1952 468 providere

1218 476 1256 508 de
1289 476 1487 518 benignitate
1521 478 1698 520 apostolica
1728 478 1950 519 dignaremur.

1262 527 1276 571 ξ
1293 527 1324 561 3.
1345 528 1407 561 Nos
1425 529 1533 571 igitur,
1553 540 1592 562 ne
1612 529 1735 562 interea
1759 530 1834 563 dum
1857 541 1954 573 super
2001 540 2095 561 Pontirox
2112 541 2150 561 ‹10-

1218 580 1401 624 praemissis
1438 586 1470 613 et
1504 581 1633 614 illorum
1668 582 1838 615 occasione
1871 566 2149 615 interiiiiisslmmm'

1219 634 1382 676 praefatos
1396 633 1577 667 cardinales
1597 639 1795 677 protectores
1820 646 1855 668 ex
1882 637 1954 676 una,

1219 698 1255 719 ac
1272 687 1391 719 dictum
1412 687 1698 720 Bartliolomaeum
1713 688 1902 732 episcopum
1917 700 1953 721 ex

1219 740 1318 772 altera
1336 739 1480 782 partibus
1499 739 1705 783 disceptatur,
1722 741 1784 773 alia
1800 746 1832 773 et
1849 741 1955 774 forsan

1220 792 1368 836 graviora
1388 798 1561 825 nascantur
1579 793 1794 834 incommoda,
1814 804 1851 826 ex
1869 804 1956 827 com-

1221 845 1308 878 missi
1323 845 1416 878 nobis
1436 844 1586 878 divinitus
1604 845 1776 888 pastoralis
1794 846 1888 879 officii
1907 847 1957 880 de-

1221 899 1286 931 bito
1328 898 1496 941 providere
1537 898 1726 941 cupientes,
1776 899 1956 933 huiusmodi

1221 952 1512 995 supplicationibus
1547 951 1713 992 inclinati,
1738 962 1774 984 ac
1805 952 1957 995 praefatis

1221 1006 1356 1049 aliisque
1382 1005 1473 1038 iustis
1501 1010 1533 1038 et
1558 1005 1803 1039 rationabilibus
1829 1016 1865 1038 ex
1887 1016 1958 1038 eau-

1221 1059 1263 1091 sis
1289 1058 1381 1091 nobis
1408 1058 1491 1091 notis
1517 1058 1656 1098 adducti,
1670 1063 1702 1091 et
1727 1059 1958 1092 controversia·

1222 1122 1291 1144 rum
1317 1111 1501 1143 huiusmodi
1530 1111 1697 1154 litiumque
1730 1112 1870 1155 desuper
1895 1113 1958 1144 l'or-

1222 1175 1278 1196 san
1304 1169 1487 1196 exortarum
1514 1169 1543 1196 et
1562 1164 1774 1206 pendentium
1793 1170 1908 1197 statum
1927 1170 1959 1198 et

1223 1217 1355 1256 merita,
1393 1217 1590 1260 nominaque
1626 1222 1658 1250 et
1694 1218 1887 1259 cognomina
1923 1229 1960 1250 ae

1223 1271 1393 1312 qualitates
1418 1269 1558 1302 iudicum
1584 1275 1615 1301 et
1640 1270 1900 1311 conjugantium,
1926 1282 1959 1302 a-

1222 1323 1304 1355 liave
1337 1332 1559 1365 quaecumque
1592 1322 1689 1354 etiam
1715 1322 1896 1365 specificam
1929 1327 1961 1356 et

1222 1375 1417 1408 individuam
1436 1374 1635 1407 mentionem
1661 1380 1693 1407 et
1717 1376 1960 1418 expressionem

1223 1427 1441 1470 requirentia,
1474 1427 1700 1469 praesentibus
1725 1438 1783 1470 pro
1808 1429 1905 1470 plene
1930 1434 1962 1461 et

1223 1480 1417 1513 sufficienter
1442 1479 1602 1522 expressis
1628 1485 1660 1512 et
1683 1480 1875 1523 specificans
1906 1481 1961 1513 ha-

1223 1534 1355 1571 bentes,
1392 1538 1447 1571 ut,
1483 1532 1702 1575 pendentibus
1729 1534 1960 1566 controversiis

1223 1596 1278 1618 seu
1300 1585 1408 1618 litibus
1434 1585 1629 1625 huiusmodi,
1645 1591 1676 1618 et
1699 1585 1829 1618 interim
1847 1587 1886 1618 ad
1904 1596 1960 1619 no-

1223 1643 1325 1670 strum
1343 1644 1375 1671 et
1392 1637 1482 1670 Sedis
1496 1638 1695 1680 Apostolicae
1710 1637 1959 1681 beneplacitum,

1223 1701 1282 1733 pro
1318 1696 1406 1733 parte
1444 1691 1633 1723 eorumdem
1666 1692 1898 1724 modernorum
1930 1696 1961 1724 et

1202 1755 1282 1792 ¹pro
1315 1749 1460 1786 tempore
1500 1743 1704 1776 existentium
1731 1744 1806 1777 dicti
1831 1744 1960 1787 collegii

445 1795 669 1838 suspensionis
693 1808 710 1828 a
735 1796 849 1828 divinis
880 1797 1065 1830 huiusmodi
1091 1809 1180 1830 man-
1202 1794 1203 1816 t

1223 1801 1442 1840 protectorum
1468 1807 1504 1829 ac
1528 1796 1718 1830 vicariorum
1743 1808 1800 1830 seu
1819 1798 1962 1840 provica-

1224 1850 1357 1890 riorum,
1382 1849 1587 1892 aliorumque
1611 1850 1879 1893 presbyterorum
1905 1861 1961 1883 seu

1223 1903 1490 1946 cappellanorum
1517 1908 1548 1935 et
1567 1903 1790 1936 ministrorum
1811 1913 1962 1946 quorum-

1223 1967 1361 1999 cumque
1386 1956 1425 1988 ad
1450 1966 1560 1988 curam
1591 1955 1770 1988 animarum
1794 1966 1830 1989 ac
1854 1956 1961 1989 divina

1224 2010 1327 2043 officia
1353 2009 1385 2042 in
1409 2009 1595 2052 supradicta
1613 2009 1749 2042 ecclesia
1767 2009 1957 2052 parochiali,

1224 2063 1337 2106 illique
1361 2063 1506 2102 annexis,
1525 2073 1561 2095 ac
1579 2062 1662 2094 intra
1679 2063 1766 2095 illius
1786 2062 1865 2096 sines
1884 2074 1961 2096 con—

1222 2115 1419 2154 sistentibus,
1447 2120 1479 2148 et
1510 2126 1528 2147 a
1560 2115 1725 2157 praedicto
1759 2116 1960 2150 monasterio

1224 2167 1468 2211 quomodolibet
1514 2167 1774 2210 dependentibus
1799 2169 1957 2210 ecclesiis,

1223 2231 1280 2253 seu
1306 2220 1463 2263 cappellis
1488 2225 1519 2252 et
1543 2220 1701 2260 oratoriis,
1718 2220 1854 2264 aliisque
1880 2222 1960 2254 locis

1222 2273 1284 2317 piis
1302 2273 1569 2316 quibuscumque,
1589 2274 1768 2307 exercenda
1783 2280 1815 2307 et
1835 2275 1959 2308 obeun-

1223 2327 1262 2359 da
1282 2325 1469 2369 respective,
1488 2336 1612 2359 necnon
1629 2327 1899 2361 concionatorum
1920 2329 1959 2362 ad

1222 2379 1355 2412 verbum
1372 2378 1427 2411 Dei
1446 2378 1524 2410 inibi
1542 2380 1796 2422 praedicandum
1813 2391 1873 2424 per
1890 2392 1961 2415 eos-

1222 2433 1294 2465 dem
1313 2432 1491 2465 cardinales
1509 2432 1735 2475 deputatorum
1754 2439 1785 2466 ct
1802 2434 1960 2477 deputan-

1222 2486 1347 2525 dorum,
1360 2495 1418 2528 pro
1436 2485 1581 2528 ipsorum
1600 2486 1797 2519 vicariorum
1814 2498 1871 2520 seu
1885 2499 1960 2531 pro-

1222 2538 1411 2571 vicariorum
1452 2538 1657 2583 aliorumque
1690 2541 1957 2584 presbyterorum

1221 2603 1280 2625 seu
1303 2592 1569 2635 cappellanorum
1596 2598 1627 2626 et
1650 2594 1872 2628 ministrorum
1906 2607 1960 2638 ap-

1222 2645 1424 2688 probatione,
1434 2646 1653 2690 pastoralique
1665 2646 1891 2681 benedictione
1900 2658 1960 2692 per
