2279 3260
472 251 536 285 572

437 311 607 343 ctionalem
634 310 750 351 tmere,
776 315 832 342 aut
855 307 989 342 vicarios
1014 317 1069 340 seu
1090 316 1172 349 pro—

436 364 584 399 vicarios,
610 364 828 407 presbyteros,
851 362 1069 405 cappellanos,
1095 368 1173 392 con-

438 417 633 457 cionatores,
667 417 812 459 aliosque
844 414 1007 448 ministros
1043 410 1172 453 collegii

438 470 593 513 praedicti
620 469 730 513 quovis
757 467 902 511 quaesito
927 467 1056 505 colore,
1082 474 1173 507 prae-

439 529 525 556 textu
551 523 600 556 vel
626 522 767 565 ingenio,
787 520 908 552 directe
933 519 984 551 vel
1002 517 1170 556 indirecte,

438 588 494 609 seu
520 576 598 608 :ilias
624 572 866 618 quomodolibet
890 572 1077 609 molestare,
1101 578 1174 612 per-

439 627 568 659 turbare
605 627 653 658 vel
689 623 868 667 inquietare
905 622 1021 654 audeat
1058 618 1173 663 quovis

438 680 534 712 modo
559 689 613 710 seu
639 681 834 720 praesumat.

283 745 427 766 emmenum„
483 732 544 775 {Tu
566 732 608 763 Ae
632 730 845 762 decernentes
873 727 1001 761 easdem
1024 734 1175 770 praesen-

243 773 370 818 i'ii‘iss‘iiiii'i„
392 772 427 817 [iil
440 790 487 817 tcs
515 785 643 821 litteras,
662 787 693 814 et
713 781 744 813 in
764 781 810 813 eis
828 786 978 814 contenta
1004 788 1175 823 quaecum-

246 825 349 848 ''“¹'¹'¹'‘²'
405 831 427 834 *¹
544 836 637 868 etiam
664 845 700 867 ex
728 845 766 867 co
791 835 877 877 quod
904 833 1174 866 Bartholomaeus

440 891 610 933 episcopus
636 894 667 921 et
691 887 743 920 alii
769 887 916 930 praestiti,
945 897 1003 919 seu
1029 885 1081 918 alii
1107 884 1176 927 qui-

439 952 579 985 cumque
605 941 636 973 in
661 939 848 984 praemissis
882 950 938 972 seu
976 948 1087 971 eorum
1111 937 1175 970 ali—

439 996 519 1038 quo¹
546 994 595 1026 ius
615 994 666 1026 vel
684 993 844 1025 interesse
865 993 1022 1025 habentes
1044 1001 1100 1023 seu
1122 990 1177 1023 lia-

438 1048 515 1081 bere
542 1046 802 1090 praetendentes,
818 1045 882 1078 illis
907 1055 971 1077 non
996 1053 1176 1077 consense-

439 1101 515 1142 rint,
543 1111 603 1133 nee
628 1100 667 1133 ad
697 1110 734 1132 ea
758 1098 873 1138 vocati,
898 1097 984 1131 citati
1010 1102 1042 1130 et
1065 1095 1175 1136 auditi,

439 1164 547 1197 neque
573 1163 701 1193 causae,
730 1157 866 1196 propter
885 1161 964 1195 quas
988 1154 1176 1194 praesentes

440 1206 632 1246 emanarint,
653 1205 850 1238 sufficienter
881 1204 1047 1243 adductae,
1074 1201 1178 1235 verifi-

440 1263 529 1292 catae
555 1263 610 1291 aut
627 1256 815 1291 iustificatae
834 1257 962 1298 suerint,
980 1256 1029 1289 vel
1055 1266 1092 1288 ex
1117 1254 1179 1287 alia

441 1322 644 1355 quacumque
671 1311 766 1344 etiam
791 1310 957 1354 quantavis
981 1308 1117 1341 iuridica
1148 1312 1179 1339 et

440 1365 644 1409 privilegiata
672 1366 776 1403 causa,
804 1364 925 1403 colore,
952 1366 1122 1406 praetextu
1148 1365 1179 1393 et

441 1417 556 1461 capite,
581 1418 678 1450 etiam
713 1417 746 1449 in
778 1426 916 1460 corpore
953 1415 1032 1448 iuris
1058 1415 1179 1453 clauso,

442 1472 538 1504 ctiam
565 1470 715 1509 enormis,
744 1469 987 1502 enormissimae
1013 1473 1045 1500 et
1072 1467 1180 1500 totalis

441 1524 607 1564 laesionis,
628 1523 665 1556 de
691 1522 909 1566 subreptionis
934 1522 985 1554 vel
1016 1519 1181 1563 obreptio-

442 1577 493 1610 nis
518 1582 572 1610 aut
595 1576 749 1609 nullitatis
784 1575 870 1615 vitio,
905 1585 959 1607 seu
991 1573 1180 1607 intentionis

442 1637 572 1664 nestrae
604 1636 658 1663 aut
688 1629 847 1662 interesse
882 1627 1074 1660 habentium
1107 1637 1182 1660 con-

443 1695 564 1724 sensus,
592 1683 696 1716 aliove
723 1682 870 1726 quolibet
894 1681 990 1714 etiam
1017 1685 1183 1724 quantum-

442 1739 490 1770 vis
528 1748 643 1780 magno
669 1743 698 1770 et
724 1735 926 1768 substantiali
951 1740 982 1768 et
1006 1734 1182 1777 incogitato

444 1802 480 1824 ae
501 1789 752 1833 inexcogitabili,
772 1788 1033 1831 individuamque
1053 1797 1185 1831 expres-

444 1843 569 1878 sionem
595 1842 799 1886 requirente,
828 1841 953 1874 desectu
979 1841 1098 1881 notari,
1125 1840 1184 1873 im-

444 1896 595 1940 pugnari,
612 1895 753 1938 infringi,
769 1894 945 1935 retractari,
956 1894 1100 1935 limitari,
1116 1905 1185 1927 mo-

446 1949 578 1989 dificari,
606 1949 637 1981 in
663 1947 915 1981 controversiam
932 1947 1050 1987 vocari,
1071 1958 1126 1980 seu
1145 1947 1183 1979 ad

446 2002 604 2036 terminos
621 2001 699 2034 iuris
716 2001 836 2041 reduci,
856 2006 909 2033 aut
935 2001 1088 2034 adversus
1114 2000 1185 2034 illas

446 2055 636 2099 aperitionis
651 2054 727 2093 oris,
737 2053 950 2086 restitutionis
966 2053 997 2085 in
1011 2053 1184 2096 integrum,

447 2109 576 2142 aliudve
597 2107 825 2151 quodcumque
844 2107 930 2145 iuris,
949 2107 1024 2140 sacti
1040 2108 1090 2140 vel
1116 2118 1186 2150 gra-

448 2163 511 2196 tiae
544 2160 724 2194 remedium
748 2160 901 2194 intentari
927 2161 977 2193 vel
1009 2160 1185 2204 impetrari,

449 2227 506 2249 seu
516 2215 697 2258 impetrato,
710 2212 782 2246 aut⁹
797 2213 893 2246 etiam
911 2214 1145 2257 motuproprio
1156 2219 1187 2247 et

450 2269 488 2302 de
506 2267 702 2311 apostolicae
716 2266 885 2310 potestatis
896 2266 1100 2309 plenitudine
1117 2277 1187 2300 con-

450 2332 538 2354 cesso
555 2322 604 2353 vel
619 2324 779 2359 emanato,
800 2319 985 2363 quempiam
1009 2319 1042 2352 in
1066 2320 1186 2353 iudicio

449 2377 502 2408 wi
527 2380 617 2407 extra
640 2373 720 2406 illud
752 2372 798 2404 uti
833 2382 891 2405 seu
923 2382 956 2405 se
988 2372 1095 2405 iuvare
1119 2374 1186 2406 ullo

450 2428 548 2461 modo
573 2425 704 2459 minime
728 2435 844 2468 posse3
861 2424 917 2457 sed
936 2424 1020 2468 ipsas
1033 2436 1187 2468 praesen-

452 2486 498 2514 tes
525 2481 652 2513 litteras
684 2477 808 2518 firmas,
843 2477 964 2510 validas
988 2482 1019 2510 et
1044 2477 1187 2511 efficaces

452 2533 589 2567 existere
613 2537 646 2565 et
674 2531 755 2571 sore,
787 2540 926 2573 suosque
961 2530 1124 2574 plenarios
1157 2536 1189 2564 et

240 262 278 288 lm
307 262 333 287 C.
359 262 426 289 1675

245 851 327 876 supplet
359 848 512 880 unumque,

246 883 388 903 quusi-umque
402 877 429 897 le-

245 904 319 923 sertus.

488 2606 498 2630 1
523 2602 595 2630 Edit.
616 2601 699 2629 Maia.
722 2601 787 2636 legit
806 2600 924 2635 aliquod
944 2601 980 2635 (a.
1002 2602 1052 2636 Τ.).

487 2648 503 2675 2
524 2647 651 2675 Voculam
671 2649 721 2674 aut
741 2654 790 2673 nos
809 2645 932 2672 addimus
950 2645 987 2679 (n.
1008 2645 1053 2680 1.).

1011 257 1190 283 mmmmm!
1215 256 1366 282 ROMANIVM

1213 304 1359 347 integros
1384 304 1513 339 effectus
1538 307 1645 340 sortiri
1671 312 1703 339 et
1727 306 1884 346 obtinere,
1910 316 1947 339 ac

1215 357 1288 397 illis,
1303 358 1341 391 ad
1367 370 1448 402 quos
1473 366 1599 404 spectat
1624 366 1654 393 et
1678 359 1839 404 spectabit
1857 359 1887 391 in
1907 358 1948 391 l'u-

1216 415 1331 450 turmn,
1354 412 1542 454 plenissime
1569 412 1748 455 suffragari,
1776 423 1813 446 ac
1837 412 1876 445 ab
1901 412 1947 445 cis

1215 464 1391 505 respective
1416 464 1449 496 in
1474 465 1623 498 omnibus
1641 471 1672 498 ct
1688 476 1748 509 per
1768 465 1877 498 omnia
1901 465 1949 497 in-

1215 515 1409 549 violabiliter
1440 523 1472 550 et
1503 517 1695 551 inconcusse
1727 518 1892 551 observari
1919 523 1951 551 et

1216 568 1396 611 adimpleri,
1411 569 1523 612 sieque
1541 575 1573 602 et
1597 581 1662 603 non
1691 571 1783 604 aliter
1808 571 1840 604 in
1859 582 1950 615 prae-

1216 621 1321 653 missis
1354 623 1488 661 censeri,
1515 627 1608 666 atque
1629 623 1672 656 ita
1696 634 1756 667 per
1779 635 1951 667 quoscum-

1218 685 1278 717 que
1293 674 1412 708 iudiees
1426 675 1607 709 ordinarios
1621 681 1652 709 et
1665 677 1841 719 delegatos
1855 677 1950 710 etiam

1217 736 1386 760 causarum
1404 728 1514 771 palatii
1533 729 1702 772 apostolici
1720 729 1896 771 auditores,
1915 740 1952 763 ac

1217 779 1248 812 S.
1268 780 1304 812 R.
1325 781 1359 814 E.
1386 782 1546 824 praefatae
1571 782 1764 822 cardinales,
1791 782 1887 815 etiam
1912 783 1951 816 de

1219 835 1320 867 latere
1334 837 1465 877 legatos,
1483 840 1513 867 et
1530 835 1610 868 alios
1624 835 1788 878 quoslibet
1801 846 1954 878 quacum-

1218 898 1280 930 que
1305 888 1559 931 praeeminentia
1584 893 1614 920 et
1638 893 1799 930 potestate
1818 888 1954 931 fungen-

1220 946 1266 973 tes
1292 946 1323 973 et
1348 942 1526 981 sunctums,
1555 942 1679 974 sublata
1710 941 1756 973 eis
1789 945 1821 974 et
1843 951 1956 974 eorum

1219 993 1352 1026 cuilibet
1380 994 1490 1036 quavis
1517 993 1609 1026 aliter
1630 992 1792 1026 iudicandi
1810 998 1842 1026 et
1858 993 1958 1026 inter-

1220 1046 1369 1089 pretandi
1388 1046 1541 1078 facultate
1567 1051 1596 1078 et
1621 1046 1822 1086 auctoritate,
1838 1046 1958 1079 iudica-

1220 1099 1246 1131 ri
1273 1105 1304 1132 et
1329 1099 1455 1132 deliniri
1474 1099 1595 1132 debere
1610 1126 1619 1138 ,
1641 1109 1677 1131 ae
1693 1099 1820 1131 irritum
1838 1104 1870 1132 et
1889 1099 1957 1132 ina-

1221 1163 1260 1185 ne
1281 1152 1305 1185 si
1327 1163 1418 1185 secus
1437 1162 1533 1195 super
1554 1151 1603 1184 his
1621 1162 1638 1184 a
1658 1162 1834 1195 quoquam,
1847 1152 1957 1195 quavis

1222 1205 1423 1245 auctoritate,
1438 1205 1579 1238 scienter
1603 1205 1651 1237 rel
1669 1205 1868 1247 ignoranter,
1882 1215 1958 1238 con-

1222 1258 1331 1301 tigerit
1354 1258 1518 1291 attentari.

1265 1311 1325 1354 56.
1352 1311 1423 1343 Non
1447 1310 1653 1343 obstantibus
1679 1320 1958 1354 quarumcumque

1222 1364 1325 1397 litium
1365 1363 1550 1407 pendentia,
1576 1363 1712 1406 aliisque
1748 1363 1958 1406 praemissis,

1223 1428 1270 1458 ac,
1287 1422 1444 1461 quatenus
1458 1427 1540 1460 opus
1557 1416 1605 1456 sit,
1625 1418 1735 1453 nostra
1752 1422 1784 1449 et
1801 1417 1960 1450 cancella-

1224 1471 1290 1503 riae
1315 1470 1515 1514 apostolieae
1536 1470 1649 1512 regula
1669 1469 1707 1502 de
1727 1469 1794 1502 iure
1812 1471 1960 1513 quaesito

1224 1534 1290 1556 non
1316 1523 1475 1564 tollendo,
1502 1523 1612 1556 aliisve
1643 1522 1841 1566 apostolicis,
1867 1533 1903 1556 ac
1928 1523 1960 1556 in

1224 1576 1460 1609 universalibus
1475 1575 1795 1620 provincialibusque
1814 1581 1850 1609 ac'
1867 1587 1962 1620 syno-

1225 1630 1351 1664 dalibus
1375 1630 1522 1663 conciliis
1556 1629 1659 1670 editis,
1682 1629 1886 1672 generalibus
1910 1631 1960 1663 vel

1225 1684 1430 1727 specialibus,
1455 1683 1741 1718 constitutionibus
1778 1688 1809 1716 et
1833 1684 1962 1722 ordina-

1227 1737 1383 1777 tionibus,
1409 1747 1537 1769 necnon
1557 1735 1731 1779 quibusvis,
1758 1736 1855 1770 etiam
1878 1736 1962 1770 iura-

1226 1795 1347 1830 mento,
1364 1789 1608 1822 confirmatione
1626 1789 1815 1832 apostolica,
1826 1790 1875 1823 vel
1888 1800 1961 1833 qua-

1226 1843 1273 1876 vis
1298 1843 1449 1875 firmitate
1485 1842 1547 1875 alia
1581 1842 1753 1883 roboratis,
1781 1843 1905 1876 statutis
1931 1848 1963 1876 et

1228 1895 1527 1936 consuetudinibus,
1548 1895 1639 1939 stylis
1664 1901 1696 1928 et
1718 1896 1842 1937 usibus,
1866 1895 1962 1929 etiam

1227 1948 1548 1988 immemorabilibus,
1566 1948 1744 1991 privilegiis
1757 1958 1898 1991 quoque,
1915 1947 1963 1980 in-

1228 2003 1324 2035 dultis
1346 2008 1377 2035 et
1397 2001 1510 2034 litteris
1525 2000 1724 2044 apostolicis,
1744 2000 1841 2033 etiam
1859 2001 1963 2033 eccle-

1228 2055 1293 2088 siae
1328 2054 1486 2087 Laudensi
1522 2053 1655 2096 eiusque
1690 2053 1895 2096 praesulibus
1933 2059 1964 2086 et

1229 2108 1299 2141 aliis
1329 2106 1479 2151 personis
1506 2105 1714 2149 quibuslibet,
1741 2106 1799 2137 sub
1825 2105 1960 2148 quibus-

1229 2171 1365 2204 cumque
1391 2160 1564 2193 verborum
1596 2159 1762 2191 tenoribus
1787 2164 1818 2191 et
1843 2159 1963 2200 formis,

1229 2219 1261 2247 et
1280 2224 1353 2246 cum
1378 2212 1540 2256 quibusvis
1561 2211 1656 2244 etiam
1684 2212 1966 2254 derogatoriarum

1230 2265 1457 2309 derogatoriis,
1480 2264 1614 2308 aliisque
1642 2264 1885 2306 efficacioribus,
1901 2265 1967 2298 effi-

1230 2318 1404 2352 cacissimis
1430 2323 1462 2350 et
1486 2317 1623 2350 insolitis
1649 2317 1812 2358 clausulis,
1837 2317 1967 2350 irritan-

1229 2371 1378 2414 tibusque
1404 2375 1436 2403 et
1459 2369 1529 2402 aliis
1546 2369 1695 2410 decretis,
1711 2370 1743 2402 in
1768 2370 1968 2403 contrarium

1229 2424 1491 2468 praemissorum,
1506 2424 1539 2456 in
1569 2434 1688 2466 genere
1712 2424 1763 2456 vel
1787 2423 1820 2456 in
1847 2424 1966 2467 speeie,

1231 2489 1268 2512 ae
1292 2477 1371 2511 alias
1390 2476 1636 2521 quomodolibet
1655 2475 1828 2517 concessis,
1851 2476 1968 2510 confir-

1231 2530 1326 2564 matis
1353 2535 1385 2563 et
1408 2529 1587 2570 innovatis,
1615 2529 1734 2573 quibus
1760 2529 1912 2562 omnihus
1936 2534 1968 2563 et.

1232 2583 1379 2626 singulis,
1406 2582 1531 2615 etiamsi
1556 2593 1618 2626 pro
1643 2583 1771 2616 illorum
1797 2582 1967 2615 sufficienti

1233 2635 1446 2679 derogatione
1472 2636 1510 2669 dc
1535 2635 1599 2670 illis
1624 2646 1803 2679 eorumque
1829 2634 1904 2669 totis
1922 2639 1967 2670 te·

1952 257 2001 284 An.
2021 257 2050 284 C.
2072 256 2140 284 ¹675

2021 1318 2153 1343 Amplissimo

1977 1345 2145 1371 quibuscumque

1969 1371 2080 1391 contrariis
2093 1370 2154 1391 deru-

1970 1400 2012 1424 gat.
