2279 3260
223 247 272 274 An.
289 246 316 274 c.
340 247 407 274 167ss
452 240 516 273 658

254 2214 295 2241 56.
308 2213 338 2233 Da
349 2211 412 2232 modo

274 2240 308 2260 uid
333 2244 412 2264 propo-

245 2268 289 2285 .n‹ti
307 2268 326 2285 ot
338 2266 412 2285 ‹lecer-

228 2293 290 2313 uendi
314 2293 333 2311 iu
356 2291 413 2316 capi·

228 2319 271 2340 tuln
289 2318 390 2343 generali.

416 297 515 339 fragia
540 297 756 340 publicentur,
783 302 814 329 et
838 306 918 340 quae
940 295 1078 339 quisque
1098 295 1149 326 lia-

416 350 491 382 beat
511 349 743 389 manifestetur,
765 354 799 381 ut
819 348 862 381 ita
880 348 1006 380 vocales
1025 346 1149 379 facilius

418 403 456 436 ad
482 403 671 436 electionem
692 403 949 436 conformentur.

463 465 504 489 iv.
531 455 692 488 Scrutinio
723 455 815 493 sacto,
848 451 1082 497 pronunciator
1112 450 1150 483 ad

417 509 449 541 id
476 520 492 541 a
516 508 655 551 capitulo
680 509 811 545 electus,
837 506 923 538 iuxta
949 505 1033 538 dicta
1057 504 1071 547 g
1095 514 1152 536 an-

418 561 599 600 tecedente,
616 572 703 593 num.
723 571 775 598 xii,
796 559 889 591 saciat
913 563 944 591 et
961 555 1153 601 pronunciet

421 614 613 647 electionem
646 623 705 656 pro
742 613 796 645 illo
827 611 879 654 qui
910 611 1011 643 habet
1045 609 1154 642 omnia

420 667 581 709 suffragia,
614 667 662 699 vel
699 666 772 708 plus
805 675 900 707 quam
937 662 1152 700 medietatem,

421 720 617 754 declarando
642 729 813 751 numerum
838 717 1087 750 determinatum
1111 725 1154 747 sc-

422 773 532 818 quenti
559 772 669 811 forma,
701 770 847 814 quamvis
882 769 1066 812 suffragium
1091 769 1156 800 ele-

420 831 471 859 cto
496 836 561 858 non
586 824 723 858 dederit:

470 892 483 910 α
507 879 572 921 Ego
605 878 703 910 frater
728 877 763 909 N.
793 877 831 909 de
856 876 892 909 N.
921 875 1051 909 nomine
1084 874 1154 906 meo

421 938 453 965 et
477 931 621 964 omnium
653 931 829 963 electorum
855 928 1074 973 praesentium
1099 937 1157 970 per

421 986 532 1018 decern
557 983 705 1026 sulii-agia
726 983 834 1026 (verbi
854 981 1002 1025 yralz'a')
1023 979 1106 1022 eligo
1124 979 1162 1012 iu

420 1038 574 1071 maiorem
587 1047 621 1069 ac
635 1037 819 1079 generalem
834 1035 1016 1068 ministrum
1029 1038 1157 1066 nostrae

420 1090 589 1134 religionis
607 1089 669 1132 (vel
687 1089 718 1121 in
737 1088 940 1121 definitorem
958 1087 1155 1130 generalem,

422 1144 470 1177 vel
484 1144 515 1176 in
533 1143 715 1176 ministrum
733 1141 961 1184 provincialem
976 1139 1157 1183 provinciae

421 1197 470 1236 N„
493 1195 538 1229 vel
563 1196 596 1228 in
621 1194 805 1227 ministrum
831 1198 1009 1227 conventus
1030 1193 1077 1225 vel
1094 1192 1160 1240 col-

419 1250 497 1292 legii
523 1249 573 1287 N„
612 1248 659 1280 vel
690 1248 723 1280 in
749 1247 873 1280 socium
898 1245 1082 1289 provinciae
1106 1244 1159 1287 N.)

422 1309 549 1346 patrem
576 1302 704 1333 fratrem
723 1300 758 1333 N.
777 1301 815 1333 de
839 1299 876 1332 N.
903 1299 938 1332 In
955 1298 1085 1331 nomine
1104 1298 1161 1330 Pa-

422 1356 479 1388 tris
497 1361 527 1388 et
544 1354 615 1387 Filii
631 1359 662 1386 et
678 1353 818 1396 Spiritus
835 1352 954 1385 Sancti.
975 1353 1075 1384 Amen
1094 1364 1124 1382 n.

465 1419 495 1441 v.
524 1408 640 1440 Forma
669 1406 728 1438 ista
760 1405 897 1438 faciendi
934 1414 989 1436 seu
1014 1413 1161 1446 pronun-

422 1460 526 1494 ciandi
552 1459 732 1503 quamlibet
749 1457 942 1491 electionem
959 1465 1090 1499 semper
1109 1456 1160 1488 ob·

421 1518 576 1551 servetur,
602 1516 666 1544 tam
698 1512 729 1543 in
754 1511 906 1553 capitulo,
932 1519 1026 1552 quam
1047 1508 1079 1540 in
1106 1509 1177 1547 df-¹

422 1566 574 1605 sinitorio,
599 1565 647 1597 vel
673 1563 735 1596 alia
760 1563 869 1606 quavis
889 1561 1159 1604 congregatione:

421 1619 596 1653 schedulae
622 1622 728 1649 autem
746 1626 815 1649 esse
841 1620 999 1660 poterunt
1023 1615 1160 1658 scriptae

422 1672 554 1717 propria
599 1669 801 1712 suffragantis
835 1679 931 1701 manu
967 1669 1015 1701 vel
1042 1668 1157 1701 alienat.

421 1725 506 1764 Quat
533 1725 605 1766 igne
625 1724 860 1756 comburantur
877 1721 909 1753 in
927 1721 997 1764 ipso
1019 1721 1160 1764 capitulo

423 1780 472 1811 vel
499 1777 684 1810 definitorio
709 1777 759 1808 vel
792 1774 1043 1818 congregatione
1073 1780 1161 1807 ante-

423 1842 517 1874 quam
534 1830 661 1863 vocales
679 1834 823 1871 surgant.

466 1894 509 1917 vi.
537 1883 654 1916 Omnes
690 1881 929 1914 controversiae
962 1885 993 1914 et
1025 1879 1161 1913 difficul-

423 1942 505 1970 tates
540 1941 628 1968 ortae
662 1935 693 1966 in
725 1935 773 1967 vel
806 1944 902 1976 super
934 1932 1159 1973 electionibus,

423 1991 520 2024 etiam
560 1989 661 2033 patris
688 1987 871 2030 gener-alis,
901 1987 1162 2020 determinentur

423 2053 482 2086 per
509 2041 727 2075 delinitoriuni
763 2040 926 2082 generale,
953 2039 1044 2072 cuius
1076 2050 1161 2072 reso-

423 2096 540 2130 lutioni
569 2105 663 2127 nemo
689 2093 902 2132 contradicat,
922 2093 982 2125 sub
998 2094 1105 2136 poena
1123 2093 1160 2125 ad

424 2148 592 2181 arbitrium
620 2146 721 2190 ipsius
748 2145 922 2178 definitorii
949 2145 1137 2187 infligenda.

468 2213 489 2235 1.
518 2200 555 2233 L't
575 2199 741 2233 maturiori
761 2198 895 2231 consilio
918 2199 1160 2239 determinetur,

425 2255 511 2298 quod
544 2254 575 2286 in
608 2253 749 2296 capitulo
783 2252 925 2294 generali
959 2251 1161 2294 propositum

425 2307 531 2346 suerit,
558 2306 653 2338 liceat
678 2305 739 2348 ipsi
765 2305 909 2348 capitulo
935 2304 975 2347 (si
1001 2305 1048 2337 illi
1067 2315 1162 2348 expe—

425 2361 492 2393 dire
518 2359 696 2401 videbitur)
723 2358 922 2397 decisionem
948 2356 1076 2391 dill'erre
1109 2369 1162 2390 us-

424 2424 485 2457 que
506 2413 536 2444 iu
563 2416 754 2455 sequentem
775 2411 873 2443 diem.

469 2477 502 2499 u.
532 2464 806 2507 Quotiescumque
831 2463 949 2496 iudicio
984 2463 1081 2497 trium
1112 2475 1162 2497 ca-

423 2518 610 2564 pitularium
638 2517 836 2550 conveniens
869 2516 909 2549 sit
943 2517 1082 2560 proponi
1112 2519 1161 2551 vel

426 2572 634 2606 determinari
669 2581 736 2604 rem
773 2570 912 2613 aliquam
945 2570 976 2602 in
1009 2570 1161 2614 capitulo,

463 2636 471 2661 1
498 2634 565 2661 Edit.
589 2633 667 2660 Main.
690 2632 770 2659 habet
792 2631 824 2659 U.
847 2633 878 2665 G,
898 2632 937 2666 (R.
954 2631 1000 2666 T.).

1000 247 1179 272 BULLAMUM
1202 247 1352 274 Romnum

1193 306 1326 338 praeses
1363 300 1509 330 teneatur
1538 297 1625 331 illam
1662 304 1868 340 proponere,
1895 299 1931 328 ut

1194 348 1379 381 decidatur:
1411 349 1487 382 dum
1513 355 1619 383 tamen
1645 360 1708 383 non
1742 349 1783 382 sit
1813 358 1929 381 novam

1194 401 1334 434 condere
1363 402 1642 443 constitutionem
1675 403 1714 436 ad
1747 403 1811 435 hoc
1843 401 1928 434 enim

1195 454 1443 496 proponendum
1465 460 1496 487 et
1512 455 1745 488 conterendum
1763 454 1866 487 maior
1884 463 1929 487 ea·

1196 506 1288 549 pituli
1312 517 1386 549 pars
1412 507 1509 539 debet
1532 513 1642 550 petere
1667 513 1700 540 et
1723 508 1857 540 instare.

1240 569 1286 592 111.
1316 559 1532 602 praecipimus
1567 565 1601 592 ut
1631 561 1722 594 nullo
1759 564 1929 603 praetextu

1197 624 1213 644 a
1237 611 1368 645 Summo
1393 612 1547 645 Pontilice
1577 614 1760 656 postuletur
1784 612 1931 645 immuta—

1198 665 1240 698 tio
1274 675 1330 698 scu
1355 665 1488 698 mutatio
1526 666 1557 697 in
1594 675 1627 698 re
1659 665 1767 708 aliqua
1802 670 1931 697 sanctae

1198 723 1327 750 nostrae
1352 718 1496 760 regulae,
1523 717 1585 750 nisi
1612 718 1673 750 hoc
1695 717 1749 750 siat
1771 727 1829 760 per
1849 717 1933 760 capi-

1198 771 1297 804 tulum
1316 771 1477 813 generale,
1500 769 1764 803 concurrentibus
1784 769 1932 802 omnibus

1198 823 1290 863 votis,
1315 823 1442 855 nemine
1470 823 1686 866 discrepante,
1712 828 1743 855 et
1768 827 1935 855 contrave-

1200 875 1308 909 niens¹
1327 876 1401 908 huic
1426 875 1647 908 constitutioni
1676 875 1748 919 ipso
1770 875 1853 908 sacto
1869 875 1936 919 pri-

1200 935 1289 961 vatus
1303 929 1342 961 sit
1359 928 1463 962 officio
1481 939 1548 968 suo,
1564 934 1594 960 et
1606 928 1760 961 inhabilis
1778 933 1936 971 perpetuo

1202 982 1240 1015 ad
1259 993 1480 1025 quaecumque
1500 982 1574 1021 zilia;
1596 981 1745 1014 similiter
1770 991 1810 1013 ne
1827 986 1937 1024 postu-

1202 1036 1287 1068 letur
1301 1046 1317 1067 a
1333 1035 1414 1068 Sede
1441 1034 1638 1078 Apostolica,
1656 1034 1716 1066 nisi
1734 1044 1794 1077 per
1813 1033 1937 1077 capitu-

1202 1089 1267 1121 lum
1292 1088 1457 1131 generale,
1475 1092 1506 1120 et
1531 1087 1811 1120 consentientibus
1835 1086 1938 1119 tribus

1203 1152 1239 1174 ex
1258 1146 1397 1184 quatuor
1432 1140 1578 1183 partibus
1611 1138 1863 1182 suffragiorum,
1890 1138 1938 1171 in-

1204 1193 1340 1234 novatio,
1366 1193 1515 1226 alteratio
1540 1203 1596 1225 seu
1623 1192 1804 1234 abrogatio,
1832 1192 1938 1235 quoad

1205 1251 1305 1279 totum
1328 1247 1378 1279 vel
1401 1246 1505 1288 quoad
1531 1250 1674 1288 partem,
1701 1244 1837 1277 alicuius
1862 1254 1939 1277 con-

1204 1298 1380 1331 stitutionis
1406 1309 1442 1331 ex
1475 1297 1671 1330 confirmatis
1697 1297 1736 1330 ab
1762 1297 1832 1340 ipsa
1856 1296 1939 1330 Sede

1205 1351 1402 1395 Apostolica.

1248 1415 1290 1437 ιν.
1317 1404 1357 1436 Ut
1381 1403 1486 1447 aliqua
1503 1403 1690 1437 constitutio
1708 1403 1747 1436 de
1768 1413 1851 1436 novo
1870 1413 1941 1435 con-

1205 1458 1299 1489 datur
1308 1455 1328 1498 ²,
1350 1457 1417 1490 eius
1434 1456 1663 1490 convenientia
1680 1456 1712 1489 in
1737 1455 1840 1489 tribus
1858 1455 1940 1500 capi-

1206 1510 1277 1543 tulis
1314 1510 1521 1552 generalibus
1553 1509 1665 1542 sedulo
1701 1519 1737 1541 ac
1767 1509 1940 1552 diligenter

1204 1563 1341 1607 expendi
1375 1568 1407 1596 et
1437 1563 1551 1606 agitari
1581 1563 1678 1596 debet
1711 1563 1773 1595 hoc
1801 1562 1938 1596 ordine:

1204 1616 1374 1659 Postquam
1398 1616 1430 1648 iu
1457 1616 1599 1659 capitulo
1624 1620 1728 1648 actum
1760 1620 1807 1648 est
1831 1616 1870 1648 de
1905 1625 1940 1648 re

1205 1669 1323 1712 aliqua,
1358 1669 1384 1701 si
1410 1679 1426 1701 a
1452 1668 1566 1701 maiori
1591 1674 1683 1711 parte
1716 1667 1941 1710 suffragiorum

1204 1721 1381 1765 approbata
1407 1721 1511 1760 suerit,
1539 1721 1644 1754 statim
1669 1720 1732 1753 vim
1749 1720 1870 1758 habeat
1889 1730 1941 1753 or-

1205 1774 1385 1814 dinationis,
1402 1779 1433 1806 et
1447 1773 1630 1806 executioni
1649 1773 1794 1806 mandari
1808 1773 1943 1816 incipiat

1205 1837 1305 1871 usque
1336 1827 1375 1859 ad
1408 1836 1545 1870 sequens
1580 1826 1778 1870 capitulum:
1811 1825 1843 1858 in
1875 1836 1940 1869 quo

1205 1887 1326 1914 mature
1352 1879 1532 1913 examinata
1557 1880 1712 1920 secundo,
1739 1879 1764 1912 si
1782 1890 1799 1912 a
1818 1879 1941 1912 duabus

1205 1934 1348 1977 partibus
1373 1944 1409 1966 ex
1437 1934 1539 1966 tribus
1557 1932 1780 1976 suffragiorum
1805 1943 1870 1965 non
1886 1943 1942 1976 ap-

1205 1988 1368 2030 probetur,
1395 1985 1526 2019 omnino
1551 1986 1691 2019 extincta
1711 1990 1839 2018 maneat
1858 1985 1943 2018 dicta

1205 2040 1385 2080 ordinatim
1411 2039 1436 2071 si
1462 2044 1569 2071 autem
1594 2039 1794 2081 approbetur
1811 2049 1828 2070 a
1846 2038 1940 2071 dictis

1206 2093 1329 2125 duabus
1355 2092 1514 2135 partibus,
1548 2095 1734 2134 perseveret
1768 2090 1836 2123 eius
1874 2101 1941 2124 exe-

1206 2146 1292 2178 cutio
1316 2155 1419 2188 usque
1453 2145 1492 2177 ad
1525 2144 1655 2176 tertium
1685 2143 1882 2187 capitulum:
1909 2144 1942 2177 in

1207 2201 1268 2233 lioc
1304 2204 1410 2232 autem
1446 2198 1565 2230 iterum
1606 2202 1702 2240 atque
1740 2197 1858 2230 iterum
1890 2208 1943 2231 ex-

1206 2252 1313 2295 pensis
1338 2250 1607 2285 convenientibus
1631 2251 1681 2283 vel
1711 2250 1942 2284 inconvenien-

1207 2307 1290 2339 tibus
1325 2305 1464 2349 repertis
1501 2304 1533 2337 in
1568 2304 1636 2337 eius
1672 2305 1883 2345 executione,
1915 2305 1942 2337 si

1205 2360 1311 2392 adhuc
1335 2359 1534 2402 approbetur
1558 2367 1575 2389 a
1600 2357 1700 2389 tribus
1733 2367 1769 2390 ex
1803 2363 1942 2400 quatuor

1206 2412 1349 2455 partibus
1374 2409 1609 2453 sulii-agiorum,
1636 2411 1753 2442 habeat
1787 2410 1942 2454 deinceps

1207 2465 1269 2498 vim
1293 2462 1548 2502 constitutionis3
1566 2463 1643 2496 alias
1663 2474 1725 2495 nou
1746 2474 1941 2496 concurren-

1207 2519 1288 2551 tibus
1307 2517 1400 2550 dictis
1420 2516 1521 2548 tribus
1540 2515 1762 2558 suffragiorum
1781 2517 1939 2559 partibus,

1242 2592 1251 2615 1
1275 2588 1344 2615 Edit.
1366 2587 1443 2614 Maio.
1465 2587 1527 2621 legit
1546 2587 1713 2614 conveniens
1732 2588 1770 2621 (R.
1791 2589 1840 2622 r.).

1240 2633 1256 2658 2
1275 2631 1344 2658 Edit.
1367 2631 1445 2658 Mam.
1468 2631 1531 2666 legit
1551 2631 1726 2659 concedatur
1738 2632 1844 2667 (ndu).

1937 246 1987 274 An.
1999 245 2029 274 C.
2053 247 2120 275 1676
