2279 3260
206 249 256 275 An.
272 248 299 274 c.
324 249 389 277 ¹670
438 242 497 276 136

396 300 513 343 paliter
528 302 560 334 in
578 302 729 336 omnibus
747 308 778 336 et
795 313 852 346 per
870 304 986 343 omnia,
1008 304 1129 346 absque

396 353 460 386 ulla
484 364 615 397 prorsus
645 355 843 396 differentia,
878 357 1011 399 perinde
1043 366 1079 388 ac
1103 355 1127 387 si

395 406 450 440 illa
467 407 678 450 primodictae
698 408 956 451 Congregationi,
976 409 1060 441 illius
1078 418 1129 440 ca-

396 461 504 504 pitulis
540 463 763 504 generalibus,
790 463 946 506 superiori
983 461 1126 504 generali

395 525 454 558 pro
472 520 620 558 tempore
638 516 797 555 existenti,
818 516 969 558 illiusque
986 514 1127 557 superio-

395 567 482 600 ribus
508 573 539 600 et
562 569 709 611 personis
735 567 905 610 praedictis
931 567 1126 610 specialiter,

395 629 546 662 expresse
572 626 603 652 et
626 620 827 658 nominatim,
848 620 945 652 etiam
966 630 1024 662 per
1045 619 1125 651 viam

394 678 425 704 et
459 673 588 705 modum
621 673 777 715 simplicis
814 677 845 705 et
879 672 1059 705 individuae
1091 682 1127 704 ac

393 725 597 767 particularis
630 731 661 757 et
699 725 849 767 specialis
886 725 1123 763 concessionis,

393 777 487 810 etiam
512 785 600 811 motu
629 778 761 820 proprio
779 783 809 810 et
830 788 866 809 ex
887 780 972 810 certa
992 778 1126 810 scientia

392 840 427 862 ac
445 830 482 862 de
503 831 697 873 apostolicae
722 830 889 873 potestatis
914 830 1124 872 plenitudine,

391 889 445 915 aut
456 883 754 916 communicationis
768 889 798 916 et
810 884 1040 926 ampliationis,
1054 894 1123 916 con-

390 946 480 968 cessa
504 936 638 968 fuissent
663 936 836 979 (quatenus
864 942 967 968 tamen
998 936 1062 968 sint
1092 936 1122 967 in

389 998 449 1020 usu
475 994 507 1020 et
530 999 594 1020 non
615 993 770 1027 revocata,
788 999 847 1021 nec
865 989 923 1021 sub
949 989 1055 1031 aliqua
1074 999 1125 1021 re-

389 1041 557 1073 vocatione
583 1041 843 1083 comprehensa),
865 1042 918 1080 uti,
938 1042 1009 1081 frui,
1029 1041 1123 1083 potiri

390 1098 422 1124 et
438 1093 579 1134 gaudere
597 1093 698 1125 libere
723 1099 755 1125 et
775 1093 862 1126 licite
880 1094 1007 1136 possint
1025 1099 1055 1126 et
1072 1105 1122 1125 va-

388 1145 477 1178 leant
496 1145 561 1187 (ita
583 1146 668 1188 quod
688 1156 798 1178 omnes
820 1151 850 1178 et
866 1146 983 1188 singuli
1009 1146 1124 1189 primo-

389 1197 494 1230 dictae
508 1197 774 1240 Congrcgationis
792 1204 823 1230 et
839 1199 925 1232 illius
943 1199 1120 1238 domorum,

388 1250 599 1292 locorumque
638 1251 837 1292 regularium
875 1251 1060 1294 superiores
1092 1258 1123 1285 et

388 1301 538 1341 ministri,
564 1313 768 1345 quocumque
796 1304 925 1337 nomine
950 1305 1120 1347 appellati,

389 1354 518 1386 eosdem
544 1354 692 1393 favores,
719 1355 836 1396 gratias
866 1357 1060 1399 apostolicas
1091 1362 1121 1389 et

387 1405 566 1448 privilegia,
585 1417 664 1449 quae
690 1407 822 1439 aliarum
844 1409 1048 1449 religionum,
1065 1407 1122 1440 Or-

387 1458 498 1490 dinum
516 1485 522 1497 ,
550 1459 840 1501 congregationum
856 1487 863 1500 ,
901 1461 1091 1494 societatum
1111 1488 1118 1500 ,

387 1511 483 1543 etiam
507 1511 672 1544 Societatis
704 1512 790 1552 Iesu,
824 1514 1117 1553 monasteriorum,

387 1570 601 1597 conventuum
630 1564 808 1603 domorum,
830 1571 882 1597 aut
906 1567 1049 1599 locorum
1074 1577 1120 1599 re-

387 1617 547 1658 gularium
572 1622 604 1648 et
629 1617 819 1649 familiarum
846 1620 1013 1660 generales
1030 1646 1037 1658 ,
1068 1630 1120 1651 su-

387 1669 546 1711 periores,
567 1670 752 1712 praepositi,
774 1671 999 1712 provinciales,
1017 1677 1118 1704 recto-

386 1731 449 1760 res,
476 1721 600 1763 priores
632 1724 862 1755 conventuales
889 1729 943 1755 aut
972 1724 1119 1757 claustra-

386 1775 441 1813 les,
461 1774 651 1813 visitatores,
677 1776 854 1817 guardiam,
881 1778 1042 1817 custodes,
1065 1784 1119 1811 aut

364 1839 367 1841 ·
388 1826 450 1859 alio
476 1837 677 1869 quocumque
703 1828 844 1868 nomine,
872 1829 963 1862 titulo
989 1837 1040 1862 aut
1073 1831 1119 1863 di-

387 1878 507 1921 gnitate
526 1879 668 1921 insigniti
695 1880 826 1917 habent,
849 1881 995 1915 similiter
1018 1889 1052 1915 ut
1072 1894 1118 1915 su*

387 1941 444 1973 pra
468 1931 616 1970 habeant,
636 1931 813 1974 fratresque
839 1938 869 1966 et
893 1944 1050 1976 personae
1072 1946 1119 1968 re—

387 1983 514 2025 gulares
540 1982 751 2025 primodictae
776 1984 1039 2027 Congregationis
1066 1998 1119 2029 ge-

386 2036 534 2075 nerales,
564 2036 769 2077 superiores,
800 2037 937 2071 ministri
963 2044 995 2071 et
1020 2041 1117 2073 ceteri

386 2087 440 2120 alii
464 2088 692 2130 cuiuscumque
725 2090 950 2132 appellationis
982 2102 1119 2135 praepo-

386 2140 438 2172 siti
464 2146 495 2173 et
518 2141 669 2183 praefecti
700 2142 731 2174 in
757 2142 949 2184 primodicta
979 2144 1139 2187 Cong1·e-'

386 2192 514 2235 gatione
531 2203 681 2235 expresse
700 2194 846 2236 professi,
864 2201 896 2228 et
913 2196 945 2228 in
967 2197 1034 2229 eius
1053 2209 1117 2240 gre·
1138 2197 1139 2233 I

386 2246 450 2279 mio
476 2251 507 2278 et
531 2247 736 2279 observantia
760 2248 921 2289 viventes,
948 2249 1063 2283 fratres
1088 2256 1139 2288 et,

386 2309 542 2342 personas
564 2300 728 2341 regulares
753 2301 961 2343 primodictae
980 2302 1118 2345 Congre-
1138 2292 1139 2304 ἵ

386 2351 524 2392 gationis
550 2361 621 2383 rum
646 2351 833 2394 privilegiis,
853 2353 962 2394 gratiis
986 2360 1016 2387 et
1041 2356 1118 2389 favo-

385 2402 473 2435 ribus
502 2403 685 2445 apcstolicis
710 2404 863 2437 Ordinum
890 2412 921 2438 et
945 2402 1139 2451 congrega-i

386 2455 507 2487 tionum
535 2455 716 2489 huiusmodi
752 2463 909 2500 perpetuo
943 2462 1118 2493 secundum

385 2507 620 2540 observantiam
658 2511 840 2551 regularem
873 2516 903 2543 et
928 2513 1116 2545 canonicum

978 257 1158 281 BULLARIUM
1181 256 1331 283 Rom-&Nun

1173 304 1355 345 gubernare
1379 311 1411 338 et
1427 307 1603 349 respective
1622 307 1748 340 visitare
1769 308 1904 348 valeant,

1171 367 1276 399 neque
1320 357 1510 401 primodicta
1552 359 1764 402 Congrcgatio
1806 369 1906 403 super

1171 410 1345 451 praedictis
1381 411 1530 444 omnibus
1556 417 1587 444 et
1611 412 1747 454 singulis
1780 424 1796 445 a
1826 423 1905 455 quo-

1171 472 1265 503 quam
1283 463 1394 505 quavis
1418 464 1605 496 auctoritate
1623 465 1672 497 vel
1691 464 1820 497 nomine
1838 475 1906 497 mo-

1170 514 1290 554 lestari,
1318 516 1513 557 perturbari,
1531 516 1716 560 inquietari,
1747 522 1802 549 aut
1826 517 1904 550 alias

1169 567 1415 608 quomodolibet
1440 567 1470 599 in
1496 567 1617 601 iudicio
1636 574 1667 601 et
1691 575 1779 602 extra
1804 569 1906 612 impc-

1170 618 1229 650 diri
1246 619 1372 662 possit),
1388 619 1563 662 apostolica
1577 621 1775 661 auctoritate,
1793 627 1903 654 tenorc

1168 671 1395 713 praesentium,
1410 678 1570 714 perpetuo
1588 673 1794 706 concedimus
1808 678 1839 707 et
1856 674 1903 706 iu-

1169 725 1349 766 dulgemus.

1211 778 1225 819 ἓ
1249 777 1279 810 3.
1307 777 1523 810 Decernentes
1553 779 1682 811 easdem
1715 786 1902 821 praesentes

1167 841 1294 873 semper
1312 836 1343 863 et
1366 835 1533 873 perpetuo,
1554 836 1717 873 tamquam
1741 831 1780 863 ad
1805 831 1901 864 divini

1167 885 1270 916 cultus
1296 889 1328 916 et
1351 883 1508 916 bonorum
1535 894 1671 925 operum
1697 889 1903 925 augmentum

1167 941 1198 968 et
1226 936 1393 977 religionis
1417 935 1688 978 propagationem
1713 935 1902 974 tendentes,

1166 989 1286 1022 validas
1308 993 1339 1021 et
1359 988 1503 1021 efficaces
1518 998 1586 1021 esse
1605 993 1636 1020 et
1654 988 1736 1027 fore,
1763 999 1901 1031 suosque

1167 1041 1329 1084 plenarios
1364 1046 1395 1073 et
1417 1041 1559 1082 integros
1584 1039 1715 1072 effectus
1740 1040 1846 1072 sortiri
1871 1046 1902 1073 et

1165 1094 1328 1133 obtinere,
1351 1104 1387 1126 ac
1404 1093 1442 1125 ab
1468 1093 1618 1126 omnibus
1643 1099 1675 1125 et
1700 1093 1833 1136 singulis
1850 1093 1901 1126 fir-

1165 1147 1258 1184 miter
1292 1152 1387 1189 atque
1418 1146 1646 1179 inviolabiliter
1680 1146 1845 1178 observari
1870 1151 1901 1178 et

1165 1199 1333 1242 adimpleri
1360 1199 1494 1238 debere,
1521 1209 1582 1231 nec
1607 1198 1646 1230 ab
1672 1197 1736 1230 illis
1758 1199 1825 1231 ullo
1844 1208 1900 1230 un-

1165 1263 1258 1296 quam
1282 1257 1440 1295 tempore,
1467 1251 1578 1294 quovis
1604 1255 1783 1294 praetextu,
1809 1261 1900 1283 occa-

1164 1305 1254 1338 sione
1272 1306 1321 1337 vel
1346 1306 1451 1343 causa,
1470 1304 1578 1336 recedi
1605 1308 1656 1335 aut
1682 1303 1811 1342 resiliri,
1831 1313 1900 1336 eas-

1142 1348 1143 1364 ³
1165 1358 1301 1400 demque
1326 1361 1512 1399 praesentes
1538 1357 1597 1388 sub
1623 1355 1790 1399 quibusvis
1815 1355 1900 1388 simi-

1164 1411 1240 1443 lium
1265 1411 1314 1442 vel
1339 1408 1542 1442 dissimilium
1567 1408 1744 1450 gratiarum
1768 1418 1899 1441 revoca-

1164 1463 1316 1502 tionibus,
1344 1461 1620 1505 suspensionibus,
1640 1461 1896 1501 limitationibus,

1163 1515 1427 1558 derogationibus
1453 1520 1484 1547 et
1504 1514 1574 1547 aliis
1600 1514 1772 1549 contrariis
1791 1514 1898 1557 dispo-

1163 1568 1342 1607 sitionibus,
1361 1567 1457 1600 etiam
1474 1577 1534 1609 per
1557 1577 1616 1599 nos
1639 1572 1672 1599 et
1694 1576 1898 1599 successores

1162 1625 1289 1653 nostros
1306 1620 1468 1652 Romanos
1487 1618 1654 1651 Pontifices
1672 1628 1733 1661 pro
1751 1622 1897 1660 tempore

1163 1673 1360 1711 existentes,
1391 1671 1572 1713 Sedemque
1597 1669 1812 1713 praedictam,
1838 1670 1897 1702 sub

1163 1725 1326 1768 quibusvis
1359 1724 1522 1757 tenoribus
1559 1729 1589 1757 et
1622 1724 1746 1763 sormiS,
1771 1729 1897 1756 etcum

1163 1778 1326 1821 quibusvis
1351 1778 1503 1811 clausulis
1529 1782 1560 1810 et
1585 1777 1722 1810 decretis
1740 1787 1799 1819 pro
1818 1781 1897 1809 tem-

1162 1842 1240 1874 pore
1274 1831 1378 1869 factis,
1416 1831 1549 1863 minime
1582 1830 1815 1872 comprehendi
1845 1831 1895 1863 vel

1161 1883 1337 1923 confundi,
1365 1883 1422 1916 sed
1452 1893 1580 1925 semper
1612 1888 1643 1915 et
1673 1888 1831 1925 perpetuo
1856 1883 1894 1915 ab

1162 1937 1225 1969 illis
1250 1935 1364 1978 excipi,
1381 1940 1413 1968 et
1436 1935 1563 1978 quoties
1588 1935 1663 1967 illae
1688 1936 1893 1975 emanabunt,

1161 1990 1256 2023 toties
1284 1989 1315 2021 in
1336 1987 1506 2030 pristinum
1544 1992 1639 2030 atque
1664 1987 1894 2020 validissimum

1161 2047 1277 2073 statum
1303 2040 1485 2079 restitutas,
1511 2040 1670 2082 repositas
1695 2046 1726 2072 et
1749 2040 1894 2082 plenarie

1160 2094 1382 2136 reintegratas,
1401 2098 1431 2125 et
1452 2093 1490 2125 de
1516 2103 1600 2125 novo
1627 2093 1723 2125 etiam
1748 2094 1805 2126 sub
1824 2104 1894 2136 qua-

1160 2157 1298 2189 cumque
1323 2145 1495 2188 posteriori
1520 2147 1601 2185 data,
1627 2147 1894 2190 quandocumque

1160 2199 1318 2241 eligenda,
1339 2208 1510 2230 concessas
1528 2209 1596 2230 esse
1622 2204 1654 2230 et
1679 2199 1756 2240 fore,
1775 2200 1894 2242 primo-

1161 2252 1327 2293 dictaeque
1345 2251 1506 2292 generalis
1525 2251 1703 2293 superioris
1719 2257 1746 2284 et
1759 2252 1892 2285 fratrum

1160 2304 1430 2336 Discalccatorum
1445 2302 1630 2335 huiusmodi
1645 2303 1892 2347 Congregatioui

1159 2355 1342 2398 suffragari,

1203 2410 1218 2452 ἓ
1242 2408 1272 2440 4.
1299 2408 1415 2451 Sicque
1446 2414 1478 2442 et
1507 2419 1570 2442 non
1604 2410 1681 2443 alias
1711 2421 1770 2454 per
1795 2423 1893 2455 quos-

1161 2470 1295 2504 cumque
1314 2461 1447 2501 iudices,
1474 2462 1570 2494 etiam
1589 2474 1759 2496 causarum
1780 2466 1892 2508 palatii

1160 2514 1331 2557 apostolici
1346 2513 1522 2554 auditores,
1544 2526 1578 2547 ac
1593 2516 1735 2549 eiusdem
1753 2517 1784 2550 S.
1805 2518 1841 2550 R.
1855 2518 1889 2550 E.

385 2559 567 2592 institutum
585 2560 713 2593 Ordinis
732 2562 845 2595 Beatae
863 2563 975 2596 Mariae
991 2564 1028 2597 de
1044 2565 1119 2597 Mer·
1139 2559 1141 2616 i
1160 2566 1348 2606 cardinales,
1375 2568 1470 2599 etiam
1501 2568 1538 2601 de
1564 2570 1663 2602 latere
1688 2571 1822 2612 legatos,
1847 2572 1892 2603 vi-

385 2612 463 2645 cede
483 2612 714 2657 redemptionis
738 2615 936 2658 captivorum
953 2627 1068 2659 regere
1087 2623 1118 2651 et
1139 2630 1141 2660 ζ
1161 2620 1325 2661 cclegatos
1359 2629 1394 2652 ac
1418 2620 1508 2653 Sedis
1533 2622 1737 2664 Apostolicae
1763 2624 1892 2667 praedi-

1916 261 1965 287 Λη.
1979 262 2007 288 C.
2034 262 2098 290 ¹670

1926 789 2022 810 Clau->ut-
2037 797 2094 816 prae·

1913 822 1956 836 seri
1962 820 2028 837 attia.

1930 2420 2027 2441 Ctausnta
2040 2422 2086 2443 sub—

1904 2447 1952 2467 lotd-
