2279 3260
248 236 296 259 Λη.
315 232 343 259 C.
368 234 434 260 1673
480 232 543 259 1:³20

269 1030 288 1049 lu
305 1030 377 1049 cadem
391 1035 425 1050 cn-

242 1056 309 1075 stodia
327 1056 382 1075 nulla
400 1059 424 1076 su

258 1082 407 1105 praecedentia

241 1107 295 1127 inter
310 1108 364 1128 illius
380 1110 425 1129 reli-

241 1139 317 1158 giOsuS.

260 2292 334 2312 Ossa-ia
343 2298 417 2312 vacan-

234 2319 262 2338 tia
279 2325 315 2344 per
332 2318 416 2338 electio-

234 2351 280 2389 tsein
309 2345 417 2365 confercn-

233 2377 267 2391 ta.

443 284 562 317 dudum
582 285 684 319 felicis
702 287 934 321 recordationis
959 287 1103 320 Urbanus
1122 287 1176 318 l'a-

441 348 479 380 pa
505 338 565 370 Vll}
599 340 830 381 praedeeessor
863 347 971 373 noster
1004 351 1063 383 per
1087 350 1176 382 quas-

441 390 511 421 dam
537 401 608 423 suas
645 391 675 423 in
710 392 811 424 fornia
845 392 952 424 Brevis
978 392 1099 424 litteras
1125 391 1174 424 (lie

437 453 495 475 xxv
528 444 605 476 iunii
642 455 797 477 uncxxmx
830 445 1011 487 expeditas,
1039 455 1174 487 quarum

438 495 564 528 initium
590 503 639 528 est
668 498 747 530 Cam
773 508 819 537 ea,
852 503 924 537 otc„
948 497 1096 530 fratribus
1122 497 1176 529 Mi-

439 548 572 580 noribus
599 549 801 581 Discalceatis
830 550 1011 592 Hispaniae,
1039 560 1174 593 quornm

439 601 615 643 privilegiis
630 602 713 633 dicta
734 602 879 635 custodia
900 612 934 633 cx
962 602 1174 634 concessione

440 655 546 684 nostra
565 654 693 694 gaudet,
714 654 915 687 concessisse
935 654 1120 697 reperitur),
1139 666 1174 686 ac

439 707 563 737 servata
595 706 626 737 in
663 706 796 748 reliquis
829 715 991 740 sacrorum
1016 718 1173 739 canonum

436 763 467 789 et
483 758 614 790 Concilii
635 757 814 790 Tridentini
840 759 1045 793 decretorum
1071 760 1174 803 dispo-

434 809 561 848 sitione,
589 811 735 853 recipere
762 817 791 843 et
819 817 988 854 acceptare
1014 813 1116 846 libere
1143 819 1174 845 et

434 862 519 894 licite
546 863 673 905 possint
698 869 728 897 et
753 866 889 905 valeant,
916 867 1103 899 earumdem
1128 872 1174 899 te-

435 925 513 947 nore
540 916 771 957 praesentium,
790 918 1000 952 concedimus
1020 925 1050 951 et
1067 919 1173 952 indul-

436 977 558 1008 gemus.

480 1020 494 1061 ς’
519 1020 549 1052 5.
584 1020 622 1052 Ut
652 1027 758 1054 autem
792 1023 938 1055 custodia
973 1025 1115 1066 praefata
1140 1023 1171 1056 in

437 1072 626 1105 humilitatis
652 1074 766 1116 spiritu
803 1081 835 1107 et
869 1086 994 1108 morum
1019 1077 1173 1119 simplici-

439 1128 511 1162 tate,
527 1125 644 1167 quibus
658 1125 827 1159 virtutibus
842 1134 968 1160 sanctus
984 1128 1172 1161 Franciscns

436 1177 588 1211 Ordinem
614 1191 708 1213 suum
736 1183 948 1225 resplendere
975 1184 1085 1224 voluit,
1103 1195 1172 1217 con-

435 1238 588 1272 servetur,
605 1239 637 1265 et
661 1234 844 1267 ambitionis
870 1235 956 1276 vitio,
984 1237 1071 1281 quod
1096 1238 1172 1271 reli-

435 1284 533 1325 giosis
558 1286 868 1329 congregationibus
901 1294 997 1331 atque
1030 1300 1171 1322 commu-

434 1337 589 1373 nitatibus
622 1339 716 1371 etiam
749 1340 887 1372 maxime
920 1342 1098 1374 reformatis
1124 1342 1171 1374 in-

433 1389 655 1432 quietudinem
682 1397 713 1423 et
732 1392 911 1434 perniciem
931 1394 1056 1427 adferre
1074 1396 1168 1435 solet,

433 1442 536 1475 aditus
561 1445 801 1486 praecludatur,
828 1447 995 1480 statuimus
1021 1453 1053 1480 et
1077 1449 1165 1481 ordi-

432 1507 545 1528 namus
577 1502 610 1528 ut
635 1497 667 1529 in
694 1498 806 1530 eadem
838 1500 985 1532 custodia
1018 1502 1106 1534 nulla
1131 1502 1171 1534 sit

430 1549 517 1581 inter
541 1549 626 1581 illius
653 1550 824 1593 religiosos
850 1552 912 1585 alia
941 1554 1170 1596 praecedentia

430 1606 563 1643 praeter
588 1612 656 1634 eam
683 1614 764 1645 quae
791 1615 828 1635 ex
847 1605 1039 1648 antiquitate
1064 1617 1170 1640 susce-

428 1654 549 1696 ptionis
564 1654 692 1687 habitus
710 1658 855 1697 resultat,
873 1669 967 1700 quam
985 1660 1168 1693 sacerdotes

429 1705 537 1738 clerici
564 1712 595 1738 et
619 1707 692 1739 laici
729 1708 814 1740 inter
838 1720 870 1741 se
897 1711 1075 1753 respective
1102 1723 1169 1744 ser-

428 1764 513 1799 vent,
542 1770 602 1791 nec
634 1761 734 1793 ullam
760 1761 854 1794 aliam
881 1763 1045 1804 habeant,
1073 1764 1167 1797 etiarn

428 1811 474 1844 illi
492 1812 545 1854 qui
564 1812 677 1845 officiis
696 1818 767 1846 actu
782 1815 972 1857 funguntur,
991 1827 1064 1849 cum
1080 1828 1167 1860 prae-

427 1865 590 1907 rogativae
610 1871 640 1898 et
658 1867 878 1910 exemptiones
900 1870 1081 1903 officiorum
1106 1872 1168 1904 hu-

428 1916 566 1949 iusmodi
589 1917 644 1950 illa
666 1919 835 1952 ambitiose
857 1923 1093 1963 praetendendi
1111 1935 1167 1956 an-

428 1979 495 2001 sam
521 1970 677 2012 praebere
704 1973 854 2013 soleant,
886 1976 1028 2017 exceptis
1060 1982 1165 2010 tamen

428 2022 562 2054 custode
599 2028 630 2054 et
662 2024 847 2065 guardianis
881 2027 1068 2069 actualibus,
1095 2030 1161 2072 qui,

428 2075 618 2107 durantibus
644 2087 755 2109 eorum
782 2079 895 2111 officiis
921 2085 1055 2123 tantum,
1083 2083 1164 2116 alios

427 2128 638 2169 praecedere,
667 2129 730 2161 illis
756 2141 830 2163 vero
857 2131 963 2172 finitis,
980 2134 1018 2166 ad
1045 2135 1162 2176 locum,

428 2179 480 2221 qui
506 2180 551 2212 eis
583 2180 668 2213 iuxta
701 2182 925 2225 antiquitatem
950 2188 1165 2229 snsceptionis

429 2232 559 2265 habitus
575 2234 790 2276 competierit,
809 2237 924 2269 reverti
943 2238 1118 2273 debebunt.

472 2286 486 2328 g
511 2286 540 2317 6.
569 2285 606 2317 Et
632 2288 760 2328 quando
786 2299 821 2321 ex
847 2301 1049 2334 quacumque
1070 2296 1166 2326 cansa

429 2339 589 2370 vacaverit
615 2339 743 2382 aliquod
770 2341 911 2374 officium
948 2354 985 2375 ex
1018 2345 1081 2377 illis

429 2390 461 2422 in
489 2391 524 2422 iis
552 2391 679 2424 casibus
706 2392 738 2424 in
760 2393 877 2436 quibus
903 2397 1064 2438 perviam
1090 2400 1166 2431 sul)-

429 2444 604 2477 stituiionis
642 2450 674 2477 et
715 2447 957 2489 subrogationis
992 2450 1165 2484 subintrari

429 2499 523 2537 sciet,
544 2508 672 2540 semper
696 2498 729 2530 in
755 2499 893 2532 officium
918 2511 1034 2534 vacans
1060 2504 1166 2535 subin-

429 2550 504 2582 trari
539 2550 656 2582 debeat
689 2561 747 2593 per
772 2553 964 2585 electionem
989 2566 1006 2586 a
1031 2557 1165 2589 custode

429 2608 461 2634 et
486 2602 708 2635 definitoribus
735 2605 922 2645 actualibus,
939 2611 979 2646 et,
995 2607 1103 2650 aliquo
1130 2609 1166 2641 il-

1022 240 1199 263 numanum
1222 240 1374 265 Romnum

1196 288 1321 320 ³lo1·um
1344 288 1529 330 deficiente,
1557 291 1603 323 vel
1637 290 1713 323 satis
1745 290 1807 323 cito
1838 289 1948 323 venire

1096 2357 1187 2385 ‚ac¹

1958 240 2005 268 Λη.
2023 240 2051 268 C.
2074 241 2140 268 1673

1218 351 1283 372 non
1319 342 1472 382 valente,
1510 354 1529 377 a
1563 344 1739 385 gilardi-‘ino
1774 348 1949 376 conventus

1218 393 1248 425 S.
1269 393 1381 426 Luciae
1401 394 1589 427 faciendam.
1612 396 1645 428 In
1664 395 1731 438 ipsa
1748 406 1823 428 vero
1849 401 1952 427 custo-

1218 445 1269 476 dia
1294 446 1404 478 stricte
1436 447 1626 479 observetur
1660 448 1844 480 constitutio
1876 447 1950 480 dicti

1219 497 1335 529 Urbani
1354 498 1632 540 praedecessoris,
1655 511 1735 542 quae
1754 499 1868 542 incipit
1888 499 1952 532 Ad-

1218 560 1395 589 moucimcr,
1420 555 1493 588 ece,
1519 557 1631 584 contra
1655 552 1769 585 fratres
1796 552 1870 585 dicti
1895 552 1951 585 Or-

1217 601 1310 639 dinis,
1330 602 1382 644 qui
1404 613 1463 644 per
1482 603 1605 636 favores
1616 605 1830 637 saecularium
1845 605 1949 638 officia

1216 655 1368 697 conssequi
1394 657 1623 697 praetendunt,
1644 657 1740 689 edita.

1260 709 1274 749 ὲ
1300 707 1329 739 7.
1358 708 1456 740 Porro
1482 709 1590 742 nullus
1624 708 1656 742 in
1683 710 1766 742 dicta
1790 711 1946 750 custodia,
1986 722 2062 752 >uuum
2079 723 2097 742 tn
2113 722 2143 742 di-

1217 759 1275 791 nisi
1295 761 1447 793 transitus
1465 762 1645 803 occasione,
1663 762 1763 805 recipi
1781 763 1883 806 possit
1902 773 1951 795 re·
1961 750 2143 804 {ifiissitfrw'iiiiffi

1216 811 1360 854 ligiosus,
1388 814 1426 847 de
1450 824 1513 857 quo
1537 815 1652 847 notitia
1677 815 1833 848 habeatur
1857 802 2144 853 ουῐῑι’ῗιῗῖῗηιειῐιῖ-Ῑ“ιῗζ.“«’ἶιῗ“ὸ

1216 866 1272 896 sua
1297 866 1461 908 provincia
1486 868 1696 910 apostatando
1723 868 1818 901 fuisse
1843 879 1949 911 egres-

1215 927 1304 957 sum,
1333 919 1456 952 tametsi
1489 919 1614 952 litteras
1647 920 1881 953 obedientiales
1913 922 1951 953 ab

1216 970 1278 1003 alio
1303 971 1469 1014 superiore
1496 983 1591 1015 quam
1618 983 1676 1006 suo
1702 974 1850 1006 ministro
1879 985 1953 1017 pro-

1217 1023 1342 1055 vinciali
1369 1030 1532 1057 emanatas
1554 1025 1691 1065 adserat,
1710 1036 1770 1058 nec
1787 1026 1820 1058 in
1838 1026 1951 1058 eadem

1215 1076 1360 1109 custodia
1392 1077 1592 1120 incorporari
1626 1080 1730 1111 valeat
1764 1080 1848 1111 ullus
1878 1079 1952 1112 reli-

1215 1129 1332 1170 giosus,
1360 1130 1413 1172 qui
1440 1129 1510 1162 sine
1536 1130 1724 1163 obedientia
1743 1131 1791 1173 sui
1812 1131 1950 1164 ministri

1215 1182 1420 1223 provincialis
1446 1182 1522 1215 illuc
1547 1184 1722 1223 advenerit,
1741 1183 1816 1216 licet
1832 1184 1949 1217 litteris

1215 1234 1487 1268 obedientialibus
1521 1235 1658 1268 cuiusvis
1691 1236 1821 1268 alterius
1857 1247 1950 1280 supe-

1214 1287 1308 1319 rioris
1333 1288 1473 1320 munitus
1490 1288 1541 1320 sit.
1565 1288 1655 1326 Quod
1673 1289 1698 1321 si
1724 1289 1839 1332 aliquis
1864 1290 1952 1322 novi-

1215 1340 1275 1371 tius
1300 1340 1464 1373 custodiae
1497 1341 1682 1374 huiusmodi
1712 1343 1743 1374 in
1778 1343 1887 1386 aliquo
1913 1354 1949 1376 ex

1215 1392 1314 1424 tribus
1340 1393 1502 1426 scrutiniis
1528 1394 1613 1426 intra
1637 1405 1757 1427 annum
1785 1396 1949 1438 probatio—

1191 1467 1193 1485 ,
1214 1444 1262 1477 nis
1289 1445 1357 1477 lieri
1384 1446 1487 1478 solitis
1506 1446 1657 1489 suffragia
1676 1448 1867 1480 sufficientia
1884 1459 1948 1481 non

1214 1499 1457 1541 reportaverit,
1498 1500 1609 1532 habitu
1644 1501 1732 1534 illico
1769 1502 1946 1545 spolietur2

1213 1557 1308 1593 prout
1325 1552 1421 1584 etiam
1445 1553 1594 1595 superior
1614 1559 1790 1587 conventus
1815 1555 1950 1588 novitia-

1214 1610 1259 1636 tus
1276 1605 1324 1637 vel
1343 1610 1460 1644 custos,
1483 1605 1508 1638 si
1529 1606 1562 1638 in
1588 1617 1625 1639 eo
1643 1607 1812 1648 resederit,
1832 1618 1868 1640 ac
1884 1618 1949 1640 ma-

1212 1657 1310 1699 gister
1335 1658 1537 1699 novitiorum,
1563 1659 1588 1691 si
1621 1660 1759 1702 aliquem
1792 1660 1946 1693 novitium

1212 1710 1364 1752 religioni
1390 1711 1534 1754 ineptum
1561 1722 1629 1744 esse
1659 1723 1719 1745 nec
1743 1713 1812 1745 sine
1830 1712 1947 1745 incom-

1211 1763 1307 1795 modo
1324 1764 1356 1796 in
1373 1764 1529 1796 novitiatu
1555 1765 1690 1797 detineri
1715 1776 1811 1808 posse
1828 1776 1947 1808 cogno-

1210 1816 1331 1857 verint,
1365 1817 1467 1857 illum,
1493 1828 1559 1850 non
1595 1825 1763 1861 expectato
1800 1824 1944 1862 tempore

1210 1870 1393 1903 emissionis
1427 1876 1585 1912 votorum,
1612 1872 1724 1904 habitu
1757 1872 1887 1915 spoliari
1914 1878 1945 1905 et

1210 1922 1371 1955 dimittere
1396 1923 1531 1965 possint.
2057 1963 2064 1964 ἶ

1252 1975 1266 2017 ἓ
1290 1974 1320 2007 8.
1348 1974 1428 2012 Quia
1458 1986 1534 2008 vero
1568 1975 1649 2009 intra
1675 1977 1772 2010 breve
1800 1983 1939 2021 tempus,
1981 1988 2139 2014 Capitulumrti-

1953 2017 2000 2034 ctae
2027 2017 2137 2035 custo-tuae

1208 2039 1271 2070 quo
1299 2028 1475 2070 capitulum
1501 2028 1605 2061 dictae
1631 2030 1797 2062 custodiae
1824 2031 1939 2063 durare
1953 2044 2138 2093 fflssffinpptltffla

1207 2081 1296 2120 solet,
1312 2080 1425 2113 confici
1451 2092 1516 2113 non
1541 2087 1695 2123 poterunt
1711 2088 1825 2114 statuta
1843 2089 1872 2115 et
1890 2093 1941 2115 or-
1953 2100 1986 2113 ωε
2005 2094 2038 2119 qui
2058 2096 2137 2114 statuta

1208 2134 1389 2166 dinationes
1414 2135 1615 2166 necessariae
1646 2135 1760 2177 quibus
1797 2136 1941 2168 custodia
1953 2121 2136 2183 fiitts‘iiffihnii-iisssiffl

1206 2187 1277 2230 ipsa
1308 2192 1466 2229 perpetuo
1500 2187 1714 2228 gubernetur,
1740 2189 1884 2221 volumus
1911 2174 2136 2220 etd¹⁶⁰⁰⁰⁰¹'⁹¹³⁰²'

1207 2239 1391 2272 ordinamus
1414 2244 1449 2271 ut
1472 2240 1645 2282 capitulum
1671 2240 1776 2283 ipsum
1794 2252 1942 2284 compro-

1207 2292 1310 2324 mittat
1327 2292 1359 2324 in
1378 2303 1534 2335 personas
1553 2293 1939 2336 quatuorreligiosorum,

1207 2346 1285 2385 zelo,
1312 2345 1485 2388 prudentia
1511 2350 1541 2377 et
1567 2346 1682 2378 virtute
1707 2347 1942 2389 praeditorum,

1208 2398 1260 2440 qui
1288 2409 1304 2430 a
1328 2404 1505 2430 memorato
1531 2398 1701 2430 Francisco
1732 2399 1886 2432 cardinali
1913 2406 1944 2432 et

1208 2455 1391 2493 protectore
1417 2451 1585 2493 approbati
1613 2462 1669 2484 scu
1705 2452 1783 2484 alias
1809 2452 1848 2484 ab
1875 2452 1943 2495 ipso

1208 2502 1363 2535 nominati
1398 2503 1480 2544 sint·‚
1507 2504 1634 2547 ipsique
1668 2505 1943 2547 compromissarii

1208 2561 1324 2587 statuta
1338 2561 1370 2587 et
1388 2556 1606 2589 ordinationes
1617 2557 1812 2599 huiusmodi,
1828 2558 1941 2601 quibus

1244 2619 1253 2643 1
1278 2618 1371 2644 Potius
1392 2618 1448 2653 lege
1469 2628 1533 2646 cum
1554 2629 1600 2654 pro
1621 2629 1684 2646 cum
1705 2628 1743 2654 tu.
1759 2622 1807 2656 T.)-
