<?xml version="1.0" encoding="UTF-8"?>
<!DOCTYPE html PUBLIC "-//W3C//DTD XHTML 1.0 Transitional//EN"
    "http://www.w3.org/TR/xhtml1/DTD/xhtml1-transitional.dtd">
<html xmlns="http://www.w3.org/1999/xhtml" xml:lang="en" lang="en">
 <head>
  <title>
</title>
<meta http-equiv="Content-Type" content="text/html;charset=utf-8" />
  <meta name='ocr-system' content='tesseract 3.04.00' />
  <meta name='ocr-capabilities' content='ocr_page ocr_carea ocr_par ocr_line ocrx_word'/>
</head>
<body>
  <div class='ocr_page' id='page_1' title='image "./bullarumdiplomat18cath_0399.png"; bbox 0 0 2279 3260; ppageno 0'>
   <div class='ocr_carea' id='block_1_1' title="bbox 142 241 334 269">
    <p class='ocr_par' dir='ltr' id='par_1_1' title="bbox 142 241 334 269">
     <span class='ocr_line' id='line_1_1' title="bbox 142 241 334 269; baseline -0.005 -1"><span class='ocrx_word' id='word_1_1' title='bbox 142 242 192 268; x_wconf 76' lang='lat' dir='ltr'>An.</span> <span class='ocrx_word' id='word_1_2' title='bbox 214 241 243 267; x_wconf 82' lang='lat' dir='ltr'>C.</span> <span class='ocrx_word' id='word_1_3' title='bbox 267 242 334 269; x_wconf 69' lang='lat'>¹072</span> 
     </span>
    </p>
   </div>
   <div class='ocr_carea' id='block_1_2' title="bbox 333 286 1076 805">
    <p class='ocr_par' dir='ltr' id='par_1_2' title="bbox 333 286 1076 805">
     <span class='ocr_line' id='line_1_2' title="bbox 335 286 1073 329; baseline -0.012 -3"><span class='ocrx_word' id='word_1_4' title='bbox 335 291 624 325; x_wconf 85' lang='lat' dir='ltr'>Camaldulensium</span> <span class='ocrx_word' id='word_1_5' title='bbox 638 288 790 327; x_wconf 83' lang='lat' dir='ltr'>Etruriae,</span> <span class='ocrx_word' id='word_1_6' title='bbox 806 287 871 319; x_wconf 90' lang='lat' dir='ltr'>sivc</span> <span class='ocrx_word' id='word_1_7' title='bbox 887 286 1073 329; x_wconf 83' lang='lat' dir='ltr'>provinciae</span> 
     </span>
     <span class='ocr_line' id='line_1_3' title="bbox 336 339 1074 384; baseline -0.008 -7"><span class='ocrx_word' id='word_1_8' title='bbox 336 345 498 384; x_wconf 81' lang='lat' dir='ltr'>Aretinae,</span> <span class='ocrx_word' id='word_1_9' title='bbox 525 354 560 376; x_wconf 87' lang='lat' dir='ltr'>ac</span> <span class='ocrx_word' id='word_1_10' title='bbox 584 341 850 384; x_wconf 79' lang='lat' dir='ltr'>Congregationis</span> <span class='ocrx_word' id='word_1_11' title='bbox 877 340 992 372; x_wconf 84' lang='lat' dir='ltr'>Montis</span> <span class='ocrx_word' id='word_1_12' title='bbox 1016 339 1074 372; x_wconf 91' lang='lat' dir='ltr'>Co-</span> 
     </span>
     <span class='ocr_line' id='line_1_4' title="bbox 335 394 1072 438; baseline -0.008 -8"><span class='ocrx_word' id='word_1_13' title='bbox 335 408 444 436; x_wconf 86' lang='lat' dir='ltr'>ronae,</span> <span class='ocrx_word' id='word_1_14' title='bbox 471 405 646 438; x_wconf 87' lang='lat' dir='ltr'>earumque</span> <span class='ocrx_word' id='word_1_15' title='bbox 670 394 848 437; x_wconf 72' lang='lat' dir='ltr'>respective</span> <span class='ocrx_word' id='word_1_16' title='bbox 874 404 1072 433; x_wconf 81' lang='lat' dir='ltr'>eremorum,</span> 
     </span>
     <span class='ocr_line' id='line_1_5' title="bbox 335 446 1074 488; baseline -0.007 -5"><span class='ocrx_word' id='word_1_17' title='bbox 335 450 615 488; x_wconf 74' lang='lat' dir='ltr'>monasteriorum,</span> <span class='ocrx_word' id='word_1_18' title='bbox 641 448 860 480; x_wconf 84' lang='lat' dir='ltr'>membrorum</span> <span class='ocrx_word' id='word_1_19' title='bbox 886 452 917 479; x_wconf 82' lang='lat' dir='ltr'>ct</span> <span class='ocrx_word' id='word_1_20' title='bbox 937 446 1074 479; x_wconf 90' lang='lat' dir='ltr'>aliorum</span> 
     </span>
     <span class='ocr_line' id='line_1_6' title="bbox 335 497 1075 541; baseline -0.007 -8"><span class='ocrx_word' id='word_1_21' title='bbox 335 502 482 534; x_wconf 90' lang='lat' dir='ltr'>locorum</span> <span class='ocrx_word' id='word_1_22' title='bbox 514 498 711 541; x_wconf 77' lang='lat' dir='ltr'>regularium</span> <span class='ocrx_word' id='word_1_23' title='bbox 743 498 962 540; x_wconf 78' lang='lat' dir='ltr'>praefatorum</span> <span class='ocrx_word' id='word_1_24' title='bbox 995 497 1075 529; x_wconf 91' lang='lat' dir='ltr'>invi-</span> 
     </span>
     <span class='ocr_line' id='line_1_7' title="bbox 335 549 1075 594; baseline -0.005 -9"><span class='ocrx_word' id='word_1_25' title='bbox 335 551 582 594; x_wconf 86' lang='lat' dir='ltr'>cem,uniusque</span> <span class='ocrx_word' id='word_1_26' title='bbox 598 550 874 593; x_wconf 81' lang='lat' dir='ltr'>Congregationis,</span> <span class='ocrx_word' id='word_1_27' title='bbox 894 560 930 582; x_wconf 84' lang='lat' dir='ltr'>ex</span> <span class='ocrx_word' id='word_1_28' title='bbox 948 549 1012 582; x_wconf 94' lang='lat' dir='ltr'>illis</span> <span class='ocrx_word' id='word_1_29' title='bbox 1030 549 1075 582; x_wconf 91' lang='lat' dir='ltr'>sic</span> 
     </span>
     <span class='ocr_line' id='line_1_8' title="bbox 334 603 1076 646; baseline -0.004 -9"><span class='ocrx_word' id='word_1_30' title='bbox 334 605 451 644; x_wconf 86' lang='lat' dir='ltr'>unitis,</span> <span class='ocrx_word' id='word_1_31' title='bbox 476 603 609 636; x_wconf 80' lang='lat' dir='ltr'>annexis</span> <span class='ocrx_word' id='word_1_32' title='bbox 643 608 675 636; x_wconf 90' lang='lat' dir='ltr'>et</span> <span class='ocrx_word' id='word_1_33' title='bbox 700 603 924 646; x_wconf 88' lang='lat' dir='ltr'>incorporatis,</span> <span class='ocrx_word' id='word_1_34' title='bbox 940 603 1076 635; x_wconf 89' lang='lat' dir='ltr'>erectio-</span> 
     </span>
     <span class='ocr_line' id='line_1_9' title="bbox 334 655 1075 695; baseline -0.004 -5"><span class='ocrx_word' id='word_1_35' title='bbox 334 668 410 690; x_wconf 89' lang='lat' dir='ltr'>nem</span> <span class='ocrx_word' id='word_1_36' title='bbox 441 662 473 690; x_wconf 88' lang='lat' dir='ltr'>et</span> <span class='ocrx_word' id='word_1_37' title='bbox 504 656 785 695; x_wconf 89' lang='lat' dir='ltr'>institutionem,a</span> <span class='ocrx_word' id='word_1_38' title='bbox 810 660 987 688; x_wconf 88' lang='lat' dir='ltr'>memorato</span> <span class='ocrx_word' id='word_1_39' title='bbox 1019 655 1075 687; x_wconf 91' lang='lat' dir='ltr'>Ur-</span> 
     </span>
     <span class='ocr_line' id='line_1_10' title="bbox 333 698 1075 753; baseline -0.005 -10"><span class='ocrx_word' id='word_1_40' title='bbox 333 711 419 743; x_wconf 89' lang='lat' dir='ltr'>bano</span> <span class='ocrx_word' id='word_1_41' title='bbox 436 710 686 753; x_wconf 76' lang='lat' dir='ltr'>praedecessore</span> <span class='ocrx_word' id='word_1_42' title='bbox 707 698 820 748; x_wconf 80' lang='lat' dir='ltr'>¹saetas,</span> <span class='ocrx_word' id='word_1_43' title='bbox 847 718 973 740; x_wconf 86' lang='lat' dir='ltr'>necnon</span> <span class='ocrx_word' id='word_1_44' title='bbox 999 708 1075 740; x_wconf 90' lang='lat' dir='ltr'>alte-</span> 
     </span>
     <span class='ocr_line' id='line_1_11' title="bbox 334 761 1074 805; baseline -0.004 -9"><span class='ocrx_word' id='word_1_45' title='bbox 334 775 403 796; x_wconf 88' lang='lat' dir='ltr'>ram</span> <span class='ocrx_word' id='word_1_46' title='bbox 427 763 583 796; x_wconf 90' lang='lat' dir='ltr'>unionem</span> <span class='ocrx_word' id='word_1_47' title='bbox 600 762 664 795; x_wconf 91' lang='lat' dir='ltr'>sive</span> <span class='ocrx_word' id='word_1_48' title='bbox 688 761 987 805; x_wconf 72' lang='lat' dir='ltr'>incorporationem</span> <span class='ocrx_word' id='word_1_49' title='bbox 1005 771 1074 793; x_wconf 90' lang='lat' dir='ltr'>ere-</span> 
     </span>
    </p>
   </div>
   <div class='ocr_carea' id='block_1_3' title="bbox 335 814 1101 861">
    <p class='ocr_par' dir='ltr' id='par_1_3' title="bbox 335 814 1101 861">
     <span class='ocr_line' id='line_1_12' title="bbox 335 814 1101 861; baseline -0.004 -13"><span class='ocrx_word' id='word_1_50' title='bbox 335 816 378 848; x_wconf 88' lang='lat' dir='ltr'>mi</span> <span class='ocrx_word' id='word_1_51' title='bbox 405 815 701 849; x_wconf 87' lang='lat' dir='ltr'>Camaldulensium</span> <span class='ocrx_word' id='word_1_52' title='bbox 725 814 759 846; x_wconf 93' lang='lat' dir='ltr'>in</span> <span class='ocrx_word' id='word_1_53' title='bbox 785 814 948 847; x_wconf 87' lang='lat' dir='ltr'>montibus</span> <span class='ocrx_word' id='word_1_54' title='bbox 972 823 1074 856; x_wconf 90' lang='lat' dir='ltr'>prope</span> <span class='ocrx_word' id='word_1_55' title='bbox 1100 858 1101 861; x_wconf 11' lang='grc' dir='ltr'><strong>Ἴ</strong></span> 
     </span>
    </p>
   </div>
   <div class='ocr_carea' id='block_1_4' title="bbox 332 866 1075 1332">
    <p class='ocr_par' dir='ltr' id='par_1_4' title="bbox 332 866 1075 1332">
     <span class='ocr_line' id='line_1_13' title="bbox 333 866 1072 907; baseline -0.004 -6"><span class='ocrx_word' id='word_1_56' title='bbox 333 868 507 901; x_wconf 88' lang='lat' dir='ltr'>Taurinum</span> <span class='ocrx_word' id='word_1_57' title='bbox 532 867 627 907; x_wconf 88' lang='lat' dir='ltr'>sitae,</span> <span class='ocrx_word' id='word_1_58' title='bbox 653 868 718 899; x_wconf 73' lang='lat' dir='ltr'>una</span> <span class='ocrx_word' id='word_1_59' title='bbox 749 877 823 899; x_wconf 93' lang='lat' dir='ltr'>cum</span> <span class='ocrx_word' id='word_1_60' title='bbox 848 866 919 899; x_wconf 85' lang='lat' dir='ltr'>aliis</span> <span class='ocrx_word' id='word_1_61' title='bbox 945 866 1072 906; x_wconf 80' lang='lat' dir='ltr'>eremis,</span> 
     </span>
     <span class='ocr_line' id='line_1_14' title="bbox 334 919 1070 962; baseline -0.007 -8"><span class='ocrx_word' id='word_1_62' title='bbox 334 921 483 954; x_wconf 83' lang='lat' dir='ltr'>domibus</span> <span class='ocrx_word' id='word_1_63' title='bbox 508 926 539 953; x_wconf 90' lang='lat' dir='ltr'>et</span> <span class='ocrx_word' id='word_1_64' title='bbox 562 920 642 953; x_wconf 90' lang='lat' dir='ltr'>locis</span> <span class='ocrx_word' id='word_1_65' title='bbox 667 920 707 952; x_wconf 90' lang='lat' dir='ltr'>ab</span> <span class='ocrx_word' id='word_1_66' title='bbox 728 921 766 952; x_wconf 73' lang='lat' dir='ltr'>ea</span> <span class='ocrx_word' id='word_1_67' title='bbox 790 919 1048 962; x_wconf 80' lang='lat' dir='ltr'>dependentibus</span> <span class='ocrx_word' id='word_1_68' title='bbox 1063 944 1070 958; x_wconf 97' lang='lat'>‚</span> 
     </span>
     <span class='ocr_line' id='line_1_15' title="bbox 334 971 1075 1017; baseline -0.007 -10"><span class='ocrx_word' id='word_1_69' title='bbox 334 974 402 1007; x_wconf 89' lang='lat' dir='ltr'>sive</span> <span class='ocrx_word' id='word_1_70' title='bbox 428 973 659 1017; x_wconf 84' lang='lat' dir='ltr'>quoquomodo</span> <span class='ocrx_word' id='word_1_71' title='bbox 697 973 735 1005; x_wconf 91' lang='lat' dir='ltr'>ad</span> <span class='ocrx_word' id='word_1_72' title='bbox 769 972 857 1005; x_wconf 88' lang='lat' dir='ltr'>illam</span> <span class='ocrx_word' id='word_1_73' title='bbox 882 971 1075 1014; x_wconf 90' lang='lat' dir='ltr'>pertinenti-</span> 
     </span>
     <span class='ocr_line' id='line_1_16' title="bbox 332 1022 1074 1069; baseline -0.007 -10"><span class='ocrx_word' id='word_1_74' title='bbox 332 1027 401 1066; x_wconf 89' lang='lat' dir='ltr'>bus,</span> <span class='ocrx_word' id='word_1_75' title='bbox 414 1027 453 1059; x_wconf 88' lang='lat' dir='ltr'>ad</span> <span class='ocrx_word' id='word_1_76' title='bbox 465 1026 642 1069; x_wconf 80' lang='lat' dir='ltr'>praefatam</span> <span class='ocrx_word' id='word_1_77' title='bbox 652 1024 941 1067; x_wconf 82' lang='lat' dir='ltr'>Congregationem</span> <span class='ocrx_word' id='word_1_78' title='bbox 958 1022 1074 1055; x_wconf 88' lang='lat' dir='ltr'>Camal-</span> 
     </span>
     <span class='ocr_line' id='line_1_17' title="bbox 334 1075 1072 1115; baseline -0.007 -3"><span class='ocrx_word' id='word_1_79' title='bbox 334 1079 517 1112; x_wconf 89' lang='lat' dir='ltr'>dulensium</span> <span class='ocrx_word' id='word_1_80' title='bbox 533 1078 649 1111; x_wconf 87' lang='lat' dir='ltr'>Montis</span> <span class='ocrx_word' id='word_1_81' title='bbox 673 1077 815 1110; x_wconf 84' lang='lat' dir='ltr'>Coronae</span> <span class='ocrx_word' id='word_1_82' title='bbox 842 1076 966 1115; x_wconf 84' lang='lat' dir='ltr'>saetam,</span> <span class='ocrx_word' id='word_1_83' title='bbox 986 1080 1018 1108; x_wconf 88' lang='lat' dir='ltr'>et</span> <span class='ocrx_word' id='word_1_84' title='bbox 1034 1075 1072 1107; x_wconf 89' lang='lat' dir='ltr'>ab</span> 
     </span>
     <span class='ocr_line' id='line_1_18' title="bbox 334 1127 1074 1172; baseline -0.007 -8"><span class='ocrx_word' id='word_1_85' title='bbox 334 1132 450 1164; x_wconf 90' lang='lat' dir='ltr'>eodem</span> <span class='ocrx_word' id='word_1_86' title='bbox 474 1130 603 1163; x_wconf 88' lang='lat' dir='ltr'>Urbano</span> <span class='ocrx_word' id='word_1_87' title='bbox 629 1130 881 1172; x_wconf 78' lang='lat' dir='ltr'>praedecessore</span> <span class='ocrx_word' id='word_1_88' title='bbox 905 1127 1074 1161; x_wconf 82' lang='lat' dir='ltr'>confirma-</span> 
     </span>
     <span class='ocr_line' id='line_1_19' title="bbox 333 1181 1073 1226; baseline -0.007 -9"><span class='ocrx_word' id='word_1_89' title='bbox 333 1189 405 1224; x_wconf 88' lang='lat' dir='ltr'>tam,</span> <span class='ocrx_word' id='word_1_90' title='bbox 420 1189 457 1216; x_wconf 89' lang='lat' dir='ltr'>ut</span> <span class='ocrx_word' id='word_1_91' title='bbox 476 1183 668 1226; x_wconf 83' lang='lat' dir='ltr'>praefertur,</span> <span class='ocrx_word' id='word_1_92' title='bbox 695 1188 735 1222; x_wconf 91' lang='lat' dir='ltr'>et,</span> <span class='ocrx_word' id='word_1_93' title='bbox 749 1186 845 1225; x_wconf 91' lang='lat' dir='ltr'>prout</span> <span class='ocrx_word' id='word_1_94' title='bbox 867 1181 939 1214; x_wconf 90' lang='lat' dir='ltr'>illas</span> <span class='ocrx_word' id='word_1_95' title='bbox 963 1189 1073 1223; x_wconf 88' lang='lat' dir='ltr'>respe-</span> 
     </span>
     <span class='ocr_line' id='line_1_20' title="bbox 333 1233 1073 1277; baseline -0.008 -7"><span class='ocrx_word' id='word_1_96' title='bbox 333 1238 415 1270; x_wconf 89' lang='lat' dir='ltr'>ctive</span> <span class='ocrx_word' id='word_1_97' title='bbox 439 1241 649 1275; x_wconf 86' lang='lat' dir='ltr'>concernunt,</span> <span class='ocrx_word' id='word_1_98' title='bbox 676 1240 841 1268; x_wconf 81' lang='lat' dir='ltr'>emanatas</span> <span class='ocrx_word' id='word_1_99' title='bbox 866 1234 1006 1277; x_wconf 84' lang='lat' dir='ltr'>desuper</span> <span class='ocrx_word' id='word_1_100' title='bbox 1026 1233 1073 1276; x_wconf 89' lang='lat' dir='ltr'>ip-</span> 
     </span>
     <span class='ocr_line' id='line_1_21' title="bbox 333 1288 1074 1332; baseline -0.007 -9"><span class='ocrx_word' id='word_1_101' title='bbox 333 1291 400 1323; x_wconf 91' lang='lat' dir='ltr'>sius</span> <span class='ocrx_word' id='word_1_102' title='bbox 416 1289 537 1323; x_wconf 81' lang='lat' dir='ltr'>Urbani</span> <span class='ocrx_word' id='word_1_103' title='bbox 554 1288 814 1332; x_wconf 83' lang='lat' dir='ltr'>praedecessoris</span> <span class='ocrx_word' id='word_1_104' title='bbox 838 1288 962 1321; x_wconf 79' lang='lat' dir='ltr'>litteras</span> <span class='ocrx_word' id='word_1_105' title='bbox 979 1296 1074 1330; x_wconf 88' lang='lat' dir='ltr'>prae-</span> 
     </span>
    </p>
   </div>
   <div class='ocr_carea' id='block_1_5' title="bbox 334 1340 1094 1384">
    <p class='ocr_par' dir='ltr' id='par_1_5' title="bbox 334 1340 1094 1384">
     <span class='ocr_line' id='line_1_22' title="bbox 334 1340 1094 1384; baseline -0.005 -9"><span class='ocrx_word' id='word_1_106' title='bbox 334 1343 423 1383; x_wconf 88' lang='lat' dir='ltr'>fatas,</span> <span class='ocrx_word' id='word_1_107' title='bbox 438 1353 475 1375; x_wconf 89' lang='lat' dir='ltr'>ex</span> <span class='ocrx_word' id='word_1_108' title='bbox 500 1352 587 1374; x_wconf 89' lang='lat' dir='ltr'>nunc</span> <span class='ocrx_word' id='word_1_109' title='bbox 604 1346 717 1374; x_wconf 88' lang='lat' dir='ltr'>tenore</span> <span class='ocrx_word' id='word_1_110' title='bbox 742 1340 962 1384; x_wconf 82' lang='lat' dir='ltr'>praesentium</span> <span class='ocrx_word' id='word_1_111' title='bbox 986 1340 1094 1372; x_wconf 66' lang='lat' dir='ltr'>reve-⁴</span> 
     </span>
    </p>
   </div>
   <div class='ocr_carea' id='block_1_6' title="bbox 333 1392 1074 1436">
    <p class='ocr_par' dir='ltr' id='par_1_6' title="bbox 333 1392 1074 1436">
     <span class='ocr_line' id='line_1_23' title="bbox 333 1392 1074 1436; baseline -0.005 -8"><span class='ocrx_word' id='word_1_112' title='bbox 333 1406 452 1436; x_wconf 86' lang='lat' dir='ltr'>camus,</span> <span class='ocrx_word' id='word_1_113' title='bbox 472 1394 686 1434; x_wconf 83' lang='lat' dir='ltr'>dissolvimus,</span> <span class='ocrx_word' id='word_1_114' title='bbox 702 1393 864 1425; x_wconf 89' lang='lat' dir='ltr'>irritamus</span> <span class='ocrx_word' id='word_1_115' title='bbox 882 1397 914 1425; x_wconf 88' lang='lat' dir='ltr'>et</span> <span class='ocrx_word' id='word_1_116' title='bbox 927 1392 1074 1425; x_wconf 84' lang='lat' dir='ltr'>annulla-</span> 
     </span>
    </p>
   </div>
   <div class='ocr_carea' id='block_1_7' title="bbox 332 1445 1095 1490">
    <p class='ocr_par' dir='ltr' id='par_1_7' title="bbox 332 1445 1095 1490">
     <span class='ocr_line' id='line_1_24' title="bbox 332 1445 1095 1490; baseline -0.005 -10"><span class='ocrx_word' id='word_1_117' title='bbox 332 1459 404 1481; x_wconf 90' lang='lat' dir='ltr'>mus</span> <span class='ocrx_word' id='word_1_118' title='bbox 420 1475 427 1488; x_wconf 97' lang='lat'>,</span> <span class='ocrx_word' id='word_1_119' title='bbox 451 1447 638 1490; x_wconf 87' lang='lat' dir='ltr'>viribusque</span> <span class='ocrx_word' id='word_1_120' title='bbox 676 1451 707 1479; x_wconf 89' lang='lat' dir='ltr'>et</span> <span class='ocrx_word' id='word_1_121' title='bbox 741 1445 857 1478; x_wconf 76' lang='lat' dir='ltr'>effectu</span> <span class='ocrx_word' id='word_1_122' title='bbox 889 1445 1017 1488; x_wconf 85' lang='lat' dir='ltr'>penitus</span> <span class='ocrx_word' id='word_1_123' title='bbox 1042 1449 1095 1477; x_wconf 72' lang='lat' dir='ltr'>etr</span> 
     </span>
    </p>
   </div>
   <div class='ocr_carea' id='block_1_8' title="bbox 332 1501 1073 2605">
    <p class='ocr_par' dir='ltr' id='par_1_8' title="bbox 332 1501 1072 1911">
     <span class='ocr_line' id='line_1_25' title="bbox 332 1501 1070 1539; baseline -0.005 -5"><span class='ocrx_word' id='word_1_124' title='bbox 332 1501 465 1535; x_wconf 89' lang='lat' dir='ltr'>omnino</span> <span class='ocrx_word' id='word_1_125' title='bbox 483 1510 665 1539; x_wconf 82' lang='lat' dir='ltr'>vacuamus,</span> <span class='ocrx_word' id='word_1_126' title='bbox 682 1509 717 1531; x_wconf 93' lang='lat' dir='ltr'>ac</span> <span class='ocrx_word' id='word_1_127' title='bbox 734 1509 771 1531; x_wconf 79' lang='lat' dir='ltr'>ex</span> <span class='ocrx_word' id='word_1_128' title='bbox 789 1509 875 1531; x_wconf 88' lang='lat' dir='ltr'>nunc</span> <span class='ocrx_word' id='word_1_129' title='bbox 893 1503 1070 1538; x_wconf 87' lang='lat' dir='ltr'>revocatas,</span> 
     </span>
     <span class='ocr_line' id='line_1_26' title="bbox 333 1551 1072 1593; baseline -0.007 -5"><span class='ocrx_word' id='word_1_130' title='bbox 333 1555 515 1593; x_wconf 88' lang='lat' dir='ltr'>dissolutas,</span> <span class='ocrx_word' id='word_1_131' title='bbox 540 1553 648 1586; x_wconf 88' lang='lat' dir='ltr'>irritas</span> <span class='ocrx_word' id='word_1_132' title='bbox 674 1558 704 1585; x_wconf 90' lang='lat' dir='ltr'>et</span> <span class='ocrx_word' id='word_1_133' title='bbox 725 1553 917 1591; x_wconf 85' lang='lat' dir='ltr'>annullatas,</span> <span class='ocrx_word' id='word_1_134' title='bbox 942 1551 1072 1584; x_wconf 88' lang='lat' dir='ltr'>viribus-</span> 
     </span>
     <span class='ocr_line' id='line_1_27' title="bbox 333 1604 1072 1651; baseline -0.007 -11"><span class='ocrx_word' id='word_1_135' title='bbox 333 1618 396 1651; x_wconf 90' lang='lat' dir='ltr'>que</span> <span class='ocrx_word' id='word_1_136' title='bbox 417 1612 449 1639; x_wconf 89' lang='lat' dir='ltr'>et</span> <span class='ocrx_word' id='word_1_137' title='bbox 475 1605 593 1639; x_wconf 79' lang='lat' dir='ltr'>effectu</span> <span class='ocrx_word' id='word_1_138' title='bbox 618 1615 732 1638; x_wconf 86' lang='lat' dir='ltr'>vacuas</span> <span class='ocrx_word' id='word_1_139' title='bbox 757 1614 830 1637; x_wconf 90' lang='lat' dir='ltr'>esse</span> <span class='ocrx_word' id='word_1_140' title='bbox 857 1609 888 1636; x_wconf 91' lang='lat' dir='ltr'>et</span> <span class='ocrx_word' id='word_1_141' title='bbox 912 1604 980 1636; x_wconf 87' lang='lat' dir='ltr'>sore</span> <span class='ocrx_word' id='word_1_142' title='bbox 1017 1604 1072 1636; x_wconf 91' lang='lat' dir='ltr'>de-</span> 
     </span>
     <span class='ocr_line' id='line_1_28' title="bbox 333 1656 1072 1697; baseline -0.007 -4"><span class='ocrx_word' id='word_1_143' title='bbox 333 1660 495 1694; x_wconf 88' lang='lat' dir='ltr'>cernimus</span> <span class='ocrx_word' id='word_1_144' title='bbox 521 1664 553 1692; x_wconf 87' lang='lat' dir='ltr'>et</span> <span class='ocrx_word' id='word_1_145' title='bbox 577 1659 789 1697; x_wconf 88' lang='lat' dir='ltr'>declaramus,</span> <span class='ocrx_word' id='word_1_146' title='bbox 816 1667 944 1690; x_wconf 86' lang='lat' dir='ltr'>necnon</span> <span class='ocrx_word' id='word_1_147' title='bbox 969 1656 1072 1689; x_wconf 86' lang='lat' dir='ltr'>natio-</span> 
     </span>
     <span class='ocr_line' id='line_1_29' title="bbox 334 1710 1069 1757; baseline -0.007 -11"><span class='ocrx_word' id='word_1_148' title='bbox 334 1725 391 1746; x_wconf 89' lang='lat' dir='ltr'>nes</span> <span class='ocrx_word' id='word_1_149' title='bbox 424 1712 584 1757; x_wconf 85' lang='lat' dir='ltr'>praesatas</span> <span class='ocrx_word' id='word_1_150' title='bbox 618 1712 656 1744; x_wconf 88' lang='lat' dir='ltr'>ab</span> <span class='ocrx_word' id='word_1_151' title='bbox 690 1710 827 1743; x_wconf 88' lang='lat' dir='ltr'>invicem</span> <span class='ocrx_word' id='word_1_152' title='bbox 858 1720 1069 1753; x_wconf 81' lang='lat' dir='ltr'>separamus,</span> 
     </span>
     <span class='ocr_line' id='line_1_30' title="bbox 334 1763 1071 1810; baseline -0.007 -10"><span class='ocrx_word' id='word_1_153' title='bbox 334 1777 452 1810; x_wconf 88' lang='lat' dir='ltr'>easque</span> <span class='ocrx_word' id='word_1_154' title='bbox 477 1766 516 1799; x_wconf 88' lang='lat' dir='ltr'>ad</span> <span class='ocrx_word' id='word_1_155' title='bbox 541 1766 678 1799; x_wconf 86' lang='lat' dir='ltr'>sormam</span> <span class='ocrx_word' id='word_1_156' title='bbox 703 1763 881 1806; x_wconf 82' lang='lat' dir='ltr'>regiminis,</span> <span class='ocrx_word' id='word_1_157' title='bbox 907 1764 1071 1806; x_wconf 89' lang='lat' dir='ltr'>quomodo</span> 
     </span>
     <span class='ocr_line' id='line_1_31' title="bbox 333 1816 1072 1859; baseline -0.008 -6"><span class='ocrx_word' id='word_1_158' title='bbox 333 1825 407 1852; x_wconf 86' lang='lat' dir='ltr'>ante</span> <span class='ocrx_word' id='word_1_159' title='bbox 431 1819 570 1852; x_wconf 90' lang='lat' dir='ltr'>uniones</span> <span class='ocrx_word' id='word_1_160' title='bbox 596 1817 780 1850; x_wconf 88' lang='lat' dir='ltr'>huiusmodi</span> <span class='ocrx_word' id='word_1_161' title='bbox 813 1816 991 1859; x_wconf 82' lang='lat' dir='ltr'>respective</span> <span class='ocrx_word' id='word_1_162' title='bbox 1017 1827 1072 1859; x_wconf 77' lang='lat' dir='ltr'>gu-</span> 
     </span>
     <span class='ocr_line' id='line_1_32' title="bbox 332 1870 787 1911; baseline -0.009 -6"><span class='ocrx_word' id='word_1_163' title='bbox 332 1873 561 1911; x_wconf 86' lang='lat' dir='ltr'>bernabantur,</span> <span class='ocrx_word' id='word_1_164' title='bbox 587 1870 787 1903; x_wconf 88' lang='lat' dir='ltr'>reducimus.</span> 
     </span>
    </p>

    <p class='ocr_par' dir='ltr' id='par_1_9' title="bbox 333 1921 1073 2605">
     <span class='ocr_line' id='line_1_33' title="bbox 376 1921 1071 1958; baseline -0.006 0"><span class='ocrx_word' id='word_1_165' title='bbox 376 1926 549 1958; x_wconf 86' lang='lat' dir='ltr'>Praeterea</span> <span class='ocrx_word' id='word_1_166' title='bbox 585 1923 704 1956; x_wconf 87' lang='lat' dir='ltr'>dilecto</span> <span class='ocrx_word' id='word_1_167' title='bbox 739 1921 804 1955; x_wconf 83' lang='lat' dir='ltr'>tilio</span> <span class='ocrx_word' id='word_1_168' title='bbox 836 1926 948 1954; x_wconf 91' lang='lat' dir='ltr'>nostro</span> <span class='ocrx_word' id='word_1_169' title='bbox 977 1922 1071 1954; x_wconf 88' lang='lat' dir='ltr'>Petro</span> 
     </span>
     <span class='ocr_line' id='line_1_34' title="bbox 333 1975 1073 2012; baseline -0.007 0"><span class='ocrx_word' id='word_1_170' title='bbox 333 1979 479 2012; x_wconf 90' lang='lat' dir='ltr'>eiusdem</span> <span class='ocrx_word' id='word_1_171' title='bbox 499 1977 529 2011; x_wconf 87' lang='lat' dir='ltr'>S.</span> <span class='ocrx_word' id='word_1_172' title='bbox 549 1977 588 2009; x_wconf 85' lang='lat' dir='ltr'>R.</span> <span class='ocrx_word' id='word_1_173' title='bbox 607 1977 642 2009; x_wconf 91' lang='lat' dir='ltr'>E.</span> <span class='ocrx_word' id='word_1_174' title='bbox 672 1975 827 2008; x_wconf 86' lang='lat' dir='ltr'>cardinali</span> <span class='ocrx_word' id='word_1_175' title='bbox 850 1975 975 2008; x_wconf 79' lang='lat' dir='ltr'>Vidono</span> <span class='ocrx_word' id='word_1_176' title='bbox 996 1986 1073 2007; x_wconf 88' lang='lat' dir='ltr'>nun-</span> 
     </span>
     <span class='ocr_line' id='line_1_35' title="bbox 333 2028 1071 2076; baseline -0.005 -11"><span class='ocrx_word' id='word_1_177' title='bbox 333 2037 472 2076; x_wconf 89' lang='lat' dir='ltr'>cupato,</span> <span class='ocrx_word' id='word_1_178' title='bbox 500 2030 627 2064; x_wconf 90' lang='lat' dir='ltr'>Ordinis</span> <span class='ocrx_word' id='word_1_179' title='bbox 663 2029 851 2062; x_wconf 90' lang='lat' dir='ltr'>huiusmodi</span> <span class='ocrx_word' id='word_1_180' title='bbox 891 2028 976 2072; x_wconf 89' lang='lat' dir='ltr'>apud</span> <span class='ocrx_word' id='word_1_181' title='bbox 1012 2039 1071 2061; x_wconf 90' lang='lat' dir='ltr'>nos</span> 
     </span>
     <span class='ocr_line' id='line_1_36' title="bbox 334 2082 1073 2127; baseline -0.008 -8"><span class='ocrx_word' id='word_1_182' title='bbox 334 2091 364 2119; x_wconf 86' lang='lat' dir='ltr'>et</span> <span class='ocrx_word' id='word_1_183' title='bbox 395 2085 511 2118; x_wconf 91' lang='lat' dir='ltr'>Sedem</span> <span class='ocrx_word' id='word_1_184' title='bbox 546 2083 766 2127; x_wconf 82' lang='lat' dir='ltr'>Apostolicam</span> <span class='ocrx_word' id='word_1_185' title='bbox 801 2082 990 2125; x_wconf 87' lang='lat' dir='ltr'>protectori,</span> <span class='ocrx_word' id='word_1_186' title='bbox 1014 2093 1073 2125; x_wconf 87' lang='lat' dir='ltr'>per</span> 
     </span>
     <span class='ocr_line' id='line_1_37' title="bbox 334 2134 1073 2181; baseline -0.007 -10"><span class='ocrx_word' id='word_1_187' title='bbox 334 2138 461 2172; x_wconf 84' lang='lat' dir='ltr'>easdem</span> <span class='ocrx_word' id='word_1_188' title='bbox 484 2141 674 2181; x_wconf 84' lang='lat' dir='ltr'>praesentes</span> <span class='ocrx_word' id='word_1_189' title='bbox 691 2140 779 2168; x_wconf 88' lang='lat' dir='ltr'>motu</span> <span class='ocrx_word' id='word_1_190' title='bbox 804 2134 875 2178; x_wconf 90' lang='lat' dir='ltr'>pari</span> <span class='ocrx_word' id='word_1_191' title='bbox 900 2134 1073 2167; x_wconf 87' lang='lat' dir='ltr'>committi-</span> 
     </span>
     <span class='ocr_line' id='line_1_38' title="bbox 333 2187 1071 2231; baseline -0.007 -7"><span class='ocrx_word' id='word_1_192' title='bbox 333 2202 428 2231; x_wconf 87' lang='lat' dir='ltr'>mus,</span> <span class='ocrx_word' id='word_1_193' title='bbox 453 2196 490 2222; x_wconf 88' lang='lat' dir='ltr'>ut</span> <span class='ocrx_word' id='word_1_194' title='bbox 524 2189 657 2222; x_wconf 88' lang='lat' dir='ltr'>cuilibet</span> <span class='ocrx_word' id='word_1_195' title='bbox 691 2199 729 2221; x_wconf 82' lang='lat' dir='ltr'>ex</span> <span class='ocrx_word' id='word_1_196' title='bbox 766 2187 858 2220; x_wconf 86' lang='lat' dir='ltr'>dictis</span> <span class='ocrx_word' id='word_1_197' title='bbox 884 2187 1071 2220; x_wconf 89' lang='lat' dir='ltr'>nationibus</span> 
     </span>
     <span class='ocr_line' id='line_1_39' title="bbox 334 2242 1072 2287; baseline -0.007 -9"><span class='ocrx_word' id='word_1_198' title='bbox 334 2246 422 2287; x_wconf 81' lang='lat' dir='ltr'>leges</span> <span class='ocrx_word' id='word_1_199' title='bbox 448 2249 480 2277; x_wconf 92' lang='lat' dir='ltr'>et</span> <span class='ocrx_word' id='word_1_200' title='bbox 499 2242 750 2276; x_wconf 89' lang='lat' dir='ltr'>consuetudines</span> <span class='ocrx_word' id='word_1_201' title='bbox 776 2242 923 2285; x_wconf 87' lang='lat' dir='ltr'>antiquas</span> <span class='ocrx_word' id='word_1_202' title='bbox 948 2252 984 2274; x_wconf 84' lang='lat' dir='ltr'>ex</span> <span class='ocrx_word' id='word_1_203' title='bbox 1009 2242 1072 2274; x_wconf 90' lang='lat' dir='ltr'>lau-</span> 
     </span>
     <span class='ocr_line' id='line_1_40' title="bbox 336 2294 1073 2330; baseline -0.003 -1"><span class='ocrx_word' id='word_1_204' title='bbox 336 2296 433 2330; x_wconf 88' lang='lat' dir='ltr'>dabili</span> <span class='ocrx_word' id='word_1_205' title='bbox 459 2306 570 2329; x_wconf 88' lang='lat' dir='ltr'>earum</span> <span class='ocrx_word' id='word_1_206' title='bbox 586 2295 735 2328; x_wconf 87' lang='lat' dir='ltr'>instituto</span> <span class='ocrx_word' id='word_1_207' title='bbox 753 2294 944 2327; x_wconf 82' lang='lat' dir='ltr'>auctoritate</span> <span class='ocrx_word' id='word_1_208' title='bbox 960 2296 1073 2327; x_wconf 75' lang='lat' dir='ltr'>nostra</span> 
     </span>
     <span class='ocr_line' id='line_1_41' title="bbox 335 2347 1071 2392; baseline -0.003 -10"><span class='ocrx_word' id='word_1_209' title='bbox 335 2348 511 2392; x_wconf 75' lang='lat' dir='ltr'>apostolica</span> <span class='ocrx_word' id='word_1_210' title='bbox 543 2352 675 2388; x_wconf 86' lang='lat' dir='ltr'>statuat,</span> <span class='ocrx_word' id='word_1_211' title='bbox 703 2352 877 2390; x_wconf 84' lang='lat' dir='ltr'>exacteque</span> <span class='ocrx_word' id='word_1_212' title='bbox 908 2347 1071 2380; x_wconf 86' lang='lat' dir='ltr'>observari</span> 
     </span>
     <span class='ocr_line' id='line_1_42' title="bbox 335 2401 1073 2444; baseline 0 -9"><span class='ocrx_word' id='word_1_213' title='bbox 335 2402 447 2443; x_wconf 76' lang='lat' dir='ltr'>saciat,</span> <span class='ocrx_word' id='word_1_214' title='bbox 473 2401 522 2434; x_wconf 93' lang='lat' dir='ltr'>ius</span> <span class='ocrx_word' id='word_1_215' title='bbox 546 2401 723 2444; x_wconf 92' lang='lat' dir='ltr'>unicuique</span> <span class='ocrx_word' id='word_1_216' title='bbox 750 2401 880 2442; x_wconf 88' lang='lat' dir='ltr'>tribuat,</span> <span class='ocrx_word' id='word_1_217' title='bbox 906 2412 1017 2434; x_wconf 84' lang='lat' dir='ltr'>causas</span> <span class='ocrx_word' id='word_1_218' title='bbox 1042 2407 1073 2435; x_wconf 87' lang='lat' dir='ltr'>et</span> 
     </span>
     <span class='ocr_line' id='line_1_43' title="bbox 335 2454 1072 2499; baseline 0 -10"><span class='ocrx_word' id='word_1_219' title='bbox 335 2457 409 2489; x_wconf 89' lang='lat' dir='ltr'>lites</span> <span class='ocrx_word' id='word_1_220' title='bbox 436 2454 562 2488; x_wconf 83' lang='lat' dir='ltr'>decidat</span> <span class='ocrx_word' id='word_1_221' title='bbox 591 2459 621 2487; x_wconf 94' lang='lat' dir='ltr'>et</span> <span class='ocrx_word' id='word_1_222' title='bbox 645 2454 805 2496; x_wconf 90' lang='lat' dir='ltr'>terminet,</span> <span class='ocrx_word' id='word_1_223' title='bbox 832 2460 1002 2499; x_wconf 88' lang='lat' dir='ltr'>ceteraque</span> <span class='ocrx_word' id='word_1_224' title='bbox 1027 2456 1072 2489; x_wconf 83' lang='lat' dir='ltr'>fa-</span> 
     </span>
     <span class='ocr_line' id='line_1_44' title="bbox 335 2508 1072 2551; baseline 0.003 -10"><span class='ocrx_word' id='word_1_225' title='bbox 335 2509 419 2549; x_wconf 89' lang='lat' dir='ltr'>ciat,</span> <span class='ocrx_word' id='word_1_226' title='bbox 446 2518 528 2551; x_wconf 87' lang='lat' dir='ltr'>quae</span> <span class='ocrx_word' id='word_1_227' title='bbox 560 2508 599 2540; x_wconf 86' lang='lat' dir='ltr'>ad</span> <span class='ocrx_word' id='word_1_228' title='bbox 627 2508 783 2541; x_wconf 84' lang='lat' dir='ltr'>maiorem</span> <span class='ocrx_word' id='word_1_229' title='bbox 807 2509 863 2541; x_wconf 89' lang='lat' dir='ltr'>Dei</span> <span class='ocrx_word' id='word_1_230' title='bbox 894 2510 1015 2542; x_wconf 88' lang='lat' dir='ltr'>cultum</span> <span class='ocrx_word' id='word_1_231' title='bbox 1041 2516 1072 2543; x_wconf 89' lang='lat' dir='ltr'>et</span> 
     </span>
     <span class='ocr_line' id='line_1_45' title="bbox 335 2560 1072 2605; baseline 0.001 -11"><span class='ocrx_word' id='word_1_232' title='bbox 335 2560 483 2605; x_wconf 84' lang='lat' dir='ltr'>gloriam,</span> <span class='ocrx_word' id='word_1_233' title='bbox 497 2571 533 2593; x_wconf 89' lang='lat' dir='ltr'>ac</span> <span class='ocrx_word' id='word_1_234' title='bbox 547 2560 703 2593; x_wconf 88' lang='lat' dir='ltr'>dictarum</span> <span class='ocrx_word' id='word_1_235' title='bbox 720 2561 889 2594; x_wconf 88' lang='lat' dir='ltr'>nationum</span> <span class='ocrx_word' id='word_1_236' title='bbox 912 2563 1072 2605; x_wconf 86' lang='lat' dir='ltr'>tranquil-</span> 
     </span>
    </p>
   </div>
   <div class='ocr_carea' id='block_1_9' title="bbox 285 2613 1072 2649">
    <p class='ocr_par' dir='ltr' id='par_1_10' title="bbox 285 2613 1072 2649">
     <span class='ocr_line' id='line_1_46' title="bbox 285 2613 1072 2649; baseline 0.001 -2"><span class='ocrx_word' id='word_1_237' title='bbox 285 2626 287 2628; x_wconf 92' lang='lat'>·</span> <span class='ocrx_word' id='word_1_238' title='bbox 333 2614 457 2648; x_wconf 88' lang='lat' dir='ltr'>litatem</span> <span class='ocrx_word' id='word_1_239' title='bbox 483 2614 664 2646; x_wconf 86' lang='lat' dir='ltr'>conducere</span> <span class='ocrx_word' id='word_1_240' title='bbox 685 2613 874 2647; x_wconf 84' lang='lat' dir='ltr'>arbitratur:</span> <span class='ocrx_word' id='word_1_241' title='bbox 899 2625 959 2648; x_wconf 90' lang='lat' dir='ltr'>nos</span> <span class='ocrx_word' id='word_1_242' title='bbox 985 2616 1072 2649; x_wconf 89' lang='lat' dir='ltr'>enim</span> 
     </span>
    </p>
   </div>
   <div class='ocr_carea' id='block_1_10' title="bbox 421 2676 1029 2706">
    <p class='ocr_par' dir='ltr' id='par_1_11' title="bbox 421 2676 1029 2706">
     <span class='ocr_line' id='line_1_47' title="bbox 421 2676 1029 2706; baseline -0.002 0"><span class='ocrx_word' id='word_1_243' title='bbox 421 2677 498 2706; x_wconf 85' lang='lat' dir='ltr'>Bull.</span> <span class='ocrx_word' id='word_1_244' title='bbox 519 2676 600 2704; x_wconf 82' lang='lat' dir='ltr'>Rom.</span> <span class='ocrx_word' id='word_1_245' title='bbox 621 2691 653 2696; x_wconf 83' lang='lat'>—</span> <span class='ocrx_word' id='word_1_246' title='bbox 676 2677 734 2705; x_wconf 65' lang='lat' dir='ltr'>Vol.</span> <span class='ocrx_word' id='word_1_247' title='bbox 757 2677 855 2704; x_wconf 75' lang='lat' dir='ltr'><em>XVIII</em></span> <span class='ocrx_word' id='word_1_248' title='bbox 996 2679 1029 2705; x_wconf 67' lang='lat'>46</span> 
     </span>
    </p>
   </div>
   <div class='ocr_carea' id='block_1_11' title="bbox 970 239 1224 262">
    <p class='ocr_par' dir='ltr' id='par_1_12' title="bbox 970 239 1224 262">
     <span class='ocr_line' id='line_1_48' title="bbox 970 239 1224 262; baseline 0.004 -2"><span class='ocrx_word' id='word_1_249' title='bbox 970 239 1112 262; x_wconf 68' lang='lat' dir='ltr'>CLEMENS</span> <span class='ocrx_word' id='word_1_250' title='bbox 1134 240 1151 262; x_wconf 80' lang='lat' dir='ltr'>X</span> <span class='ocrx_word' id='word_1_251' title='bbox 1178 239 1224 262; x_wconf 77' lang='grc' dir='ltr'>ΓΡ.</span> 
     </span>
    </p>
   </div>
   <div class='ocr_carea' id='block_1_12' title="bbox 1093 298 1097 1562">
    <p class='ocr_par' dir='ltr' id='par_1_13' title="bbox 1093 298 1097 1562">
     <span class='ocr_line' id='line_1_49' title="bbox 1093 298 1097 1562; baseline 0 0"><span class='ocrx_word' id='word_1_252' title='bbox 1093 298 1097 1562; x_wconf 95' lang='lat' dir='ltr'> </span> 
     </span>
    </p>
   </div>
   <div class='ocr_carea' id='block_1_13' title="bbox 1092 1926 1094 2492">
    <p class='ocr_par' dir='ltr' id='par_1_14' title="bbox 1092 1926 1094 2492">
     <span class='ocr_line' id='line_1_50' title="bbox 1092 1926 1094 2492; baseline 0 0"><span class='ocrx_word' id='word_1_253' title='bbox 1092 1926 1094 2492; x_wconf 95' lang='lat' dir='ltr'> </span> 
     </span>
    </p>
   </div>
   <div class='ocr_carea' id='block_1_14' title="bbox 1113 232 1854 2554">
    <p class='ocr_par' dir='ltr' id='par_1_15' title="bbox 1113 232 1852 542">
     <span class='ocr_line' id='line_1_51' title="bbox 1743 232 1801 264; baseline 0 0"><span class='ocrx_word' id='word_1_254' title='bbox 1743 232 1801 264; x_wconf 66' lang='grc'>361</span> 
     </span>
     <span class='ocr_line' id='line_1_52' title="bbox 1115 286 1852 332; baseline 0.004 -14"><span class='ocrx_word' id='word_1_255' title='bbox 1115 286 1177 329; x_wconf 92' lang='lat' dir='ltr'>ipsi</span> <span class='ocrx_word' id='word_1_256' title='bbox 1202 286 1295 319; x_wconf 82' lang='lat' dir='ltr'>Petro</span> <span class='ocrx_word' id='word_1_257' title='bbox 1321 286 1475 319; x_wconf 87' lang='lat' dir='ltr'>cardinali</span> <span class='ocrx_word' id='word_1_258' title='bbox 1495 292 1526 320; x_wconf 84' lang='lat' dir='ltr'>et</span> <span class='ocrx_word' id='word_1_259' title='bbox 1542 289 1718 331; x_wconf 61' lang='lat' dir='ltr'>protectori</span> <span class='ocrx_word' id='word_1_260' title='bbox 1742 300 1852 332; x_wconf 74' lang='lat' dir='ltr'>‹piam-</span> 
     </span>
     <span class='ocr_line' id='line_1_53' title="bbox 1116 340 1851 383; baseline 0.004 -13"><span class='ocrx_word' id='word_1_261' title='bbox 1116 349 1253 382; x_wconf 87' lang='lat' dir='ltr'>cumque</span> <span class='ocrx_word' id='word_1_262' title='bbox 1274 340 1491 372; x_wconf 86' lang='lat' dir='ltr'>necessariam</span> <span class='ocrx_word' id='word_1_263' title='bbox 1518 346 1551 372; x_wconf 88' lang='lat' dir='ltr'>et</span> <span class='ocrx_word' id='word_1_264' title='bbox 1574 346 1786 383; x_wconf 82' lang='lat' dir='ltr'>opportunam</span> <span class='ocrx_word' id='word_1_265' title='bbox 1813 342 1851 373; x_wconf 86' lang='lat' dir='ltr'>ad</span> 
     </span>
     <span class='ocr_line' id='line_1_54' title="bbox 1116 392 1852 434; baseline 0.003 -11"><span class='ocrx_word' id='word_1_266' title='bbox 1116 392 1295 434; x_wconf 87' lang='lat' dir='ltr'>praemissa</span> <span class='ocrx_word' id='word_1_267' title='bbox 1309 393 1498 433; x_wconf 83' lang='lat' dir='ltr'>facultatem,</span> <span class='ocrx_word' id='word_1_268' title='bbox 1515 393 1628 425; x_wconf 87' lang='lat' dir='ltr'>harum</span> <span class='ocrx_word' id='word_1_269' title='bbox 1648 394 1738 434; x_wconf 75' lang='lat' dir='ltr'>serie,</span> <span class='ocrx_word' id='word_1_270' title='bbox 1753 400 1852 434; x_wconf 83' lang='lat' dir='ltr'>motu,</span> 
     </span>
     <span class='ocr_line' id='line_1_55' title="bbox 1116 444 1850 490; baseline 0.003 -14"><span class='ocrx_word' id='word_1_271' title='bbox 1116 444 1471 489; x_wconf 74' lang='lat' dir='ltr'>scientiaetpotestatis</span> <span class='ocrx_word' id='word_1_272' title='bbox 1490 446 1693 489; x_wconf 78' lang='lat' dir='ltr'>plenitudine</span> <span class='ocrx_word' id='word_1_273' title='bbox 1710 447 1850 490; x_wconf 71' lang='lat' dir='ltr'>paribus,</span> 
     </span>
     <span class='ocr_line' id='line_1_56' title="bbox 1113 497 1577 542; baseline 0.006 -14"><span class='ocrx_word' id='word_1_274' title='bbox 1113 497 1286 541; x_wconf 50' lang='lat' dir='ltr'>‘tribuimus</span> <span class='ocrx_word' id='word_1_275' title='bbox 1311 503 1342 530; x_wconf 86' lang='lat' dir='ltr'>et</span> <span class='ocrx_word' id='word_1_276' title='bbox 1365 498 1577 542; x_wconf 85' lang='lat' dir='ltr'>impartimur.</span> 
     </span>
    </p>

    <p class='ocr_par' dir='ltr' id='par_1_16' title="bbox 1113 550 1854 2554">
     <span class='ocr_line' id='line_1_57' title="bbox 1160 550 1853 594; baseline 0.003 -12"><span class='ocrx_word' id='word_1_277' title='bbox 1160 550 1376 584; x_wconf 87' lang='lat' dir='ltr'>Decernentes</span> <span class='ocrx_word' id='word_1_278' title='bbox 1410 552 1540 584; x_wconf 88' lang='lat' dir='ltr'>easdem</span> <span class='ocrx_word' id='word_1_279' title='bbox 1581 557 1768 594; x_wconf 82' lang='lat' dir='ltr'>praesentes</span> <span class='ocrx_word' id='word_1_280' title='bbox 1802 552 1853 585; x_wconf 89' lang='lat' dir='ltr'>lit-</span> 
     </span>
     <span class='ocr_line' id='line_1_58' title="bbox 1118 604 1850 647; baseline 0.004 -13"><span class='ocrx_word' id='word_1_281' title='bbox 1118 607 1201 635; x_wconf 85' lang='lat' dir='ltr'>teras</span> <span class='ocrx_word' id='word_1_282' title='bbox 1230 608 1262 635; x_wconf 89' lang='lat' dir='ltr'>et</span> <span class='ocrx_word' id='word_1_283' title='bbox 1295 604 1328 635; x_wconf 92' lang='lat' dir='ltr'>in</span> <span class='ocrx_word' id='word_1_284' title='bbox 1354 604 1399 636; x_wconf 88' lang='lat' dir='ltr'>eis</span> <span class='ocrx_word' id='word_1_285' title='bbox 1425 609 1578 637; x_wconf 86' lang='lat' dir='ltr'>contenta</span> <span class='ocrx_word' id='word_1_286' title='bbox 1609 615 1850 647; x_wconf 86' lang='lat' dir='ltr'>quaecumque,</span> 
     </span>
     <span class='ocr_line' id='line_1_59' title="bbox 1117 655 1853 700; baseline 0.003 -13"><span class='ocrx_word' id='word_1_287' title='bbox 1117 655 1213 687; x_wconf 87' lang='lat' dir='ltr'>etiam</span> <span class='ocrx_word' id='word_1_288' title='bbox 1238 666 1275 688; x_wconf 86' lang='lat' dir='ltr'>ex</span> <span class='ocrx_word' id='word_1_289' title='bbox 1301 667 1339 689; x_wconf 89' lang='lat' dir='ltr'>eo</span> <span class='ocrx_word' id='word_1_290' title='bbox 1365 657 1451 699; x_wconf 87' lang='lat' dir='ltr'>quod</span> <span class='ocrx_word' id='word_1_291' title='bbox 1477 657 1632 689; x_wconf 88' lang='lat' dir='ltr'>eremitae</span> <span class='ocrx_word' id='word_1_292' title='bbox 1654 658 1788 700; x_wconf 80' lang='lat' dir='ltr'>praefati</span> <span class='ocrx_word' id='word_1_293' title='bbox 1821 662 1853 689; x_wconf 84' lang='lat' dir='ltr'>et</span> 
     </span>
     <span class='ocr_line' id='line_1_60' title="bbox 1117 707 1853 752; baseline 0.003 -13"><span class='ocrx_word' id='word_1_294' title='bbox 1117 707 1169 739; x_wconf 89' lang='lat' dir='ltr'>alii</span> <span class='ocrx_word' id='word_1_295' title='bbox 1195 708 1330 751; x_wconf 88' lang='lat' dir='ltr'>quilibet</span> <span class='ocrx_word' id='word_1_296' title='bbox 1355 709 1387 741; x_wconf 92' lang='lat' dir='ltr'>in</span> <span class='ocrx_word' id='word_1_297' title='bbox 1408 709 1592 752; x_wconf 84' lang='lat' dir='ltr'>praemissis</span> <span class='ocrx_word' id='word_1_298' title='bbox 1617 709 1775 742; x_wconf 81' lang='lat' dir='ltr'>interesse</span> <span class='ocrx_word' id='word_1_299' title='bbox 1796 710 1853 742; x_wconf 85' lang='lat' dir='ltr'>ba-</span> 
     </span>
     <span class='ocr_line' id='line_1_61' title="bbox 1117 760 1854 806; baseline 0.004 -14"><span class='ocrx_word' id='word_1_300' title='bbox 1117 760 1228 793; x_wconf 89' lang='lat' dir='ltr'>bentes</span> <span class='ocrx_word' id='word_1_301' title='bbox 1254 771 1310 794; x_wconf 91' lang='lat' dir='ltr'>seu</span> <span class='ocrx_word' id='word_1_302' title='bbox 1335 761 1456 795; x_wconf 85' lang='lat' dir='ltr'>babere</span> <span class='ocrx_word' id='word_1_303' title='bbox 1491 762 1737 805; x_wconf 89' lang='lat' dir='ltr'>quomodolibet</span> <span class='ocrx_word' id='word_1_304' title='bbox 1761 773 1854 806; x_wconf 90' lang='lat' dir='ltr'>prae-</span> 
     </span>
     <span class='ocr_line' id='line_1_62' title="bbox 1117 814 1853 856; baseline 0.003 -11"><span class='ocrx_word' id='word_1_305' title='bbox 1117 814 1298 853; x_wconf 82' lang='lat' dir='ltr'>tendentes,</span> <span class='ocrx_word' id='word_1_306' title='bbox 1325 814 1451 846; x_wconf 84' lang='lat' dir='ltr'>etiamsi</span> <span class='ocrx_word' id='word_1_307' title='bbox 1477 815 1613 847; x_wconf 87' lang='lat' dir='ltr'>cuiusvis</span> <span class='ocrx_word' id='word_1_308' title='bbox 1638 820 1750 856; x_wconf 86' lang='lat' dir='ltr'>status,</span> <span class='ocrx_word' id='word_1_309' title='bbox 1772 815 1853 848; x_wconf 91' lang='lat' dir='ltr'>ordi-</span> 
     </span>
     <span class='ocr_line' id='line_1_63' title="bbox 1116 865 1853 909; baseline 0.004 -12"><span class='ocrx_word' id='word_1_310' title='bbox 1116 865 1174 905; x_wconf 90' lang='lat' dir='ltr'>nis,</span> <span class='ocrx_word' id='word_1_311' title='bbox 1201 866 1417 906; x_wconf 87' lang='lat' dir='ltr'>conditionis,</span> <span class='ocrx_word' id='word_1_312' title='bbox 1444 867 1720 909; x_wconf 86' lang='lat' dir='ltr'>praeeminentiae</span> <span class='ocrx_word' id='word_1_313' title='bbox 1750 872 1782 900; x_wconf 88' lang='lat' dir='ltr'>et</span> <span class='ocrx_word' id='word_1_314' title='bbox 1806 868 1853 900; x_wconf 92' lang='lat' dir='ltr'>di—</span> 
     </span>
     <span class='ocr_line' id='line_1_64' title="bbox 1117 918 1853 963; baseline 0.004 -13"><span class='ocrx_word' id='word_1_315' title='bbox 1117 918 1266 959; x_wconf 78' lang='lat' dir='ltr'>gnitatis,</span> <span class='ocrx_word' id='word_1_316' title='bbox 1292 924 1345 951; x_wconf 89' lang='lat' dir='ltr'>aut</span> <span class='ocrx_word' id='word_1_317' title='bbox 1370 920 1448 951; x_wconf 75' lang='lat' dir='ltr'>alias</span> <span class='ocrx_word' id='word_1_318' title='bbox 1473 920 1606 963; x_wconf 88' lang='lat' dir='ltr'>speciali</span> <span class='ocrx_word' id='word_1_319' title='bbox 1632 925 1661 953; x_wconf 88' lang='lat' dir='ltr'>et</span> <span class='ocrx_word' id='word_1_320' title='bbox 1687 920 1853 953; x_wconf 70' lang='lat' dir='ltr'>individua</span> 
     </span>
     <span class='ocr_line' id='line_1_65' title="bbox 1116 971 1853 1014; baseline 0.005 -12"><span class='ocrx_word' id='word_1_321' title='bbox 1116 971 1283 1004; x_wconf 90' lang='lat' dir='ltr'>mentione</span> <span class='ocrx_word' id='word_1_322' title='bbox 1310 971 1398 1014; x_wconf 81' lang='lat' dir='ltr'>digni</span> <span class='ocrx_word' id='word_1_323' title='bbox 1424 972 1571 1013; x_wconf 74' lang='lat' dir='ltr'>existant,</span> <span class='ocrx_word' id='word_1_324' title='bbox 1597 973 1662 1005; x_wconf 89' lang='lat' dir='ltr'>illis</span> <span class='ocrx_word' id='word_1_325' title='bbox 1688 984 1753 1006; x_wconf 91' lang='lat' dir='ltr'>non</span> <span class='ocrx_word' id='word_1_326' title='bbox 1779 984 1853 1006; x_wconf 88' lang='lat' dir='ltr'>con-</span> 
     </span>
     <span class='ocr_line' id='line_1_66' title="bbox 1116 1023 1854 1065; baseline 0.005 -10"><span class='ocrx_word' id='word_1_327' title='bbox 1116 1023 1299 1063; x_wconf 88' lang='lat' dir='ltr'>senserint,</span> <span class='ocrx_word' id='word_1_328' title='bbox 1325 1034 1380 1057; x_wconf 90' lang='lat' dir='ltr'>seu</span> <span class='ocrx_word' id='word_1_329' title='bbox 1416 1025 1455 1057; x_wconf 89' lang='lat' dir='ltr'>ad</span> <span class='ocrx_word' id='word_1_330' title='bbox 1491 1035 1529 1057; x_wconf 89' lang='lat' dir='ltr'>ea</span> <span class='ocrx_word' id='word_1_331' title='bbox 1558 1025 1665 1065; x_wconf 87' lang='lat' dir='ltr'>citati,</span> <span class='ocrx_word' id='word_1_332' title='bbox 1695 1027 1796 1058; x_wconf 87' lang='lat' dir='ltr'>vocati</span> <span class='ocrx_word' id='word_1_333' title='bbox 1823 1032 1854 1059; x_wconf 90' lang='lat' dir='ltr'>et</span> 
     </span>
     <span class='ocr_line' id='line_1_67' title="bbox 1117 1076 1852 1122; baseline 0.005 -15"><span class='ocrx_word' id='word_1_334' title='bbox 1117 1076 1237 1116; x_wconf 88' lang='lat' dir='ltr'>auditi,</span> <span class='ocrx_word' id='word_1_335' title='bbox 1263 1081 1317 1109; x_wconf 87' lang='lat' dir='ltr'>aut</span> <span class='ocrx_word' id='word_1_336' title='bbox 1340 1086 1469 1115; x_wconf 89' lang='lat' dir='ltr'>causae,</span> <span class='ocrx_word' id='word_1_337' title='bbox 1494 1083 1628 1120; x_wconf 89' lang='lat' dir='ltr'>propter</span> <span class='ocrx_word' id='word_1_338' title='bbox 1657 1089 1735 1121; x_wconf 90' lang='lat' dir='ltr'>quas</span> <span class='ocrx_word' id='word_1_339' title='bbox 1762 1079 1852 1122; x_wconf 82' lang='lat' dir='ltr'>ipsae</span> 
     </span>
     <span class='ocr_line' id='line_1_68' title="bbox 1116 1130 1853 1171; baseline 0.005 -11"><span class='ocrx_word' id='word_1_340' title='bbox 1116 1133 1305 1171; x_wconf 86' lang='lat' dir='ltr'>praesentes</span> <span class='ocrx_word' id='word_1_341' title='bbox 1331 1130 1559 1169; x_wconf 80' lang='lat' dir='ltr'>emanaverint,</span> <span class='ocrx_word' id='word_1_342' title='bbox 1576 1131 1744 1171; x_wconf 89' lang='lat' dir='ltr'>adductae,</span> <span class='ocrx_word' id='word_1_343' title='bbox 1770 1132 1853 1164; x_wconf 87' lang='lat' dir='ltr'>veri-</span> 
     </span>
     <span class='ocr_line' id='line_1_69' title="bbox 1117 1179 1852 1224; baseline 0.004 -11"><span class='ocrx_word' id='word_1_344' title='bbox 1117 1179 1231 1214; x_wconf 86' lang='lat' dir='ltr'>ficatae</span> <span class='ocrx_word' id='word_1_345' title='bbox 1254 1186 1285 1214; x_wconf 89' lang='lat' dir='ltr'>et</span> <span class='ocrx_word' id='word_1_346' title='bbox 1309 1181 1499 1215; x_wconf 76' lang='lat' dir='ltr'>iustificatae</span> <span class='ocrx_word' id='word_1_347' title='bbox 1517 1193 1583 1215; x_wconf 92' lang='lat' dir='ltr'>non</span> <span class='ocrx_word' id='word_1_348' title='bbox 1601 1183 1731 1224; x_wconf 86' lang='lat' dir='ltr'>suerint,</span> <span class='ocrx_word' id='word_1_349' title='bbox 1748 1185 1798 1217; x_wconf 89' lang='lat' dir='ltr'>vel</span> <span class='ocrx_word' id='word_1_350' title='bbox 1816 1195 1852 1216; x_wconf 82' lang='lat' dir='ltr'>ex</span> 
     </span>
     <span class='ocr_line' id='line_1_70' title="bbox 1117 1234 1851 1279; baseline 0.004 -13"><span class='ocrx_word' id='word_1_351' title='bbox 1117 1234 1179 1267; x_wconf 79' lang='lat' dir='ltr'>alia</span> <span class='ocrx_word' id='word_1_352' title='bbox 1213 1245 1416 1278; x_wconf 87' lang='lat' dir='ltr'>quacumque</span> <span class='ocrx_word' id='word_1_353' title='bbox 1453 1236 1658 1279; x_wconf 85' lang='lat' dir='ltr'>quantumvis</span> <span class='ocrx_word' id='word_1_354' title='bbox 1690 1236 1851 1279; x_wconf 77' lang='lat' dir='ltr'>legitima,</span> 
     </span>
     <span class='ocr_line' id='line_1_71' title="bbox 1116 1287 1853 1333; baseline 0.004 -14"><span class='ocrx_word' id='word_1_355' title='bbox 1116 1287 1168 1330; x_wconf 74' lang='lat' dir='ltr'>pia</span> <span class='ocrx_word' id='word_1_356' title='bbox 1192 1293 1224 1320; x_wconf 87' lang='lat' dir='ltr'>et</span> <span class='ocrx_word' id='word_1_357' title='bbox 1250 1288 1452 1331; x_wconf 77' lang='lat' dir='ltr'>privilegiata</span> <span class='ocrx_word' id='word_1_358' title='bbox 1477 1290 1581 1329; x_wconf 77' lang='lat' dir='ltr'>eausa,</span> <span class='ocrx_word' id='word_1_359' title='bbox 1608 1290 1734 1330; x_wconf 88' lang='lat' dir='ltr'>colore,</span> <span class='ocrx_word' id='word_1_360' title='bbox 1761 1300 1853 1333; x_wconf 88' lang='lat' dir='ltr'>prae-</span> 
     </span>
     <span class='ocr_line' id='line_1_72' title="bbox 1116 1341 1851 1386; baseline 0.004 -14"><span class='ocrx_word' id='word_1_361' title='bbox 1116 1345 1204 1373; x_wconf 82' lang='lat' dir='ltr'>textu</span> <span class='ocrx_word' id='word_1_362' title='bbox 1228 1346 1259 1373; x_wconf 90' lang='lat' dir='ltr'>et</span> <span class='ocrx_word' id='word_1_363' title='bbox 1282 1341 1396 1384; x_wconf 87' lang='lat' dir='ltr'>capite,</span> <span class='ocrx_word' id='word_1_364' title='bbox 1424 1341 1520 1374; x_wconf 84' lang='lat' dir='ltr'>etiam</span> <span class='ocrx_word' id='word_1_365' title='bbox 1551 1342 1584 1374; x_wconf 93' lang='lat' dir='ltr'>in</span> <span class='ocrx_word' id='word_1_366' title='bbox 1610 1352 1747 1386; x_wconf 90' lang='lat' dir='ltr'>corpore</span> <span class='ocrx_word' id='word_1_367' title='bbox 1772 1342 1851 1375; x_wconf 90' lang='lat' dir='ltr'>iuris</span> 
     </span>
     <span class='ocr_line' id='line_1_73' title="bbox 1115 1394 1854 1435; baseline 0.003 -9"><span class='ocrx_word' id='word_1_368' title='bbox 1115 1395 1236 1434; x_wconf 83' lang='lat' dir='ltr'>clauso,</span> <span class='ocrx_word' id='word_1_369' title='bbox 1261 1394 1356 1426; x_wconf 89' lang='lat' dir='ltr'>etiam</span> <span class='ocrx_word' id='word_1_370' title='bbox 1381 1395 1533 1435; x_wconf 88' lang='lat' dir='ltr'>enormis,</span> <span class='ocrx_word' id='word_1_371' title='bbox 1561 1395 1803 1428; x_wconf 90' lang='lat' dir='ltr'>enormissimae</span> <span class='ocrx_word' id='word_1_372' title='bbox 1822 1401 1854 1428; x_wconf 89' lang='lat' dir='ltr'>et</span> 
     </span>
     <span class='ocr_line' id='line_1_74' title="bbox 1116 1447 1853 1492; baseline 0.004 -14"><span class='ocrx_word' id='word_1_373' title='bbox 1116 1447 1223 1480; x_wconf 87' lang='lat' dir='ltr'>totalis</span> <span class='ocrx_word' id='word_1_374' title='bbox 1248 1447 1409 1487; x_wconf 85' lang='lat' dir='ltr'>laesionis,</span> <span class='ocrx_word' id='word_1_375' title='bbox 1426 1449 1516 1481; x_wconf 91' lang='lat' dir='ltr'>nullo</span> <span class='ocrx_word' id='word_1_376' title='bbox 1541 1459 1681 1491; x_wconf 87' lang='lat' dir='ltr'>unquam</span> <span class='ocrx_word' id='word_1_377' title='bbox 1706 1453 1853 1492; x_wconf 88' lang='lat' dir='ltr'>tempore</span> 
     </span>
     <span class='ocr_line' id='line_1_75' title="bbox 1116 1500 1853 1544; baseline 0.003 -12"><span class='ocrx_word' id='word_1_378' title='bbox 1116 1500 1154 1532; x_wconf 90' lang='lat' dir='ltr'>de</span> <span class='ocrx_word' id='word_1_379' title='bbox 1171 1500 1390 1543; x_wconf 87' lang='lat' dir='ltr'>subreptionis</span> <span class='ocrx_word' id='word_1_380' title='bbox 1409 1502 1458 1533; x_wconf 90' lang='lat' dir='ltr'>vel</span> <span class='ocrx_word' id='word_1_381' title='bbox 1484 1501 1697 1544; x_wconf 87' lang='lat' dir='ltr'>obreptionis,</span> <span class='ocrx_word' id='word_1_382' title='bbox 1716 1507 1771 1534; x_wconf 91' lang='lat' dir='ltr'>aut</span> <span class='ocrx_word' id='word_1_383' title='bbox 1787 1503 1853 1534; x_wconf 91' lang='lat' dir='ltr'>nul-</span> 
     </span>
     <span class='ocr_line' id='line_1_76' title="bbox 1116 1553 1852 1593; baseline 0.005 -9"><span class='ocrx_word' id='word_1_384' title='bbox 1116 1553 1214 1585; x_wconf 86' lang='lat' dir='ltr'>litatis</span> <span class='ocrx_word' id='word_1_385' title='bbox 1239 1553 1328 1593; x_wconf 90' lang='lat' dir='ltr'>vitio,</span> <span class='ocrx_word' id='word_1_386' title='bbox 1354 1564 1409 1587; x_wconf 89' lang='lat' dir='ltr'>seu</span> <span class='ocrx_word' id='word_1_387' title='bbox 1434 1554 1625 1587; x_wconf 86' lang='lat' dir='ltr'>intentionis</span> <span class='ocrx_word' id='word_1_388' title='bbox 1650 1560 1776 1587; x_wconf 87' lang='lat' dir='ltr'>nostrae</span> <span class='ocrx_word' id='word_1_389' title='bbox 1802 1556 1852 1588; x_wconf 91' lang='lat' dir='ltr'>vel</span> 
     </span>
     <span class='ocr_line' id='line_1_77' title="bbox 1115 1606 1852 1648; baseline 0.003 -10"><span class='ocrx_word' id='word_1_390' title='bbox 1115 1606 1271 1639; x_wconf 81' lang='lat' dir='ltr'>interesse</span> <span class='ocrx_word' id='word_1_391' title='bbox 1297 1607 1483 1640; x_wconf 88' lang='lat' dir='ltr'>habentium</span> <span class='ocrx_word' id='word_1_392' title='bbox 1509 1618 1682 1641; x_wconf 85' lang='lat' dir='ltr'>consensus</span> <span class='ocrx_word' id='word_1_393' title='bbox 1697 1606 1717 1648; x_wconf 93' lang='lat'>¹,</span> <span class='ocrx_word' id='word_1_394' title='bbox 1752 1608 1852 1641; x_wconf 87' lang='lat' dir='ltr'>aliove</span> 
     </span>
     <span class='ocr_line' id='line_1_78' title="bbox 1116 1659 1854 1703; baseline 0.003 -12"><span class='ocrx_word' id='word_1_395' title='bbox 1116 1659 1261 1702; x_wconf 86' lang='lat' dir='ltr'>quolibet</span> <span class='ocrx_word' id='word_1_396' title='bbox 1286 1661 1490 1702; x_wconf 90' lang='lat' dir='ltr'>quantumvis</span> <span class='ocrx_word' id='word_1_397' title='bbox 1514 1670 1630 1703; x_wconf 82' lang='lat' dir='ltr'>magno</span> <span class='ocrx_word' id='word_1_398' title='bbox 1656 1666 1688 1693; x_wconf 89' lang='lat' dir='ltr'>et</span> <span class='ocrx_word' id='word_1_399' title='bbox 1710 1661 1854 1693; x_wconf 83' lang='lat' dir='ltr'>substan-</span> 
     </span>
     <span class='ocr_line' id='line_1_79' title="bbox 1116 1712 1850 1757; baseline 0.003 -13"><span class='ocrx_word' id='word_1_400' title='bbox 1116 1712 1182 1745; x_wconf 90' lang='lat' dir='ltr'>tiali</span> <span class='ocrx_word' id='word_1_401' title='bbox 1208 1713 1334 1746; x_wconf 80' lang='lat' dir='ltr'>defectu</span> <span class='ocrx_word' id='word_1_402' title='bbox 1358 1714 1474 1753; x_wconf 84' lang='lat' dir='ltr'>notari,</span> <span class='ocrx_word' id='word_1_403' title='bbox 1493 1714 1689 1757; x_wconf 80' lang='lat' dir='ltr'>impugnari,</span> <span class='ocrx_word' id='word_1_404' title='bbox 1707 1714 1850 1757; x_wconf 80' lang='lat' dir='ltr'>infringi,</span> 
     </span>
     <span class='ocr_line' id='line_1_80' title="bbox 1115 1766 1854 1806; baseline 0.001 -8"><span class='ocrx_word' id='word_1_405' title='bbox 1115 1766 1288 1806; x_wconf 85' lang='lat' dir='ltr'>retractari,</span> <span class='ocrx_word' id='word_1_406' title='bbox 1315 1766 1354 1799; x_wconf 88' lang='lat' dir='ltr'>ad</span> <span class='ocrx_word' id='word_1_407' title='bbox 1379 1767 1535 1799; x_wconf 88' lang='lat' dir='ltr'>terminos</span> <span class='ocrx_word' id='word_1_408' title='bbox 1560 1766 1638 1799; x_wconf 86' lang='lat' dir='ltr'>iuris</span> <span class='ocrx_word' id='word_1_409' title='bbox 1662 1767 1783 1806; x_wconf 90' lang='lat' dir='ltr'>reduci,</span> <span class='ocrx_word' id='word_1_410' title='bbox 1801 1773 1854 1800; x_wconf 90' lang='lat' dir='ltr'>aut</span> 
     </span>
     <span class='ocr_line' id='line_1_81' title="bbox 1115 1819 1852 1860; baseline 0.001 -10"><span class='ocrx_word' id='word_1_411' title='bbox 1115 1819 1147 1850; x_wconf 93' lang='lat' dir='ltr'>in</span> <span class='ocrx_word' id='word_1_412' title='bbox 1172 1819 1428 1852; x_wconf 86' lang='lat' dir='ltr'>controversiam</span> <span class='ocrx_word' id='word_1_413' title='bbox 1454 1820 1607 1860; x_wconf 84' lang='lat' dir='ltr'>revocari,</span> <span class='ocrx_word' id='word_1_414' title='bbox 1626 1830 1682 1852; x_wconf 90' lang='lat' dir='ltr'>seu</span> <span class='ocrx_word' id='word_1_415' title='bbox 1699 1820 1852 1853; x_wconf 85' lang='lat' dir='ltr'>adversus</span> 
     </span>
     <span class='ocr_line' id='line_1_82' title="bbox 1115 1871 1854 1915; baseline 0.001 -12"><span class='ocrx_word' id='word_1_416' title='bbox 1115 1872 1185 1904; x_wconf 87' lang='lat' dir='ltr'>illas</span> <span class='ocrx_word' id='word_1_417' title='bbox 1210 1871 1400 1915; x_wconf 89' lang='lat' dir='ltr'>aperitionis</span> <span class='ocrx_word' id='word_1_418' title='bbox 1426 1872 1501 1913; x_wconf 89' lang='lat' dir='ltr'>oris,</span> <span class='ocrx_word' id='word_1_419' title='bbox 1520 1872 1735 1905; x_wconf 89' lang='lat' dir='ltr'>restitutionis</span> <span class='ocrx_word' id='word_1_420' title='bbox 1755 1873 1788 1904; x_wconf 95' lang='lat' dir='ltr'>in</span> <span class='ocrx_word' id='word_1_421' title='bbox 1806 1873 1854 1905; x_wconf 87' lang='lat' dir='ltr'>in-</span> 
     </span>
     <span class='ocr_line' id='line_1_83' title="bbox 1115 1925 1853 1969; baseline 0.001 -12"><span class='ocrx_word' id='word_1_422' title='bbox 1115 1931 1249 1967; x_wconf 74' lang='lat' dir='ltr'>tegrum,</span> <span class='ocrx_word' id='word_1_423' title='bbox 1276 1925 1401 1958; x_wconf 90' lang='lat' dir='ltr'>aliudve</span> <span class='ocrx_word' id='word_1_424' title='bbox 1426 1925 1652 1969; x_wconf 87' lang='lat' dir='ltr'>quodcumque</span> <span class='ocrx_word' id='word_1_425' title='bbox 1674 1925 1763 1965; x_wconf 85' lang='lat' dir='ltr'>iuris,</span> <span class='ocrx_word' id='word_1_426' title='bbox 1780 1926 1853 1958; x_wconf 86' lang='lat' dir='ltr'>sacti</span> 
     </span>
     <span class='ocr_line' id='line_1_84' title="bbox 1114 1978 1853 2020; baseline 0.003 -11"><span class='ocrx_word' id='word_1_427' title='bbox 1114 1979 1162 2011; x_wconf 83' lang='lat' dir='ltr'>vel</span> <span class='ocrx_word' id='word_1_428' title='bbox 1188 1978 1307 2020; x_wconf 82' lang='lat' dir='ltr'>gratiae</span> <span class='ocrx_word' id='word_1_429' title='bbox 1332 1978 1510 2011; x_wconf 80' lang='lat' dir='ltr'>remedium</span> <span class='ocrx_word' id='word_1_430' title='bbox 1541 1978 1704 2017; x_wconf 87' lang='lat' dir='ltr'>intentari,</span> <span class='ocrx_word' id='word_1_431' title='bbox 1720 1980 1769 2011; x_wconf 87' lang='lat' dir='ltr'>vel</span> <span class='ocrx_word' id='word_1_432' title='bbox 1794 1978 1853 2011; x_wconf 89' lang='lat' dir='ltr'>im-</span> 
     </span>
     <span class='ocr_line' id='line_1_85' title="bbox 1114 2031 1852 2075; baseline 0.001 -12"><span class='ocrx_word' id='word_1_433' title='bbox 1114 2036 1253 2074; x_wconf 86' lang='lat' dir='ltr'>petrato,</span> <span class='ocrx_word' id='word_1_434' title='bbox 1276 2036 1330 2064; x_wconf 88' lang='lat' dir='ltr'>aut</span> <span class='ocrx_word' id='word_1_435' title='bbox 1349 2031 1445 2064; x_wconf 89' lang='lat' dir='ltr'>etiam</span> <span class='ocrx_word' id='word_1_436' title='bbox 1469 2038 1567 2071; x_wconf 91' lang='lat' dir='ltr'>motu,</span> <span class='ocrx_word' id='word_1_437' title='bbox 1594 2031 1727 2064; x_wconf 76' lang='lat' dir='ltr'>scientia</span> <span class='ocrx_word' id='word_1_438' title='bbox 1752 2037 1781 2064; x_wconf 90' lang='lat' dir='ltr'>et</span> <span class='ocrx_word' id='word_1_439' title='bbox 1800 2042 1852 2075; x_wconf 86' lang='lat' dir='ltr'>po-</span> 
     </span>
     <span class='ocr_line' id='line_1_86' title="bbox 1116 2084 1851 2127; baseline 0.001 -12"><span class='ocrx_word' id='word_1_440' title='bbox 1116 2084 1237 2116; x_wconf 86' lang='lat' dir='ltr'>testatis</span> <span class='ocrx_word' id='word_1_441' title='bbox 1257 2084 1461 2127; x_wconf 89' lang='lat' dir='ltr'>plenitudine</span> <span class='ocrx_word' id='word_1_442' title='bbox 1479 2084 1610 2127; x_wconf 89' lang='lat' dir='ltr'>paribus</span> <span class='ocrx_word' id='word_1_443' title='bbox 1630 2094 1785 2117; x_wconf 86' lang='lat' dir='ltr'>concesso</span> <span class='ocrx_word' id='word_1_444' title='bbox 1803 2085 1851 2117; x_wconf 75' lang='lat' dir='ltr'>rel</span> 
     </span>
     <span class='ocr_line' id='line_1_87' title="bbox 1115 2137 1852 2180; baseline 0.001 -11"><span class='ocrx_word' id='word_1_445' title='bbox 1115 2142 1274 2176; x_wconf 87' lang='lat' dir='ltr'>emanato,</span> <span class='ocrx_word' id='word_1_446' title='bbox 1294 2137 1480 2180; x_wconf 86' lang='lat' dir='ltr'>quempiam</span> <span class='ocrx_word' id='word_1_447' title='bbox 1500 2137 1532 2169; x_wconf 92' lang='lat' dir='ltr'>in</span> <span class='ocrx_word' id='word_1_448' title='bbox 1554 2137 1674 2170; x_wconf 85' lang='lat' dir='ltr'>iudicio</span> <span class='ocrx_word' id='word_1_449' title='bbox 1694 2139 1745 2171; x_wconf 89' lang='lat' dir='ltr'>vel</span> <span class='ocrx_word' id='word_1_450' title='bbox 1763 2143 1852 2170; x_wconf 81' lang='lat' dir='ltr'>extra</span> 
     </span>
     <span class='ocr_line' id='line_1_88' title="bbox 1114 2190 1852 2235; baseline 0.003 -13"><span class='ocrx_word' id='word_1_451' title='bbox 1114 2190 1193 2223; x_wconf 92' lang='lat' dir='ltr'>illud</span> <span class='ocrx_word' id='word_1_452' title='bbox 1214 2190 1259 2224; x_wconf 90' lang='lat' dir='ltr'>uti</span> <span class='ocrx_word' id='word_1_453' title='bbox 1284 2201 1340 2223; x_wconf 90' lang='lat' dir='ltr'>seu</span> <span class='ocrx_word' id='word_1_454' title='bbox 1366 2201 1399 2224; x_wconf 91' lang='lat' dir='ltr'>se</span> <span class='ocrx_word' id='word_1_455' title='bbox 1424 2191 1530 2223; x_wconf 88' lang='lat' dir='ltr'>iuvare</span> <span class='ocrx_word' id='word_1_456' title='bbox 1550 2201 1654 2234; x_wconf 84' lang='lat' dir='ltr'>posse,</span> <span class='ocrx_word' id='word_1_457' title='bbox 1677 2192 1733 2224; x_wconf 91' lang='lat' dir='ltr'>sed</span> <span class='ocrx_word' id='word_1_458' title='bbox 1766 2192 1852 2235; x_wconf 88' lang='lat' dir='ltr'>ipsas</span> 
     </span>
     <span class='ocr_line' id='line_1_89' title="bbox 1114 2244 1851 2287; baseline 0.001 -11"><span class='ocrx_word' id='word_1_459' title='bbox 1114 2248 1301 2286; x_wconf 87' lang='lat' dir='ltr'>praesentes</span> <span class='ocrx_word' id='word_1_460' title='bbox 1325 2244 1448 2277; x_wconf 87' lang='lat' dir='ltr'>litteras</span> <span class='ocrx_word' id='word_1_461' title='bbox 1473 2255 1601 2287; x_wconf 86' lang='lat' dir='ltr'>semper</span> <span class='ocrx_word' id='word_1_462' title='bbox 1625 2245 1747 2284; x_wconf 82' lang='lat' dir='ltr'>firmas,</span> <span class='ocrx_word' id='word_1_463' title='bbox 1774 2245 1851 2277; x_wconf 86' lang='lat' dir='ltr'>vali-</span> 
     </span>
     <span class='ocr_line' id='line_1_90' title="bbox 1115 2296 1850 2341; baseline 0 -12"><span class='ocrx_word' id='word_1_464' title='bbox 1115 2297 1169 2329; x_wconf 89' lang='lat' dir='ltr'>das</span> <span class='ocrx_word' id='word_1_465' title='bbox 1184 2301 1215 2329; x_wconf 90' lang='lat' dir='ltr'>et</span> <span class='ocrx_word' id='word_1_466' title='bbox 1229 2296 1373 2330; x_wconf 85' lang='lat' dir='ltr'>efficaces</span> <span class='ocrx_word' id='word_1_467' title='bbox 1399 2297 1537 2330; x_wconf 70' lang='lat' dir='ltr'>existere</span> <span class='ocrx_word' id='word_1_468' title='bbox 1556 2303 1587 2329; x_wconf 90' lang='lat' dir='ltr'>et</span> <span class='ocrx_word' id='word_1_469' title='bbox 1607 2297 1685 2337; x_wconf 84' lang='lat' dir='ltr'>sore,</span> <span class='ocrx_word' id='word_1_470' title='bbox 1707 2308 1850 2341; x_wconf 81' lang='lat' dir='ltr'>suosque</span> 
     </span>
     <span class='ocr_line' id='line_1_91' title="bbox 1113 2349 1852 2393; baseline 0.003 -11"><span class='ocrx_word' id='word_1_471' title='bbox 1113 2350 1278 2393; x_wconf 84' lang='lat' dir='ltr'>plenarios</span> <span class='ocrx_word' id='word_1_472' title='bbox 1303 2355 1335 2383; x_wconf 88' lang='lat' dir='ltr'>et</span> <span class='ocrx_word' id='word_1_473' title='bbox 1358 2350 1502 2393; x_wconf 83' lang='lat' dir='ltr'>integros</span> <span class='ocrx_word' id='word_1_474' title='bbox 1527 2349 1662 2383; x_wconf 74' lang='lat' dir='ltr'>effectus</span> <span class='ocrx_word' id='word_1_475' title='bbox 1688 2350 1794 2383; x_wconf 90' lang='lat' dir='ltr'>sortiri</span> <span class='ocrx_word' id='word_1_476' title='bbox 1820 2357 1852 2384; x_wconf 82' lang='lat' dir='ltr'>et</span> 
     </span>
     <span class='ocr_line' id='line_1_92' title="bbox 1113 2402 1850 2447; baseline 0.001 -12"><span class='ocrx_word' id='word_1_477' title='bbox 1113 2403 1270 2443; x_wconf 86' lang='lat' dir='ltr'>obtinere,</span> <span class='ocrx_word' id='word_1_478' title='bbox 1296 2413 1331 2435; x_wconf 89' lang='lat' dir='ltr'>ac</span> <span class='ocrx_word' id='word_1_479' title='bbox 1352 2402 1425 2443; x_wconf 88' lang='lat' dir='ltr'>illis,</span> <span class='ocrx_word' id='word_1_480' title='bbox 1441 2403 1479 2435; x_wconf 91' lang='lat' dir='ltr'>ad</span> <span class='ocrx_word' id='word_1_481' title='bbox 1498 2413 1580 2446; x_wconf 86' lang='lat' dir='ltr'>quos</span> <span class='ocrx_word' id='word_1_482' title='bbox 1603 2408 1727 2446; x_wconf 85' lang='lat' dir='ltr'>spectat</span> <span class='ocrx_word' id='word_1_483' title='bbox 1744 2409 1776 2436; x_wconf 90' lang='lat' dir='ltr'>et</span> <span class='ocrx_word' id='word_1_484' title='bbox 1791 2414 1850 2447; x_wconf 90' lang='lat' dir='ltr'>pro</span> 
     </span>
     <span class='ocr_line' id='line_1_93' title="bbox 1114 2457 1851 2500; baseline -0.001 -11"><span class='ocrx_word' id='word_1_485' title='bbox 1114 2462 1261 2499; x_wconf 87' lang='lat' dir='ltr'>tempore</span> <span class='ocrx_word' id='word_1_486' title='bbox 1294 2457 1463 2500; x_wconf 90' lang='lat' dir='ltr'>spectabit,</span> <span class='ocrx_word' id='word_1_487' title='bbox 1499 2457 1531 2489; x_wconf 92' lang='lat' dir='ltr'>in</span> <span class='ocrx_word' id='word_1_488' title='bbox 1562 2457 1712 2489; x_wconf 86' lang='lat' dir='ltr'>omnibus</span> <span class='ocrx_word' id='word_1_489' title='bbox 1739 2463 1769 2490; x_wconf 89' lang='lat' dir='ltr'>et</span> <span class='ocrx_word' id='word_1_490' title='bbox 1792 2467 1851 2500; x_wconf 86' lang='lat' dir='ltr'>per</span> 
     </span>
     <span class='ocr_line' id='line_1_94' title="bbox 1114 2509 1849 2554; baseline 0 -12"><span class='ocrx_word' id='word_1_491' title='bbox 1114 2510 1224 2543; x_wconf 87' lang='lat' dir='ltr'>omnia</span> <span class='ocrx_word' id='word_1_492' title='bbox 1254 2510 1444 2554; x_wconf 87' lang='lat' dir='ltr'>plenissime</span> <span class='ocrx_word' id='word_1_493' title='bbox 1476 2510 1657 2552; x_wconf 80' lang='lat' dir='ltr'>suffragari,</span> <span class='ocrx_word' id='word_1_494' title='bbox 1686 2516 1717 2543; x_wconf 90' lang='lat' dir='ltr'>et</span> <span class='ocrx_word' id='word_1_495' title='bbox 1740 2511 1778 2542; x_wconf 89' lang='lat' dir='ltr'>ab</span> <span class='ocrx_word' id='word_1_496' title='bbox 1804 2509 1849 2542; x_wconf 88' lang='lat' dir='ltr'>eis</span> 
     </span>
    </p>
   </div>
   <div class='ocr_carea' id='block_1_15' title="bbox 1149 2624 1805 2661">
    <p class='ocr_par' dir='ltr' id='par_1_17' title="bbox 1149 2624 1805 2661">
     <span class='ocr_line' id='line_1_95' title="bbox 1149 2624 1805 2661; baseline 0.002 -10"><span class='ocrx_word' id='word_1_497' title='bbox 1149 2627 1159 2652; x_wconf 87' lang='grc'>1</span> <span class='ocrx_word' id='word_1_498' title='bbox 1184 2624 1251 2651; x_wconf 86' lang='lat' dir='ltr'>Male</span> <span class='ocrx_word' id='word_1_499' title='bbox 1270 2624 1335 2652; x_wconf 89' lang='lat' dir='ltr'>edit.</span> <span class='ocrx_word' id='word_1_500' title='bbox 1357 2624 1436 2651; x_wconf 86' lang='lat' dir='ltr'>Main.</span> <span class='ocrx_word' id='word_1_501' title='bbox 1460 2624 1524 2661; x_wconf 84' lang='lat' dir='ltr'>legit</span> <span class='ocrx_word' id='word_1_502' title='bbox 1543 2632 1680 2652; x_wconf 76' lang='lat' dir='ltr'>consensu</span> <span class='ocrx_word' id='word_1_503' title='bbox 1699 2625 1738 2659; x_wconf 76' lang='lat' dir='ltr'>(R.</span> <span class='ocrx_word' id='word_1_504' title='bbox 1755 2625 1805 2659; x_wconf 73' lang='lat' dir='ltr'>T.)-</span> 
     </span>
    </p>
   </div>
   <div class='ocr_carea' id='block_1_16' title="bbox 1855 239 2046 267">
    <p class='ocr_par' dir='ltr' id='par_1_18' title="bbox 1855 239 2046 267">
     <span class='ocr_line' id='line_1_96' title="bbox 1855 239 2046 267; baseline -0.005 -2"><span class='ocrx_word' id='word_1_505' title='bbox 1855 240 1904 267; x_wconf 83' lang='grc' dir='ltr'>Αη.</span> <span class='ocrx_word' id='word_1_506' title='bbox 1927 239 1956 266; x_wconf 91' lang='lat' dir='ltr'>C.</span> <span class='ocrx_word' id='word_1_507' title='bbox 1978 239 2046 265; x_wconf 70' lang='lat'><strong>1672»</strong></span> 
     </span>
    </p>
   </div>
  </div>
 </body>
</html>
