2279 3260
110 247 157 271 An.
181 246 208 271 t).
228 246 295 272 1570

143 932 169 952 Μ
185 932 249 957 ipitius
265 938 296 951 sn:

114 960 224 984 put-inum
248 965 296 979 cou-

115 991 197 1006 cursus.

153 1505 247 1525 mamen-
269 1503 295 1524 IX

115 1533 226 1557 praeparat
236 1537 296 1551 catiu-

115 1557 248 1578 niz-tionem.

143 2288 266 2309 Proeessus.

919 240 1059 263 crenus
1084 241 1099 262 x
1126 241 1172 262 rr.
1746 229 1765 262 7

301 303 393 335 qnae,
419 293 590 333 desperata
616 290 705 321 frat-ti
733 289 823 331 pedis
850 289 960 323 salute,
981 290 1056 329 ‹ge-2

300 344 394 376 nibus
411 349 442 376 ct
458 343 606 375 manilius
631 346 813 384 reptaverat
829 341 866 371 ad
886 340 968 371 Petri
988 351 1033 370 se-

300 397 487 439 pulchrum,
516 395 695 433 incolumis,
715 400 744 425 et
763 393 867 426 solido
893 394 973 435 pede
992 393 1033 424 in>
1054 394 1057 428 ἰ

300 449 382 488 nixa,
409 459 559 490 regressa
583 452 630 480 est
655 448 799 479 domum.

346 501 486 544 Utraque
519 511 595 533 anre
627 500 743 532 surdus
768 499 1034 531 Bartholomaeus

302 553 422 592 (jarzia,
447 558 595 586 contactu
621 562 738 596 aquae,
758 551 807 583 cni
833 551 960 583 fuerant
984 550 1036 581 ad-

302 612 406 639 motae
432 605 518 638 Petri
537 605 704 647 reliquiae,
728 603 929 646 recuperavit
954 602 1036 634 andi-

304 665 383 691 tum.
403 658 440 691 Et
455 659 569 691 eodem
591 662 740 690 contactu
758 657 857 688 visum
874 660 1035 688 momento

303 711 427 754 recepit
454 710 590 742 isabella
614 709 769 741 Gonzalez
787 718 803 740 a
828 707 928 739 tribus
953 717 1037 738 men·

303 763 392 796 sibus
415 773 520 796 caeca.
547 763 584 794 Et
609 762 704 794 foedo
728 765 923 803 apostemate
950 759 1038 792 labo-

306 826 379 848 rans
404 815 435 847 in
461 815 575 848 dextro
605 824 687 855 genu
720 813 855 845 Ioannes
881 822 961 854 puer
990 811 1038 842 lii-

307 879 377 900 mus
401 873 534 911 repente
560 866 732 899 convaluit.

350 921 365 963 g
389 919 441 952 9⁸2.
469 919 568 952 lacuit
599 924 705 950 autem
729 917 812 949 Petri
839 927 956 959 corpus
982 926 1039 957 per

307 973 425 1005 multos
461 982 561 1004 annos
591 971 623 1002 in
651 969 762 1001 humili
797 970 884 1005 loco,
911 968 942 1000 in
975 979 1037 1010 quo

307 1024 408 1067 primo
432 1023 634 1056 reconditum
656 1023 774 1061 faeiat,
793 1021 864 1060 sed,
890 1031 962 1052 cum
980 1031 1039 1052 un-

307 1077 403 1120 dique
428 1076 466 1108 ad
491 1075 571 1108 illud
596 1085 631 1107 ex
655 1076 720 1106 tota
745 1075 963 1106 contlueretnr
988 1073 1039 1105 lli-

306 1129 437 1172 spania,
462 1127 605 1170 episcopi
640 1126 812 1158 Abulensis
848 1126 1038 1158 anctoritate

306 1181 339 1214 in
363 1182 466 1214 locum
493 1179 711 1213 decentiorem
736 1190 753 1211 a
778 1179 938 1221 religiosis
963 1189 1040 1211 con-

306 1238 418 1266 ventus
432 1233 470 1264 de
489 1233 610 1264 Arensis
633 1232 821 1263 translatum
840 1236 899 1269 est,
917 1236 946 1263 et
967 1232 1039 1263 olco

305 1285 443 1317 similem
469 1285 627 1327 liquorem
659 1284 817 1316 distillans
850 1288 1013 1326 repertum
1031 1309 1038 1322 ,

306 1337 452 1371 candidis
464 1336 541 1369 velis
556 1336 613 1368 snit
626 1336 815 1375 involutumy
829 1338 953 1367 retenta
968 1346 1041 1378 qua-

308 1389 379 1422 dam
393 1389 547 1432 reliquiae
567 1389 734 1431 particula,
754 1395 785 1421 et
801 1389 833 1420 in
850 1391 922 1421 arca
938 1399 1040 1431 prope

307 1443 406 1474 altare
434 1442 535 1474 maius
561 1441 679 1474 iterum
705 1452 797 1474 muro
824 1441 994 1473 inclusum.

350 1495 365 1538 g
389 1494 443 1527 ⁶23.
470 1494 591 1527 Gratias
617 1494 715 1536 igitur
745 1494 943 1526 immortales
967 1504 1041 1534 age-

308 1547 362 1580 bat
378 1546 593 1590 omnipotenti
608 1547 673 1579 Deo
687 1546 772 1579 idem
785 1546 933 1579 Clemens
951 1557 1043 1589 prae-

309 1600 473 1638 decessor,
501 1604 532 1631 et
556 1599 587 1630 in
613 1599 671 1631 illo
688 1609 743 1631 cor
764 1609 856 1630 suum
870 1599 1042 1636 exultabat,

308 1652 407 1695 quod,
431 1652 530 1685 nullis
551 1652 619 1684 eius
638 1651 885 1694 sutiragantibus
906 1652 1040 1690 meritis,

308 1705 365 1738 sed
393 1704 563 1737 altitudine
597 1704 778 1736 divitiarum
810 1704 987 1747 sapientiae
1013 1710 1044 1737 et

308 1757 462 1790 scientiae
487 1767 574 1795 snae,
605 1757 687 1788 hauc
712 1757 794 1789 servi
820 1756 868 1788 sui
895 1756 978 1788 Petri
1005 1757 1042 1789 de

309 1809 478 1841 ¹&leantara
518 1809 770 1841 canonizationis
807 1809 1043 1841 solemnitatem

309 1871 368 1903 per
385 1860 453 1893 eius
480 1860 669 1893 humilitatis
693 1860 908 1893 ministerium
932 1861 970 1894 ad
996 1862 1042 1893 sui

309 1912 447 1945 nominis
465 1912 600 1955 gloriam
617 1918 649 1945 et
662 1913 840 1945 catholicae
851 1913 927 1946 fidei
942 1924 1044 1946 exem-

308 1966 398 2007 ptum
413 1965 551 1998 voluerit
567 1965 736 1998 celebrari.
753 1965 831 1998 Cum
847 1966 943 2004 enim,
958 1976 1045 2009 prae-

309 2023 357 2050 ter
389 2017 507 2050 eximia
538 2018 685 2061 prodigia
717 2017 835 2060 quibus
866 2018 951 2051 Petri
982 2019 1045 2051 vita

309 2070 435 2111 ett'ulsii,
454 2076 528 2113 post
540 2076 677 2103 mortem
691 2071 784 2104 etiam
800 2072 1044 2114 quamplurimis

308 2123 380 2156 aliis
397 2123 587 2163 miraculis',
607 2129 642 2155 ut
655 2124 722 2156 eius
737 2124 939 2156 sanctitatem
954 2130 1046 2157 testa-

309 2182 398 2208 retur
422 2176 517 2215 Deus,
535 2176 641 2208 aditus
658 2176 864 2219 aperiebatur
881 2177 920 2209 ad
938 2187 1045 2209 sacros

311 2229 455 2262 honores
481 2229 574 2262 Petro
600 2229 806 2262 deserendos.

354 2280 433 2324 5⁶24.
450 2281 623 2324 Propterea
636 2282 864 2315 crebrescente
883 2282 965 2314 sama
978 2282 1045 2315 eins

311 2334 502 2374 sanctitatis,
519 2334 737 2367 venerationis
756 2339 787 2367 et
807 2334 1044 2374 miraculorum,

312 2386 390 2419 editi
415 2397 513 2429 super
537 2386 586 2418 his
602 2387 690 2419 fuere
715 2397 884 2430 processus
909 2389 1047 2421 auctori-

311 2444 377 2471 tate
396 2439 573 2482 apostolica
591 2445 622 2472 et
635 2440 819 2473 ordinaria:
842 2446 873 2472 et
893 2441 1048 2473 acceden-

312 2491 398 2525 tibus
432 2492 584 2535 precibus
619 2493 725 2525 clarae
756 2493 934 2526 memoriae
966 2494 1047 2526 Phi-

351 2563 360 2588 l
380 2561 428 2588 Ed.
445 2562 560 2588 Cherub.
575 2561 616 2587 hic
629 2562 702 2589 addit
716 2562 875 2597 claruerit;
894 2563 934 2591 vel
945 2572 1048 2591 comma

313 2610 341 2634 et
353 2608 484 2643 particula
500 2611 531 2633 ue
547 2607 660 2634 delenda
675 2612 715 2642 (n.
733 2610 784 2641 T.).

1076 287 1153 329 lippi
1174 287 1209 318 ΙΙΙ
1229 292 1255 317 et
1278 287 1311 318 lV
1330 287 1561 318 catholicorum
1584 287 1808 328 Hispaniarum

1077 348 1206 376 regium,
1229 348 1352 369 ucruon
1380 338 1442 368 scre
1468 336 1610 368 omnium
1637 336 1809 378 Hispaniae

1077 400 1262 429 reputaturi,
1288 388 1470 431 veterisque
1488 389 1525 419 de
1552 398 1639 419 more
1665 388 1810 430 peractis,

1077 451 1169 473 sarra
1196 442 1311 472 rituum
1337 440 1557 481 congregatio,
1587 440 1636 471 cui
1663 440 1811 482 supradi-

1078 499 1200 525 ctorum
1226 503 1432 536 processuum
1451 492 1644 525 revisiouem
1670 491 1812 523 iniunxe-

1080 551 1124 577 rat
1151 545 1325 587 Gregorius
1351 545 1433 587 Papa
1467 544 1516 577 XV
1547 544 1643 576 etiam
1679 544 1813 586 praede-

1079 609 1189 629 cessor
1211 604 1331 635 noster,
1351 603 1424 629 tnnc
1450 607 1539 636 suus,
1561 595 1738 638 respondit,
1766 606 1814 627 re-

1080 651 1201 682 l'erente
1227 650 1330 682 bonae
1356 650 1528 682 memoriae
1549 649 1652 681 Marco
1673 648 1813 680 Antonio

1081 702 1161 733 titnli
1200 703 1231 734 S.
1269 701 1398 734 Euseliii
1434 702 1622 744 presbytero
1657 700 1812 733 cardinali

1080 753 1253 793 Gozadino,
1281 755 1362 786 iuxta
1388 755 1505 786 seriem
1531 753 1699 786 relationis
1720 753 1814 785 trium

1080 816 1247 837 causarum
1272 806 1381 849 palatii
1413 805 1582 848 apostolici
1609 804 1814 844 auditorum,

1081 859 1202 901 pluries
1228 859 1440 891 examinatam
1459 859 1553 891 fuisse
1579 869 1707 891 eausam
1732 858 1816 890 servi

1082 911 1135 943 Dei
1164 911 1247 943 l’etri
1281 912 1318 943 de
1344 912 1534 949 Alcantara,
1564 922 1599 943 ac
1630 910 1817 953 plenissime

1082 969 1229 996 constare
1251 964 1290 995 de
1311 963 1473 996 validitate
1493 974 1714 1006 processuum,
1734 963 1818 995 sama

1081 1016 1270 1055 sanctitatis,
1296 1016 1367 1048 tidei
1390 1016 1539 1058 puritate,
1559 1021 1740 1050 ceterarum
1758 1016 1819 1048 vir-

1083 1074 1183 1100 tutum
1217 1068 1427 1107 excellentia,
1462 1068 1672 1111 reliquiarum
1704 1079 1741 1100 ac
1770 1079 1819 1100 se-

1083 1121 1209 1164 pulchri
1227 1121 1444 1159 venta-atione,
1469 1126 1498 1153 et
1525 1121 1672 1164 plurimis
1691 1120 1819 1153 tandem

1083 1174 1264 1211 inii-avalim
1283 1186 1318 1206 ac
1339 1181 1511 1217 propterea
1526 1184 1633 1216 posse,
1646 1173 1671 1206 si
1687 1173 1819 1206 Summo

1084 1227 1230 1260 Pontitici
1246 1228 1430 1270 placuisset,
1445 1228 1595 1260 eumdem
1608 1227 1737 1259 Petrum
1746 1226 1820 1259 San-

1084 1286 1166 1312 ctum
1195 1292 1237 1312 .ac
1263 1280 1295 1312 in
1321 1280 1417 1312 caelis
1455 1285 1643 1321 regnantem
1668 1280 1819 1315 omnibns

1085 1332 1234 1365 tidelilins
1259 1333 1398 1365 solemni
1417 1332 1660 1364 canonizatione
1677 1332 1819 1375 proponi

1085 1385 1333 1423 venerandum,
1369 1385 1444 1417 (lum
1482 1385 1612 1417 interim
1649 1385 1820 1428 episeopus

1086 1438 1256 1470 §.bulensis
1288 1438 1319 1469 in
1352 1439 1532 1480 cappellam
1561 1437 1732 1480 quamdam
1764 1447 1821 1469 no-

1085 1502 1154 1523 ram
1172 1501 1188 1522 a
1206 1501 1239 1523 se
1260 1490 1439 1523 dedicatam
1459 1501 1584 1522 sacrum
1609 1489 1677 1523 eius
1701 1501 1820 1533 corpus

1085 1544 1220 1576 odorem
1254 1543 1477 1576 suavissimum
1509 1543 1635 1586 spirans
1667 1543 1822 1576 solemni-

1087 1601 1136 1627 ter
1161 1596 1384 1635 transtulisset,
1407 1595 1631 1638 praesentibus
1655 1594 1820 1628 nonnullis

1086 1648 1257 1690 Hispaniae
1277 1648 1490 1690 magnatibus,
1509 1647 1561 1690 qui
1581 1646 1722 1680 serendis
1747 1646 1822 1679 reli-

1087 1701 1169 1743 qniis
1195 1700 1321 1733 nobiles
1349 1701 1502 1732 humeros
1527 1699 1758 1732 snbiniserunt.

1130 1756 1144 1796 ς’
1169 1753 1221 1785 25.
1249 1754 1454 1795 Quapropter
1477 1753 1564 1785 idem
1581 1752 1753 1795 Gregorius
1770 1752 1820 1785 XV

1086 1806 1187 1839 felicis
1206 1805 1442 1838 recordationis
1456 1806 1690 1848 praedeeessor
1703 1810 1822 1843 noster,

1088 1864 1163 1891 tnnc
1184 1869 1270 1898 snus,
1290 1858 1403 1891 amitiit
1422 1858 1574 1901 precibus
1590 1858 1736 1891 eiusdem
1748 1858 1824 1890 Phi-

1087 1911 1165 1954 lippi
1191 1911 1226 1943 lx*
1252 1912 1357 1953 regis,
1385 1916 1416 1943 et
1439 1911 1576 1943 ministri
1603 1911 1764 1953 generalis
1794 1918 1826 1944 et,

1088 1965 1219 1996 fratrum
1237 1964 1363 1997 Ordinis
1383 1963 1549 2002 Minoi-nm,
1576 1969 1672 2006 atque
1695 1964 1825 1996 Petrum

1088 2017 1176 2050 Beati
1203 2017 1295 2049 titulo
1328 2016 1491 2058 insignivit
1522 2016 1574 2049 die
1604 2026 1680 2049 xvlu
1713 2015 1825 2059 aprilis

1088 2081 1172 2103 anno
1197 2069 1309 2102 salutis
1327 2079 1471 2108 ›mcxxtss
1491 2079 1527 2101 ac
1544 2069 1582 2102 de
1604 2080 1642 2102 eo
1662 2074 1824 2112 tamquam

1089 2123 1127 2156 de
1145 2123 1333 2156 Confessore
1352 2132 1417 2154 non
1432 2121 1585 2154 Pontitice
1604 2121 1655 2154 die
1669 2132 1720 2155 x1x
1738 2127 1825 2154 octo-

1088 2176 1162 2215 bris,
1182 2186 1245 2219 qua
1262 2175 1361 2218 ipsius
1385 2175 1574 2208 memoriam
1595 2176 1823 2208 celebrandam

1089 2240 1157 2261 esse
1175 2228 1291 2267 statuit,
1306 2228 1427 2271 ubique
1443 2233 1600 2261 terrarum
1615 2228 1655 2260 ab
1673 2227 1824 2261 universo

1089 2282 1206 2315 Ordine
1239 2282 1396 2314 Minorum
1428 2281 1675 2314 Observantium
1707 2282 1827 2314 utrius-

1091 2346 1152 2379 que
1171 2346 1277 2375 sexns,
1304 2335 1336 2366 in
1355 2334 1476 2377 oppido
1493 2344 1570 2367 vero
1588 2335 1627 2367 de
1646 2335 1825 2373 Atcantara,

1089 2388 1143 2420 ubi
1168 2393 1262 2420 natus
1287 2393 1342 2427 est,
1377 2393 1472 2430 atque
1497 2387 1530 2419 in
1555 2388 1658 2421 altero
1684 2388 1724 2421 de
1749 2388 1828 2420 Are·

1090 2452 1168 2479 nas,
1193 2441 1249 2473 ubi
1274 2451 1390 2484 corpus
1417 2440 1484 2472 eius
1510 2440 1714 2483 requiescere
1739 2451 1828 2474 acce-

1090 2500 1190 2538 perat,
1205 2494 1244 2526 ab
1265 2494 1414 2526 omnibns
1430 2499 1491 2526 tam
1509 2493 1712 2535 regularibus
1731 2503 1826 2536 quam

1090 2547 1312 2579 saecularibus
1352 2546 1480 2579 clericis
1520 2546 1648 2578 recitari
1684 2546 1825 2578 officium

1089 2611 1183 2644 posse
1202 2605 1233 2633 et
1250 2600 1380 2633 missam
1402 2599 1572 2639 celebrari,
1589 2598 1670 2631 datis
1685 2598 1824 2642 desuper

1813 239 1860 262 sn.
1881 237 1907 261 (ἶ.
1934 236 2000 262 1670

1858 1766 1999 1787 &atati-atio.
