2279 3260
449 226 513 258 30³0

413 283 553 322 luerunt,
573 296 608 317 aa·
636 286 675 319 ila
702 293 733 319 et
759 288 863 320 taliter
887 288 984 330 quod,
1012 287 1063 330 qni
1090 287 1143 319 illa

411 348 469 379 pro
488 342 631 381 tempore
648 340 850 379 obtinebunt,
865 341 1013 372 omnibus
1031 344 1063 371 et
1079 339 1144 371 sin-

412 390 494 429 gulis
520 402 556 423 ac
581 392 838 435 quilmsenmque
865 392 1056 435 privilegiis,
1089 391 1145 423 im-

412 443 628 483 munitatibus,
648 444 859 481 libertatibus,
876 443 1143 486 eremmionilms,

412 497 655 538 praerogativis,
677 497 940 535 antu-lationibus,
957 496 1144 535 honoribus,

413 549 583 585 favoribus,
608 549 881 591 praeeminentiis,
904 549 1048 587 indultis,
1069 559 1146 580 eon-

411 601 625 640 cessionibus,
649 601 784 643 aliisque
810 601 932 642 gratiis,
963 606 1024 632 tam
1052 600 1146 643 spiri—

412 653 551 685 tualibus
578 663 671 695 quam
698 653 940 695 tmuporalilms,
960 653 1076 696 quibus
1102 652 1144 693 lii,

412 706 464 748 qni
492 710 600 737 cetera
619 705 748 747 antiqua
767 706 869 737 ollii-ia
890 706 1071 738 huiusmodi
1091 707 1146 738 ob-

413 759 516 790 tinent
529 763 559 789 et
571 768 627 800 pro
643 763 786 800 tempore
803 759 1005 795 obtinebunt,
1016 759 1053 791 de
1066 758 1143 795 iure,

410 822 479 847 usu,
508 811 590 849 stilo,
613 811 854 850 consuetudine,
882 816 937 843 aut
964 811 1042 844 alias
1067 822 1146 854 quo-

410 864 588 897 modolibet
612 870 754 903 utuntur,
782 865 951 905 l'runntnr,
979 865 1145 908 potiuntur

411 924 442 949 et
467 917 613 958 gaudent,
633 923 686 949 ant
703 917 759 956 uti,
785 917 842 949 srui
862 923 893 950 et
909 919 1050 960 gaudere
1071 929 1146 961 pos-

410 976 485 1002 sunt
510 976 539 1002 et
565 970 736 1013 poterunt'
769 971 1013 1012 quomodolibet
1042 971 1073 1003 in
1100 971 1144 1003 su-

410 1029 525 1061 turnm,
546 1034 610 1055 non
630 1025 733 1057 solnm
752 1026 788 1058 ad
809 1026 911 1058 instar
928 1025 1086 1058 dictorum
1104 1026 1145 1057 os-

410 1077 553 1109 tiriorum
579 1078 640 1110 iam
666 1083 701 1110 ut
729 1079 913 1121 praefertur
943 1084 1142 1118 erertorum,

410 1130 464 1160 sed
490 1130 709 1172 parisormiter
742 1136 773 1163 et
801 1142 901 1174 aeque
923 1131 1146 1174 principaliter

409 1193 444 1214 ae
480 1182 599 1225 absque
632 1184 699 1216 ulla
731 1194 863 1226 prorsus
897 1183 1078 1216 dill'erentia
1113 1185 1143 1217 in

409 1234 558 1267 omnibus
575 1240 604 1267 et
620 1246 678 1278 per
699 1236 807 1268 onmia
826 1236 999 1278 gaudeant,
1016 1242 1145 1269 utantur

409 1294 440 1319 et
465 1288 619 1329 fruantur,
645 1299 681 1321 ae
706 1289 856 1331 gaudere,
878 1288 923 1320 uti
943 1294 973 1321 et
991 1289 1050 1321 frui
1076 1300 1144 1331 pos·

409 1339 491 1371 sint²
516 1346 546 1372 et
571 1341 698 1373 valeant
722 1341 780 1379 (ita
799 1345 905 1372 tamen
926 1342 1011 1383 quod
1039 1341 1145 1373 liuius-

408 1392 495 1424 modi
525 1392 759 1435 quinquaginta
792 1398 935 1435 quatuor
959 1393 1077 1431 officia,
1105 1394 1142 1426 de

407 1455 491 1477 novo
506 1444 670 1487 erigenda,
687 1456 757 1476 eum
773 1445 844 1477 aliis
860 1445 1000 1488 antiquis
1018 1445 1142 1485 officiis,

408 1502 438 1528 et
455 1507 470 1529 e
499 1508 568 1529 rum
588 1497 825 1536 emolumentis,
844 1497 957 1530 officiis
975 1508 1011 1529 ae
1028 1500 1140 1537 massa,

406 1554 437 1580 ut
454 1549 814 1588 infra,confundantur,
836 1555 865 1581 et
884 1549 988 1589 eliam,
1001 1555 1035 1581 ut
1049 1550 1141 1589 infra,

407 1602 445 1633 de
463 1601 653 1641 redditibus,
669 1601 887 1643 proventibus,
904 1602 1141 1643 emolumentis,

407 1665 442 1686 ae
468 1654 591 1686 iuribus
613 1654 740 1695 collegii
769 1654 904 1686 militum
927 1655 1054 1698 piorum
1072 1666 1143 1698 par-

406 1707 553 1749 ticipent)
579 1712 738 1750 perpetuo
765 1707 919 1749 erigimus
945 1712 975 1740 et
1003 1707 1143 1740 institui-

406 1771 493 1799 mus,
512 1759 632 1802 illaque
650 1760 694 1792 sic
713 1765 821 1792 erecta
844 1765 874 1792 et
891 1759 1035 1792 instituta
1053 1771 1143 1803 prae-

406 1812 470 1844 sato
507 1812 645 1854 collegio
681 1812 818 1845 militum
844 1812 969 1855 piorum
1002 1813 1140 1855 (etiamsi

406 1864 534 1896 illorum
573 1874 725 1895 numerus
761 1875 778 1896 a
814 1864 976 1907 primaeva
1011 1866 1139 1908 collegii

406 1916 540 1959 praefati
567 1916 729 1948 erectione
759 1927 814 1949 seu
841 1917 918 1950 alias
938 1917 1042 1949 forsan
1061 1929 1141 1961 quo-

406 1968 587 2001 modolibet
599 1968 830 2011 praescriptus5³
840 1969 962 2009 existat,
974 1980 1009 2002 ae
1025 1970 1056 2001 in
1071 1970 1140 2013 ipsa

407 2020 571 2053 erectione
599 2021 647 2052 vel
672 2020 749 2052 alias
776 2020 881 2053 forsan
908 2031 1061 2064 expresse
1090 2033 1140 2055 ca-

405 2078 516 2105 veatur
541 2073 625 2115 quod
652 2072 787 2115 amplius
812 2073 920 2115 augeri
942 2084 1005 2106 non
1025 2075 1139 2118 possit)

407 2125 502 2157 etiam
518 2129 676 2167 perpetuo
694 2135 918 2166 aggregamus,
930 2125 1066 2165 unimus,
1086 2138 1140 2159 an-

407 2176 564 2209 nectimus
577 2181 608 2208 et
622 2176 879 2219 incorporamus,
890 2177 953 2209 itan
961 2183 970 2209 t
983 2178 1140 2222 quinqua—

407 2230 495 2272 ginta
520 2234 657 2272 quatuor
681 2229 784 2261 officia
808 2230 951 2272 praefata
973 2241 1043 2263 cum
1068 2232 1139 2264 aliis

407 2287 502 2314 antea
527 2281 642 2314 erectis
668 2281 784 2314 saciant
816 2282 943 2314 unicum
969 2293 1084 2326 eorpus
1108 2284 1139 2316 in

407 2335 563 2371 confuso,
589 2339 619 2365 et
643 2334 728 2366 inter
753 2334 820 2377 ipsa
845 2340 876 2367 et
906 2335 1141 2378 quinquaginta

407 2393 546 2430 quatuor
562 2387 664 2420 officia
681 2387 865 2420 huiusmodi
884 2389 970 2420 nulla
988 2389 1071 2421 adsit
1087 2390 1140 2422 dis-

219 232 266 258 hn.
284 233 313 259 C.
337 234 403 259 1072

443 2477 451 2500 1
478 2475 620 2510 l'erperam
636 2474 679 2501 ed.
695 2474 777 2500 Main.
796 2474 861 2508 legit
874 2478 987 2509 possent
1003 2478 1029 2502 et
1041 2479 1137 2510 potue·

406 2522 476 2547 runt
490 2519 525 2552 (n.
540 2519 590 2551 τ.).

441 2563 456 2588 ⁹2
477 2562 525 2588 Ed.
545 2562 621 2588 Main.
639 2561 701 2597 legit
716 2565 830 2596 possent
847 2570 892 2597 pro
906 2562 1018 2596 possint
1033 2564 1072 2597 (n.
1088 2565 1136 2596 T.).

440 2606 456 2635 3
472 2606 614 2642 Perperam
628 2606 670 2633 ed.
682 2606 763 2632 ΜειίιιΔ
778 2606 1037 2642 legitpraesrriplis
1047 2607 1136 2642 (afr.)⁴

982 238 1161 262 'RULIARIUM
1185 236 1335 262 ROMANUM

1918 235 1973 263 An.
1989 236 2018 263 C.
2042 236 2109 263 167?

1186 284 1331 324 ferentia,
1348 286 1482 328 perinde
1503 298 1538 319 ae
1559 286 1583 319 si
1605 285 1712 319 omnia
1732 285 1828 318 simul
1853 295 1916 317 ere-

1186 341 1235 369 cta
1256 337 1411 378 suissent;

1230 389 1243 429 ξ
1270 388 1320 420 15.
1348 390 1507 432 Dietisque
1534 390 1766 433 qnimpiaginta
1783 393 1917 432 quatuor
1980 399 2052 420 nouom
2075 406 2110 420 an-

1187 440 1298 472 ollieiis
1325 442 1369 473 sie
1395 442 1566 475 novissime
1592 443 1706 476 erectis
1731 447 1764 475 et
1791 428 2111 474 institu-''2¹³¹.'.'.'2.<.Z¹2⁵''L“0”133

1189 492 1237 530 tis',
1265 503 1324 534 pro
1345 504 1456 526 eorum
1473 497 1614 536 congruit
1633 496 1717 536 dote,
1731 506 1789 528 sen
1804 496 1916 534 massa,
1929 484 2013 499 morum'

1187 546 1434 587 emolumentis,
1459 558 1495 579 ac
1519 548 1651 588 iuribus,
1674 559 1811 580 annuam
1837 558 1918 580 sum·

1188 608 1270 629 mam
1302 599 1438 631 duorum
1474 599 1607 632 millium
1643 601 1918 643 noningentorum

1188 650 1346 682 sexaseim
1371 656 1532 683 scutorum
1552 657 1702 685 monetae
1727 654 1765 685 ab
1783 653 1869 686 omni
1888 658 1919 685 et

1189 710 1392 742 spioenmque
1420 711 1518 733 onere
1554 701 1719 735 ordinario
1758 713 1794 734 ac
1818 708 1921 735 extra-

1188 753 1367 792 ordinario,
1399 754 1559 796 praesenti
1585 759 1616 787 et
1648 755 1754 788 futuro
1784 766 1919 798 prorsus

1190 804 1332 845 liberam,
1344 805 1519 839 immunem
1534 812 1566 839 et
1579 815 1770 850 exemptam,
1783 818 1819 840 ex
1834 818 1922 840 emo-

1190 857 1336 890 lumentis
1369 858 1610 901 expeditionum
1643 859 1728 892 inter
1752 860 1839 903 ipsos
1864 871 1921 892 no-

1189 910 1286 942 tarios
1323 911 1446 947 ratione
1482 922 1604 944 massae
1645 923 1754 945 eorum
1790 913 1919 955 collegii

1188 963 1426 1003 distribuendis,
1445 975 1570 997 necnon
1586 965 1789 1007 portionibus
1804 965 1920 998 dietam

1187 1025 1321 1047 massam
1348 1027 1412 1048 non
1437 1016 1713 1059 ingredientibus,
1739 1018 1794 1050 sed
1820 1028 1920 1060 penes

1187 1067 1317 1099 eosdem
1344 1069 1496 1109 notarios,
1516 1075 1549 1101 ut
1573 1080 1677 1112 snpra,
1697 1075 1727 1102 et
1745 1070 1823 1103 alias
1841 1081 1921 1113 quo-

1188 1120 1364 1152 modolibet
1389 1122 1646 1161 remanentibus,
1672 1122 1848 1164 regalibus,
1875 1123 1922 1154 in-

1187 1173 1372 1204 strumentis
1397 1173 1544 1216 publieis,
1563 1174 1743 1217 exterisque
1764 1175 1922 1217 processi-

1189 1224 1253 1263 bus,
1267 1225 1419 1266 registris,
1434 1225 1590 1265 extractis,
1603 1226 1739 1269 aliisque
1754 1226 1920 1269 seripturis

1186 1275 1232 1307 in1
1243 1277 1320 1308 actis
1336 1277 1458 1319 percipi
1475 1277 1576 1310 solitis
1590 1279 1849 1321 provenientem,
1861 1279 1921 1311 sin-

1187 1329 1268 1370 gulis
1295 1329 1386 1361 annis
1411 1330 1629 1372 assignamus,
1656 1337 1751 1374 atque
1777 1331 1919 1374 assigna-

1188 1387 1247 1413 tam
1263 1382 1273 1397 ⁹
1292 1392 1361 1414 esse
1383 1383 1549 1423 volumus,

1229 1435 1242 1476 ξ
1260 1434 1311 1466 16.
1333 1435 1517 1479 Dietamque
1544 1437 1680 1469 duorum
1704 1436 1841 1469 millium
1861 1448 1919 1469 no·
1955 1446 2037 1467 Dicunt
2059 1453 2113 1467 sum-

1186 1487 1413 1529 ningentorum
1439 1489 1601 1521 sexdecim
1626 1494 1785 1522 scutorum
1812 1479 2113 1525 huius-iiiiiintiie‘inuaiiii}

1186 1540 1269 1572 modi
1285 1551 1451 1581 sumniam,
1467 1541 1512 1573 sie
1529 1541 1734 1584 assignatam,
1749 1543 1788 1575 ab
1807 1543 1919 1575 huius-
1930 1525 2114 1577 iiissisb‘i'fisiiissssi

1186 1593 1271 1625 modi
1290 1598 1320 1625 et
1340 1604 1543 1637 quacumque
1563 1595 1623 1627 alia
1647 1598 1764 1634 massa,
1790 1584 2012 1629 redditi-'3:533
2024 1580 2112 1625 miliiiiiii

1186 1646 1255 1685 bus,
1270 1646 1443 1688 regalibus,
1457 1647 1692 1687 instrumentis,
1703 1649 1916 1691 processibus,
1929 1637 2020 1656 ‘'mun''

1186 1699 1351 1741 registris,
1384 1701 1553 1741 extractis,
1576 1701 1712 1744 aliisque
1747 1702 1917 1745 seripturis

1186 1753 1336 1793 praelatis
1363 1753 1542 1793 dividimus,
1562 1764 1756 1796 separamus,
1775 1755 1919 1787 dismem-

1185 1807 1310 1838 bramus
1335 1811 1366 1838 et
1390 1817 1606 1848 segregamus,
1633 1818 1667 1839 ae
1693 1807 1843 1847 divisam,
1870 1819 1919 1841 se-

1185 1863 1343 1900 paratam,
1372 1859 1632 1892 dismembratam
1659 1865 1690 1893 et
1714 1867 1917 1903 segregatam

1184 1922 1252 1944 esse
1270 1913 1415 1945 volumus
1428 1919 1459 1945 et
1476 1913 1695 1954 deee1·nimus;
1712 1924 1857 1956 eamque,
1873 1915 1918 1947 sic

1182 1971 1362 2009 separatam
1388 1971 1418 1998 et
1443 1966 1712 2006 dismembratam,
1730 1967 1833 2000 eidem
1853 1969 1917 2000 eol-

1183 2020 1268 2062 legio
1304 2019 1440 2051 militnm
1471 2020 1599 2063 piorum
1631 2025 1659 2052 et
1691 2020 1757 2052 eius
1791 2031 1914 2053 massae

1182 2072 1352 2112 communi,
1368 2078 1452 2105 motu
1471 2073 1575 2113 simili,
1590 2079 1747 2115 perpetuo
1774 2074 1915 2116 applica-

1183 2137 1263 2165 mus,
1287 2131 1319 2158 et
1343 2126 1462 2168 pariter
1486 2126 1684 2158 annectimus
1709 2132 1740 2158 et
1764 2126 1915 2168 incorpo-

1183 2190 1308 2219 ramus;
1335 2180 1415 2212 adeo
1441 2179 1527 2222 qnod
1553 2179 1686 2221 praelati
1710 2179 1830 2211 milites
1854 2179 1912 2222 pii,

1184 2237 1215 2264 et
1228 2242 1285 2274 pro
1307 2231 1352 2264 eis
1370 2232 1541 2264 modernus
1567 2236 1599 2263 et
1619 2242 1676 2274 pro
1695 2237 1838 2274 tempore
1857 2231 1916 2264 exi-

1183 2291 1270 2317 stens
1288 2295 1399 2317 eornm
1420 2284 1644 2327 depositarius,
1660 2290 1759 2316 ratam
1781 2289 1915 2326 partem,

1183 2337 1400 2381 limesatimie⁸
1420 2348 1559 2369 summat·
1574 2348 1631 2380 per
1645 2348 1703 2369 nos
1718 2337 1763 2369 sie
1777 2336 1915 2379 assigna-

1184 2397 1232 2423 tae
1258 2391 1405 2435 quolibet
1428 2402 1556 2431 mense,
1595 2391 1678 2423 sicut
1708 2391 1761 2424 alii
1797 2390 1915 2424 notarii

1218 2474 1226 2498 l
1247 2472 1347 2498 Forsan
1364 2471 1506 2505 legendum
1523 2472 1564 2497 vel
1582 2479 1628 2505 pro
1644 2471 1675 2497 rin
1691 2471 1730 2505 (R.
1748 2472 1797 2503 T.).

1216 2516 1231 2541 ἰ).
1252 2515 1327 2541 Εάἰιὶ.
1351 2515 1427 2541 main.
1450 2516 1514 2549 legit
1534 2516 1681 2549 asst'glnala
1697 2518 1733 2550 (n.
1751 2518 1798 2549 Τ.).

1216 2561 1232 2585 3
1253 2559 1381 2593 intelligat
1399 2565 1422 2584 et
1436 2559 1613 2595 entend-Aqui
1631 2564 1727 2594 potest,
1744 2561 1807 2586 l'ors.
1821 2564 1914 2587 ratam

1179 2608 1293 2638 partem
1308 2606 1469 2638 praelatae,
1482 2604 1527 2630 sed
1541 2613 1596 2639 seq.
1611 2612 1662 2631 non
1674 2605 1818 2633 cohaerent
1829 2606 1855 2640 (n
1875 2606 1915 2640 T.)
