2264 3270
666 639 1012 723 LECTORI
1069 637 1486 720 BENEVOLO

510 857 958 910 EDITORES
1007 855 1644 907 TAURINENSES

1052 1036 1092 1077 S.

341 1557 409 1601 Eo
443 1555 630 1600 tandem
667 1555 834 1616 Operis
870 1556 1039 1609 nostri,
1077 1555 1174 1599 Deo
1205 1554 1259 1599 O.
1292 1554 1352 1599 M.
1389 1553 1670 1614 opitulante,
1711 1567 1876 1612 perve—

281 1645 457 1698 nimus,
494 1644 616 1688 unde
652 1660 789 1688 suum
825 1644 935 1688 olim
977 1659 1170 1688 exorsus
1209 1643 1297 1687 fuit.
1337 1642 1531 1687 Carolus
1574 1640 1876 1701 Coquelines,

280 1732 597 1793 amplissimus
633 1733 863 1776 Eslitionis
890 1733 1147 1786 Romanae,
1183 1748 1324 1791 quam
1359 1732 1480 1791 typis
1516 1730 1687 1774 nostris
1724 1729 1878 1773 denuo

281 1822 593 1866 recudendam
628 1822 936 1881 suscepimus,
964 1825 1149 1865 curator
1174 1823 1219 1864 et
1243 1823 1417 1864 auctor.
1444 1819 1507 1864 Te
1538 1819 1681 1871 enim,
1711 1818 1879 1863 Lector

282 1910 524 1964 benevole,
567 1910 836 1955 meminisse
878 1910 1003 1954 iuvat
1045 1909 1197 1969 (quod
1241 1909 1337 1953 DD.
1375 1908 1466 1952 VV.
1511 1908 1650 1951 liuius
1694 1911 1877 1952 nostrae

281 1999 496 2044 editionis
539 2002 774 2043 curatores
809 1999 855 2043 in
890 1998 1176 2058 praefatione
1212 1997 1417 2042 secundo
1454 2000 1580 2041 tomo
1622 1997 1879 2056 praemissa

280 2087 563 2132 enucleatius
599 2102 699 2146 pag.
726 2100 968 2131 XVII-XVIII
995 2084 1342 2146 explicuerunt)
1377 2085 1691 2129 clarissimum
1726 2084 1878 2128 virum

279 2176 531 2236 septimum
557 2175 713 2235 Magni
736 2175 929 2220 Bullarii
954 2175 1151 2220 Romani
1178 2178 1374 2228 tomum,
1402 2190 1479 2219 sex
1503 2173 1879 2218 Cherubinianae

280 2264 567 2310 collectionis
607 2264 700 2309 iam
741 2263 1045 2309 existentibus
1087 2263 1371 2324 supputatis,
1415 2262 1667 2308 Clementis
1711 2262 1801 2306 PP.
1838 2262 1878 2306 X

280 2352 601 2412 pontificatum
667 2368 721 2396 ex
782 2353 961 2412 integro
1030 2352 1335 2405 referentem,
1395 2351 1601 2411 primum
1665 2350 1877 2394 omnium

279 2456 383 2485 ann.
422 2454 696 2485 MDCCXXXIII
732 2457 785 2485 ex
820 2441 1005 2485 officina
1043 2439 1363 2485 Mainardiana
1404 2439 1689 2497 evulgavisse
1724 2438 1878 2498 (ipsis-

280 2530 520 2589 simusque
555 2529 640 2574 iste
675 2534 742 2574 est
777 2545 916 2589 quem
951 2529 1104 2574 denuo
1140 2543 1358 2574 recusum
1400 2527 1711 2586 secundisque
1753 2527 1876 2570 curis

280 2618 450 2662 nostris
505 2618 780 2664 adornatum
835 2634 945 2678 prae
1000 2617 1215 2663 manibus
1269 2616 1459 2675 habes);
1509 2616 1615 2660 dein
1663 2630 1770 2659 vero
1820 2615 1877 2659 ab
