<?xml version="1.0" encoding="UTF-8"?>
<!DOCTYPE html PUBLIC "-//W3C//DTD XHTML 1.0 Transitional//EN"
    "http://www.w3.org/TR/xhtml1/DTD/xhtml1-transitional.dtd">
<html xmlns="http://www.w3.org/1999/xhtml" xml:lang="en" lang="en">
 <head>
  <title>
</title>
<meta http-equiv="Content-Type" content="text/html;charset=utf-8" />
  <meta name='ocr-system' content='tesseract 3.04.00' />
  <meta name='ocr-capabilities' content='ocr_page ocr_carea ocr_par ocr_line ocrx_word'/>
</head>
<body>
  <div class='ocr_page' id='page_1' title='image "./bullarumdiplomat18cath_0376.png"; bbox 0 0 2279 3260; ppageno 0'>
   <div class='ocr_carea' id='block_1_1' title="bbox 255 244 550 281">
    <p class='ocr_par' dir='ltr' id='par_1_1' title="bbox 255 244 550 281">
     <span class='ocr_line' id='line_1_1' title="bbox 255 244 550 281; baseline -0.003 -2"><span class='ocrx_word' id='word_1_1' title='bbox 255 255 305 280; x_wconf 72' lang='lat' dir='ltr'>An.</span> <span class='ocrx_word' id='word_1_2' title='bbox 326 253 351 281; x_wconf 89' lang='lat' dir='ltr'>c.</span> <span class='ocrx_word' id='word_1_3' title='bbox 374 253 441 280; x_wconf 79' lang='lat'>¹672</span> <span class='ocrx_word' id='word_1_4' title='bbox 485 244 550 279; x_wconf 79' lang='lat'>338</span> 
     </span>
    </p>
   </div>
   <div class='ocr_carea' id='block_1_2' title="bbox 251 683 436 731">
    <p class='ocr_par' dir='ltr' id='par_1_2' title="bbox 251 683 436 731">
     <span class='ocr_line' id='line_1_2' title="bbox 279 683 436 710; baseline 0.006 -6"><span class='ocrx_word' id='word_1_5' title='bbox 279 683 371 710; x_wconf 63' lang='lat' dir='ltr'>Dei-052⁸</span> <span class='ocrx_word' id='word_1_6' title='bbox 387 690 436 705; x_wconf 83' lang='lat' dir='ltr'>con·</span> 
     </span>
     <span class='ocr_line' id='line_1_3' title="bbox 251 713 331 731; baseline -0.013 0"><span class='ocrx_word' id='word_1_7' title='bbox 251 713 331 731; x_wconf 64' lang='lat' dir='ltr'>tranis.</span> 
     </span>
    </p>
   </div>
   <div class='ocr_carea' id='block_1_3' title="bbox 247 1580 432 1633">
    <p class='ocr_par' dir='ltr' id='par_1_3' title="bbox 247 1580 432 1633">
     <span class='ocr_line' id='line_1_4' title="bbox 289 1580 432 1601; baseline 0.014 -2"><span class='ocrx_word' id='word_1_8' title='bbox 289 1580 351 1600; x_wconf 72' lang='lat' dir='ltr'>Fides</span> <span class='ocrx_word' id='word_1_9' title='bbox 375 1583 432 1601; x_wconf 77' lang='lat' dir='ltr'>tran-</span> 
     </span>
     <span class='ocr_line' id='line_1_5' title="bbox 247 1611 384 1633; baseline 0.007 -6"><span class='ocrx_word' id='word_1_10' title='bbox 247 1611 384 1633; x_wconf 66' lang='lat' dir='ltr'>sumptorum.</span> 
     </span>
    </p>
   </div>
   <div class='ocr_carea' id='block_1_4' title="bbox 445 302 1183 610">
    <p class='ocr_par' dir='ltr' id='par_1_4' title="bbox 445 302 1183 610">
     <span class='ocr_line' id='line_1_6' title="bbox 446 302 1183 343; baseline -0.004 -7"><span class='ocrx_word' id='word_1_11' title='bbox 446 303 580 336; x_wconf 90' lang='lat' dir='ltr'>stolicae</span> <span class='ocrx_word' id='word_1_12' title='bbox 612 302 704 337; x_wconf 89' lang='lat' dir='ltr'>Sedis</span> <span class='ocrx_word' id='word_1_13' title='bbox 738 303 889 343; x_wconf 85' lang='lat' dir='ltr'>nuntios,</span> <span class='ocrx_word' id='word_1_14' title='bbox 916 302 1042 336; x_wconf 80' lang='lat' dir='ltr'>sublata</span> <span class='ocrx_word' id='word_1_15' title='bbox 1072 302 1118 334; x_wconf 88' lang='lat' dir='ltr'>eis</span> <span class='ocrx_word' id='word_1_16' title='bbox 1150 307 1183 334; x_wconf 85' lang='lat' dir='ltr'>et</span> 
     </span>
     <span class='ocr_line' id='line_1_7' title="bbox 446 354 1181 399; baseline -0.003 -11"><span class='ocrx_word' id='word_1_17' title='bbox 446 366 560 389; x_wconf 88' lang='lat' dir='ltr'>eorum</span> <span class='ocrx_word' id='word_1_18' title='bbox 588 356 723 389; x_wconf 80' lang='lat' dir='ltr'>cuilibet</span> <span class='ocrx_word' id='word_1_19' title='bbox 756 356 864 399; x_wconf 83' lang='lat' dir='ltr'>quavis</span> <span class='ocrx_word' id='word_1_20' title='bbox 889 356 983 389; x_wconf 88' lang='lat' dir='ltr'>aliter</span> <span class='ocrx_word' id='word_1_21' title='bbox 1017 354 1181 387; x_wconf 89' lang='lat' dir='ltr'>iudicandi</span> 
     </span>
     <span class='ocr_line' id='line_1_8' title="bbox 446 407 1179 452; baseline -0.003 -11"><span class='ocrx_word' id='word_1_22' title='bbox 446 413 479 441; x_wconf 87' lang='lat' dir='ltr'>et</span> <span class='ocrx_word' id='word_1_23' title='bbox 495 409 729 452; x_wconf 87' lang='lat' dir='ltr'>interpretandi</span> <span class='ocrx_word' id='word_1_24' title='bbox 749 410 897 441; x_wconf 70' lang='lat' dir='ltr'>facultate</span> <span class='ocrx_word' id='word_1_25' title='bbox 923 413 955 441; x_wconf 91' lang='lat' dir='ltr'>et</span> <span class='ocrx_word' id='word_1_26' title='bbox 979 407 1179 447; x_wconf 86' lang='lat' dir='ltr'>auctoritate,</span> 
     </span>
     <span class='ocr_line' id='line_1_9' title="bbox 445 460 1181 500; baseline -0.004 -6"><span class='ocrx_word' id='word_1_27' title='bbox 445 461 581 495; x_wconf 86' lang='lat' dir='ltr'>iudicari</span> <span class='ocrx_word' id='word_1_28' title='bbox 607 466 639 494; x_wconf 88' lang='lat' dir='ltr'>et</span> <span class='ocrx_word' id='word_1_29' title='bbox 663 461 791 495; x_wconf 80' lang='lat' dir='ltr'>definiri</span> <span class='ocrx_word' id='word_1_30' title='bbox 825 462 963 500; x_wconf 84' lang='lat' dir='ltr'>debere,</span> <span class='ocrx_word' id='word_1_31' title='bbox 993 471 1028 492; x_wconf 91' lang='lat' dir='ltr'>ac</span> <span class='ocrx_word' id='word_1_32' title='bbox 1055 460 1181 492; x_wconf 88' lang='lat' dir='ltr'>irritum</span> 
     </span>
     <span class='ocr_line' id='line_1_10' title="bbox 446 514 1180 557; baseline -0.005 -9"><span class='ocrx_word' id='word_1_33' title='bbox 446 520 479 548; x_wconf 88' lang='lat' dir='ltr'>et</span> <span class='ocrx_word' id='word_1_34' title='bbox 503 515 598 548; x_wconf 90' lang='lat' dir='ltr'>inane</span> <span class='ocrx_word' id='word_1_35' title='bbox 624 514 649 547; x_wconf 89' lang='lat' dir='ltr'>si</span> <span class='ocrx_word' id='word_1_36' title='bbox 668 524 760 547; x_wconf 88' lang='lat' dir='ltr'>secus</span> <span class='ocrx_word' id='word_1_37' title='bbox 778 524 877 557; x_wconf 87' lang='lat' dir='ltr'>super</span> <span class='ocrx_word' id='word_1_38' title='bbox 895 514 945 546; x_wconf 86' lang='lat' dir='ltr'>bis</span> <span class='ocrx_word' id='word_1_39' title='bbox 969 524 987 545; x_wconf 92' lang='lat' dir='ltr'>a</span> <span class='ocrx_word' id='word_1_40' title='bbox 1005 523 1180 556; x_wconf 83' lang='lat' dir='ltr'>quoquam,</span> 
     </span>
     <span class='ocr_line' id='line_1_11' title="bbox 447 565 1181 610; baseline -0.003 -10"><span class='ocrx_word' id='word_1_41' title='bbox 447 568 556 610; x_wconf 88' lang='lat' dir='ltr'>quavis</span> <span class='ocrx_word' id='word_1_42' title='bbox 574 567 774 606; x_wconf 88' lang='lat' dir='ltr'>auctoritate,</span> <span class='ocrx_word' id='word_1_43' title='bbox 794 566 932 599; x_wconf 76' lang='lat' dir='ltr'>scienter</span> <span class='ocrx_word' id='word_1_44' title='bbox 956 567 1005 599; x_wconf 92' lang='lat' dir='ltr'>vel</span> <span class='ocrx_word' id='word_1_45' title='bbox 1030 565 1181 609; x_wconf 77' lang='lat' dir='ltr'>ignoran-</span> 
     </span>
    </p>
   </div>
   <div class='ocr_carea' id='block_1_5' title="bbox 437 619 1180 2240">
    <p class='ocr_par' dir='ltr' id='par_1_5' title="bbox 448 619 890 663">
     <span class='ocr_line' id='line_1_12' title="bbox 448 619 890 663; baseline -0.007 -9"><span class='ocrx_word' id='word_1_46' title='bbox 448 626 506 661; x_wconf 89' lang='lat' dir='ltr'>ter,</span> <span class='ocrx_word' id='word_1_47' title='bbox 532 620 705 663; x_wconf 83' lang='lat' dir='ltr'>contigerit</span> <span class='ocrx_word' id='word_1_48' title='bbox 728 619 890 652; x_wconf 86' lang='lat' dir='ltr'>attentari.</span> 
     </span>
    </p>

    <p class='ocr_par' dir='ltr' id='par_1_6' title="bbox 441 670 1180 1561">
     <span class='ocr_line' id='line_1_13' title="bbox 490 670 1177 715; baseline -0.004 -9"><span class='ocrx_word' id='word_1_49' title='bbox 490 673 560 715; x_wconf 61' lang='lat' dir='ltr'>§T</span> <span class='ocrx_word' id='word_1_50' title='bbox 598 672 668 705; x_wconf 89' lang='lat' dir='ltr'>Non</span> <span class='ocrx_word' id='word_1_51' title='bbox 700 671 901 704; x_wconf 75' lang='lat' dir='ltr'>obstantibus</span> <span class='ocrx_word' id='word_1_52' title='bbox 935 670 1177 704; x_wconf 87' lang='lat' dir='ltr'>constitutioni-</span> 
     </span>
     <span class='ocr_line' id='line_1_14' title="bbox 446 723 1180 767; baseline -0.003 -9"><span class='ocrx_word' id='word_1_53' title='bbox 446 726 507 758; x_wconf 85' lang='lat' dir='ltr'>bus</span> <span class='ocrx_word' id='word_1_54' title='bbox 521 730 553 758; x_wconf 94' lang='lat' dir='ltr'>et</span> <span class='ocrx_word' id='word_1_55' title='bbox 563 724 820 758; x_wconf 78' lang='lat' dir='ltr'>ordinationibus</span> <span class='ocrx_word' id='word_1_56' title='bbox 833 723 1035 767; x_wconf 87' lang='lat' dir='ltr'>apostolicis,</span> <span class='ocrx_word' id='word_1_57' title='bbox 1046 735 1092 764; x_wconf 89' lang='lat' dir='ltr'>ac,</span> <span class='ocrx_word' id='word_1_58' title='bbox 1105 734 1180 767; x_wconf 88' lang='lat' dir='ltr'>qua-</span> 
     </span>
     <span class='ocr_line' id='line_1_15' title="bbox 445 776 1179 820; baseline -0.001 -10"><span class='ocrx_word' id='word_1_59' title='bbox 445 782 539 810; x_wconf 82' lang='lat' dir='ltr'>tenus</span> <span class='ocrx_word' id='word_1_60' title='bbox 564 787 644 820; x_wconf 90' lang='lat' dir='ltr'>opus</span> <span class='ocrx_word' id='word_1_61' title='bbox 673 776 732 817; x_wconf 82' lang='lat' dir='ltr'>sit,</span> <span class='ocrx_word' id='word_1_62' title='bbox 760 777 944 819; x_wconf 90' lang='lat' dir='ltr'>quarumvis</span> <span class='ocrx_word' id='word_1_63' title='bbox 969 776 1179 809; x_wconf 89' lang='lat' dir='ltr'>ecclesiarum</span> 
     </span>
     <span class='ocr_line' id='line_1_16' title="bbox 444 829 1180 873; baseline -0.001 -10"><span class='ocrx_word' id='word_1_64' title='bbox 444 835 477 863; x_wconf 88' lang='lat' dir='ltr'>et</span> <span class='ocrx_word' id='word_1_65' title='bbox 499 829 718 869; x_wconf 78' lang='lat' dir='ltr'>basilicarum,</span> <span class='ocrx_word' id='word_1_66' title='bbox 742 829 853 862; x_wconf 87' lang='lat' dir='ltr'>aliisve</span> <span class='ocrx_word' id='word_1_67' title='bbox 879 829 1055 873; x_wconf 82' lang='lat' dir='ltr'>quibusvis,</span> <span class='ocrx_word' id='word_1_68' title='bbox 1083 830 1180 862; x_wconf 88' lang='lat' dir='ltr'>etiam</span> 
     </span>
     <span class='ocr_line' id='line_1_17' title="bbox 444 882 1179 926; baseline 0 -11"><span class='ocrx_word' id='word_1_69' title='bbox 444 883 636 922; x_wconf 86' lang='lat' dir='ltr'>iuramento,</span> <span class='ocrx_word' id='word_1_70' title='bbox 657 882 901 916; x_wconf 83' lang='lat' dir='ltr'>confirmatione</span> <span class='ocrx_word' id='word_1_71' title='bbox 919 882 1106 926; x_wconf 80' lang='lat' dir='ltr'>apostolica,</span> <span class='ocrx_word' id='word_1_72' title='bbox 1129 884 1179 916; x_wconf 92' lang='lat' dir='ltr'>vel</span> 
     </span>
     <span class='ocr_line' id='line_1_18' title="bbox 443 935 1179 979; baseline 0 -11"><span class='ocrx_word' id='word_1_73' title='bbox 443 936 556 979; x_wconf 90' lang='lat' dir='ltr'>quavis</span> <span class='ocrx_word' id='word_1_74' title='bbox 579 936 727 968; x_wconf 82' lang='lat' dir='ltr'>firmitate</span> <span class='ocrx_word' id='word_1_75' title='bbox 752 935 814 968; x_wconf 77' lang='lat' dir='ltr'>alia</span> <span class='ocrx_word' id='word_1_76' title='bbox 845 935 1004 969; x_wconf 83' lang='lat' dir='ltr'>roboratis</span> <span class='ocrx_word' id='word_1_77' title='bbox 1019 963 1026 976; x_wconf 88' lang='lat'>,</span> <span class='ocrx_word' id='word_1_78' title='bbox 1051 936 1179 968; x_wconf 89' lang='lat' dir='ltr'>statutis</span> 
     </span>
     <span class='ocr_line' id='line_1_19' title="bbox 443 988 1179 1032; baseline 0.001 -12"><span class='ocrx_word' id='word_1_79' title='bbox 443 993 474 1021; x_wconf 89' lang='lat' dir='ltr'>et</span> <span class='ocrx_word' id='word_1_80' title='bbox 498 988 809 1029; x_wconf 89' lang='lat' dir='ltr'>consuetudinibus,</span> <span class='ocrx_word' id='word_1_81' title='bbox 836 988 1012 1031; x_wconf 79' lang='lat' dir='ltr'>privilegiis</span> <span class='ocrx_word' id='word_1_82' title='bbox 1037 999 1179 1032; x_wconf 81' lang='lat' dir='ltr'>quoque,</span> 
     </span>
     <span class='ocr_line' id='line_1_20' title="bbox 443 1040 1180 1084; baseline 0 -10"><span class='ocrx_word' id='word_1_83' title='bbox 443 1040 577 1074; x_wconf 90' lang='lat' dir='ltr'>indultis</span> <span class='ocrx_word' id='word_1_84' title='bbox 601 1047 633 1074; x_wconf 89' lang='lat' dir='ltr'>et</span> <span class='ocrx_word' id='word_1_85' title='bbox 652 1041 772 1074; x_wconf 85' lang='lat' dir='ltr'>litteris</span> <span class='ocrx_word' id='word_1_86' title='bbox 798 1041 984 1084; x_wconf 90' lang='lat' dir='ltr'>apostolicis</span> <span class='ocrx_word' id='word_1_87' title='bbox 1001 1042 1033 1074; x_wconf 92' lang='lat' dir='ltr'>in</span> <span class='ocrx_word' id='word_1_88' title='bbox 1051 1046 1180 1074; x_wconf 90' lang='lat' dir='ltr'>contra-</span> 
     </span>
     <span class='ocr_line' id='line_1_21' title="bbox 443 1094 1180 1138; baseline 0.001 -12"><span class='ocrx_word' id='word_1_89' title='bbox 443 1094 526 1126; x_wconf 91' lang='lat' dir='ltr'>rium</span> <span class='ocrx_word' id='word_1_90' title='bbox 551 1094 804 1138; x_wconf 88' lang='lat' dir='ltr'>praemissorum</span> <span class='ocrx_word' id='word_1_91' title='bbox 833 1094 1080 1137; x_wconf 81' lang='lat' dir='ltr'>quomodolibet</span> <span class='ocrx_word' id='word_1_92' title='bbox 1103 1104 1180 1127; x_wconf 92' lang='lat' dir='ltr'>con-</span> 
     </span>
     <span class='ocr_line' id='line_1_22' title="bbox 444 1147 1178 1191; baseline 0.001 -12"><span class='ocrx_word' id='word_1_93' title='bbox 444 1147 549 1188; x_wconf 82' lang='lat' dir='ltr'>cessis,</span> <span class='ocrx_word' id='word_1_94' title='bbox 570 1147 769 1181; x_wconf 84' lang='lat' dir='ltr'>confirmatis</span> <span class='ocrx_word' id='word_1_95' title='bbox 797 1153 828 1180; x_wconf 89' lang='lat' dir='ltr'>et</span> <span class='ocrx_word' id='word_1_96' title='bbox 857 1148 1035 1189; x_wconf 84' lang='lat' dir='ltr'>innovatis;</span> <span class='ocrx_word' id='word_1_97' title='bbox 1063 1148 1178 1191; x_wconf 90' lang='lat' dir='ltr'>quibus</span> 
     </span>
     <span class='ocr_line' id='line_1_23' title="bbox 444 1200 1179 1245; baseline 0 -11"><span class='ocrx_word' id='word_1_98' title='bbox 444 1201 592 1234; x_wconf 90' lang='lat' dir='ltr'>omnibus</span> <span class='ocrx_word' id='word_1_99' title='bbox 606 1205 639 1234; x_wconf 89' lang='lat' dir='ltr'>et</span> <span class='ocrx_word' id='word_1_100' title='bbox 651 1200 799 1243; x_wconf 84' lang='lat' dir='ltr'>singulis,</span> <span class='ocrx_word' id='word_1_101' title='bbox 812 1201 942 1234; x_wconf 88' lang='lat' dir='ltr'>illorum</span> <span class='ocrx_word' id='word_1_102' title='bbox 953 1207 1080 1235; x_wconf 90' lang='lat' dir='ltr'>tenores</span> <span class='ocrx_word' id='word_1_103' title='bbox 1090 1212 1179 1245; x_wconf 91' lang='lat' dir='ltr'>prae-</span> 
     </span>
     <span class='ocr_line' id='line_1_24' title="bbox 445 1253 1179 1297; baseline 0.001 -11"><span class='ocrx_word' id='word_1_104' title='bbox 445 1253 587 1287; x_wconf 89' lang='lat' dir='ltr'>sentibus</span> <span class='ocrx_word' id='word_1_105' title='bbox 604 1264 663 1297; x_wconf 90' lang='lat' dir='ltr'>pro</span> <span class='ocrx_word' id='word_1_106' title='bbox 678 1255 775 1297; x_wconf 81' lang='lat' dir='ltr'>plene</span> <span class='ocrx_word' id='word_1_107' title='bbox 789 1259 820 1287; x_wconf 90' lang='lat' dir='ltr'>et</span> <span class='ocrx_word' id='word_1_108' title='bbox 836 1254 1034 1288; x_wconf 84' lang='lat' dir='ltr'>sufficienter</span> <span class='ocrx_word' id='word_1_109' title='bbox 1048 1265 1179 1297; x_wconf 86' lang='lat' dir='ltr'>expres-</span> 
     </span>
     <span class='ocr_line' id='line_1_25' title="bbox 444 1306 1177 1348; baseline 0.003 -10"><span class='ocrx_word' id='word_1_110' title='bbox 444 1306 488 1338; x_wconf 86' lang='lat' dir='ltr'>sis</span> <span class='ocrx_word' id='word_1_111' title='bbox 512 1310 545 1339; x_wconf 89' lang='lat' dir='ltr'>et</span> <span class='ocrx_word' id='word_1_112' title='bbox 559 1306 690 1339; x_wconf 90' lang='lat' dir='ltr'>insertis</span> <span class='ocrx_word' id='word_1_113' title='bbox 709 1306 876 1348; x_wconf 89' lang='lat' dir='ltr'>habentes,</span> <span class='ocrx_word' id='word_1_114' title='bbox 892 1307 956 1340; x_wconf 88' lang='lat' dir='ltr'>illis</span> <span class='ocrx_word' id='word_1_115' title='bbox 973 1308 1052 1340; x_wconf 78' lang='lat' dir='ltr'>alias</span> <span class='ocrx_word' id='word_1_116' title='bbox 1072 1307 1105 1340; x_wconf 92' lang='lat' dir='ltr'>in</span> <span class='ocrx_word' id='word_1_117' title='bbox 1121 1318 1177 1340; x_wconf 90' lang='lat' dir='ltr'>suo</span> 
     </span>
     <span class='ocr_line' id='line_1_26' title="bbox 442 1359 1177 1404; baseline 0.003 -13"><span class='ocrx_word' id='word_1_118' title='bbox 442 1359 562 1392; x_wconf 84' lang='lat' dir='ltr'>robore</span> <span class='ocrx_word' id='word_1_119' title='bbox 595 1360 836 1402; x_wconf 84' lang='lat' dir='ltr'>permansuris,</span> <span class='ocrx_word' id='word_1_120' title='bbox 863 1360 902 1392; x_wconf 88' lang='lat' dir='ltr'>ad</span> <span class='ocrx_word' id='word_1_121' title='bbox 927 1360 1177 1404; x_wconf 85' lang='lat' dir='ltr'>praemissorum</span> 
     </span>
     <span class='ocr_line' id='line_1_27' title="bbox 441 1411 1179 1456; baseline 0.003 -12"><span class='ocrx_word' id='word_1_122' title='bbox 441 1411 597 1452; x_wconf 80' lang='lat' dir='ltr'>effectum,</span> <span class='ocrx_word' id='word_1_123' title='bbox 625 1412 686 1445; x_wconf 90' lang='lat' dir='ltr'>hac</span> <span class='ocrx_word' id='word_1_124' title='bbox 709 1412 777 1446; x_wconf 91' lang='lat' dir='ltr'>vice</span> <span class='ocrx_word' id='word_1_125' title='bbox 803 1413 974 1453; x_wconf 81' lang='lat' dir='ltr'>dumtaxat,</span> <span class='ocrx_word' id='word_1_126' title='bbox 992 1413 1179 1456; x_wconf 86' lang='lat' dir='ltr'>specialiter</span> 
     </span>
     <span class='ocr_line' id='line_1_28' title="bbox 441 1464 1178 1509; baseline 0.004 -13"><span class='ocrx_word' id='word_1_127' title='bbox 441 1470 473 1497; x_wconf 90' lang='lat' dir='ltr'>et</span> <span class='ocrx_word' id='word_1_128' title='bbox 496 1474 650 1507; x_wconf 84' lang='lat' dir='ltr'>expresse</span> <span class='ocrx_word' id='word_1_129' title='bbox 669 1464 884 1507; x_wconf 84' lang='lat' dir='ltr'>derogamus;</span> <span class='ocrx_word' id='word_1_130' title='bbox 903 1466 1084 1509; x_wconf 86' lang='lat' dir='ltr'>ceterisque</span> <span class='ocrx_word' id='word_1_131' title='bbox 1102 1476 1178 1499; x_wconf 93' lang='lat' dir='ltr'>con-</span> 
     </span>
     <span class='ocr_line' id='line_1_29' title="bbox 442 1516 841 1561; baseline 0.003 -12"><span class='ocrx_word' id='word_1_132' title='bbox 442 1516 546 1549; x_wconf 88' lang='lat' dir='ltr'>trariis</span> <span class='ocrx_word' id='word_1_133' title='bbox 571 1517 841 1561; x_wconf 86' lang='lat' dir='ltr'>quibuscumque.</span> 
     </span>
    </p>

    <p class='ocr_par' dir='ltr' id='par_1_7' title="bbox 437 1569 1177 2027">
     <span class='ocr_line' id='line_1_30' title="bbox 485 1569 1176 1615; baseline 0.004 -13"><span class='ocrx_word' id='word_1_134' title='bbox 485 1571 500 1613; x_wconf 65' lang='lat' dir='ltr'>g</span> <span class='ocrx_word' id='word_1_135' title='bbox 525 1569 556 1603; x_wconf 89' lang='lat'>8.</span> <span class='ocrx_word' id='word_1_136' title='bbox 584 1569 735 1603; x_wconf 78' lang='lat' dir='ltr'>Volumus</span> <span class='ocrx_word' id='word_1_137' title='bbox 766 1576 873 1604; x_wconf 91' lang='lat' dir='ltr'>autem</span> <span class='ocrx_word' id='word_1_138' title='bbox 904 1576 940 1604; x_wconf 87' lang='lat' dir='ltr'>ut</span> <span class='ocrx_word' id='word_1_139' title='bbox 954 1572 1176 1615; x_wconf 85' lang='lat' dir='ltr'>praesentium</span> 
     </span>
     <span class='ocr_line' id='line_1_31' title="bbox 440 1623 1174 1670; baseline 0.004 -14"><span class='ocrx_word' id='word_1_140' title='bbox 440 1623 621 1657; x_wconf 90' lang='lat' dir='ltr'>litterarum</span> <span class='ocrx_word' id='word_1_141' title='bbox 656 1624 882 1668; x_wconf 88' lang='lat' dir='ltr'>transumptis,</span> <span class='ocrx_word' id='word_1_142' title='bbox 916 1635 973 1658; x_wconf 89' lang='lat' dir='ltr'>seu</span> <span class='ocrx_word' id='word_1_143' title='bbox 993 1626 1151 1670; x_wconf 85' lang='lat' dir='ltr'>exemplis</span> <span class='ocrx_word' id='word_1_144' title='bbox 1167 1654 1174 1667; x_wconf 95' lang='lat'>,</span> 
     </span>
     <span class='ocr_line' id='line_1_32' title="bbox 441 1676 1176 1720; baseline 0.004 -11"><span class='ocrx_word' id='word_1_145' title='bbox 441 1677 538 1710; x_wconf 86' lang='lat' dir='ltr'>etiam</span> <span class='ocrx_word' id='word_1_146' title='bbox 558 1676 726 1720; x_wconf 87' lang='lat' dir='ltr'>impressis</span> <span class='ocrx_word' id='word_1_147' title='bbox 742 1704 749 1717; x_wconf 96' lang='lat'>,</span> <span class='ocrx_word' id='word_1_148' title='bbox 774 1688 871 1711; x_wconf 89' lang='lat' dir='ltr'>manu</span> <span class='ocrx_word' id='word_1_149' title='bbox 900 1678 1032 1711; x_wconf 91' lang='lat' dir='ltr'>alicuius</span> <span class='ocrx_word' id='word_1_150' title='bbox 1057 1679 1176 1712; x_wconf 90' lang='lat' dir='ltr'>notarii</span> 
     </span>
     <span class='ocr_line' id='line_1_33' title="bbox 440 1729 1175 1775; baseline 0.004 -13"><span class='ocrx_word' id='word_1_151' title='bbox 440 1729 563 1773; x_wconf 86' lang='lat' dir='ltr'>publici</span> <span class='ocrx_word' id='word_1_152' title='bbox 591 1729 800 1774; x_wconf 87' lang='lat' dir='ltr'>subscriptis,</span> <span class='ocrx_word' id='word_1_153' title='bbox 821 1736 852 1764; x_wconf 91' lang='lat' dir='ltr'>et</span> <span class='ocrx_word' id='word_1_154' title='bbox 879 1730 988 1774; x_wconf 83' lang='lat' dir='ltr'>sigillo</span> <span class='ocrx_word' id='word_1_155' title='bbox 1016 1742 1175 1775; x_wconf 88' lang='lat' dir='ltr'>personae</span> 
     </span>
     <span class='ocr_line' id='line_1_34' title="bbox 438 1782 1177 1826; baseline 0.003 -11"><span class='ocrx_word' id='word_1_156' title='bbox 438 1782 471 1815; x_wconf 91' lang='lat' dir='ltr'>in</span> <span class='ocrx_word' id='word_1_157' title='bbox 491 1783 712 1816; x_wconf 80' lang='lat' dir='ltr'>ecclesiastica</span> <span class='ocrx_word' id='word_1_158' title='bbox 726 1783 883 1826; x_wconf 84' lang='lat' dir='ltr'>dignitate</span> <span class='ocrx_word' id='word_1_159' title='bbox 897 1784 1092 1817; x_wconf 87' lang='lat' dir='ltr'>constitutae</span> <span class='ocrx_word' id='word_1_160' title='bbox 1106 1796 1177 1818; x_wconf 90' lang='lat' dir='ltr'>mu-</span> 
     </span>
     <span class='ocr_line' id='line_1_35' title="bbox 438 1834 1176 1879; baseline 0.004 -12"><span class='ocrx_word' id='word_1_161' title='bbox 438 1834 523 1875; x_wconf 87' lang='lat' dir='ltr'>nitis,</span> <span class='ocrx_word' id='word_1_162' title='bbox 543 1835 656 1868; x_wconf 89' lang='lat' dir='ltr'>eadem</span> <span class='ocrx_word' id='word_1_163' title='bbox 672 1846 808 1879; x_wconf 91' lang='lat' dir='ltr'>prorsus</span> <span class='ocrx_word' id='word_1_164' title='bbox 827 1836 906 1869; x_wconf 82' lang='lat' dir='ltr'>fides</span> <span class='ocrx_word' id='word_1_165' title='bbox 924 1841 987 1869; x_wconf 86' lang='lat' dir='ltr'>tam</span> <span class='ocrx_word' id='word_1_166' title='bbox 1006 1837 1039 1870; x_wconf 91' lang='lat' dir='ltr'>in</span> <span class='ocrx_word' id='word_1_167' title='bbox 1057 1837 1176 1871; x_wconf 89' lang='lat' dir='ltr'>iudicio</span> 
     </span>
     <span class='ocr_line' id='line_1_36' title="bbox 438 1888 1177 1933; baseline 0.005 -13"><span class='ocrx_word' id='word_1_168' title='bbox 438 1898 534 1931; x_wconf 88' lang='lat' dir='ltr'>quam</span> <span class='ocrx_word' id='word_1_169' title='bbox 560 1893 647 1922; x_wconf 78' lang='lat' dir='ltr'>extra</span> <span class='ocrx_word' id='word_1_170' title='bbox 660 1888 741 1921; x_wconf 93' lang='lat' dir='ltr'>illud</span> <span class='ocrx_word' id='word_1_171' title='bbox 759 1888 926 1930; x_wconf 81' lang='lat' dir='ltr'>habeatur,</span> <span class='ocrx_word' id='word_1_172' title='bbox 946 1900 1028 1933; x_wconf 81' lang='lat' dir='ltr'>quae</span> <span class='ocrx_word' id='word_1_173' title='bbox 1047 1891 1177 1924; x_wconf 87' lang='lat' dir='ltr'>adhibe-</span> 
     </span>
     <span class='ocr_line' id='line_1_37' title="bbox 437 1940 1177 1984; baseline 0.007 -12"><span class='ocrx_word' id='word_1_174' title='bbox 437 1945 528 1972; x_wconf 88' lang='lat' dir='ltr'>retur</span> <span class='ocrx_word' id='word_1_175' title='bbox 549 1940 626 1983; x_wconf 87' lang='lat' dir='ltr'>ipsis</span> <span class='ocrx_word' id='word_1_176' title='bbox 650 1941 878 1984; x_wconf 89' lang='lat' dir='ltr'>praesentibus</span> <span class='ocrx_word' id='word_1_177' title='bbox 902 1942 928 1974; x_wconf 90' lang='lat' dir='ltr'>si</span> <span class='ocrx_word' id='word_1_178' title='bbox 954 1942 1062 1975; x_wconf 89' lang='lat' dir='ltr'>forent</span> <span class='ocrx_word' id='word_1_179' title='bbox 1087 1943 1177 1977; x_wconf 74' lang='lat' dir='ltr'>exhi-</span> 
     </span>
     <span class='ocr_line' id='line_1_38' title="bbox 439 1993 789 2027; baseline 0.006 -2"><span class='ocrx_word' id='word_1_180' title='bbox 439 1993 525 2026; x_wconf 84' lang='lat' dir='ltr'>bitae</span> <span class='ocrx_word' id='word_1_181' title='bbox 549 1994 600 2026; x_wconf 92' lang='lat' dir='ltr'>vel</span> <span class='ocrx_word' id='word_1_182' title='bbox 626 1998 789 2027; x_wconf 87' lang='lat' dir='ltr'>ostensae.</span> 
     </span>
    </p>

    <p class='ocr_par' dir='ltr' id='par_1_8' title="bbox 439 2046 1177 2240">
     <span class='ocr_line' id='line_1_39' title="bbox 482 2046 1177 2090; baseline 0.006 -12"><span class='ocrx_word' id='word_1_183' title='bbox 482 2046 599 2079; x_wconf 87' lang='lat' dir='ltr'>Datum</span> <span class='ocrx_word' id='word_1_184' title='bbox 624 2046 759 2087; x_wconf 86' lang='lat' dir='ltr'>Romae,</span> <span class='ocrx_word' id='word_1_185' title='bbox 788 2047 873 2090; x_wconf 87' lang='lat' dir='ltr'>apud</span> <span class='ocrx_word' id='word_1_186' title='bbox 897 2047 928 2080; x_wconf 86' lang='lat' dir='ltr'>S.</span> <span class='ocrx_word' id='word_1_187' title='bbox 956 2047 1088 2081; x_wconf 87' lang='lat' dir='ltr'>Mariam</span> <span class='ocrx_word' id='word_1_188' title='bbox 1114 2049 1177 2082; x_wconf 89' lang='lat' dir='ltr'>Ma-</span> 
     </span>
     <span class='ocr_line' id='line_1_40' title="bbox 439 2099 1176 2142; baseline 0.004 -9"><span class='ocrx_word' id='word_1_189' title='bbox 439 2100 556 2140; x_wconf 84' lang='lat' dir='ltr'>iorem,</span> <span class='ocrx_word' id='word_1_190' title='bbox 579 2100 638 2132; x_wconf 91' lang='lat' dir='ltr'>sub</span> <span class='ocrx_word' id='word_1_191' title='bbox 663 2100 783 2132; x_wconf 89' lang='lat' dir='ltr'>annulo</span> <span class='ocrx_word' id='word_1_192' title='bbox 816 2099 996 2142; x_wconf 81' lang='lat' dir='ltr'>Piscatoris‚</span> <span class='ocrx_word' id='word_1_193' title='bbox 1022 2101 1074 2136; x_wconf 90' lang='lat' dir='ltr'>die</span> <span class='ocrx_word' id='word_1_194' title='bbox 1104 2113 1176 2136; x_wconf 80' lang='lat' dir='ltr'>xxvi</span> 
     </span>
     <span class='ocr_line' id='line_1_41' title="bbox 440 2152 1175 2196; baseline 0.003 -10"><span class='ocrx_word' id='word_1_195' title='bbox 440 2152 569 2195; x_wconf 84' lang='lat' dir='ltr'>augusti</span> <span class='ocrx_word' id='word_1_196' title='bbox 607 2161 757 2186; x_wconf 80' lang='lat' dir='ltr'>MDCLxxu</span> <span class='ocrx_word' id='word_1_197' title='bbox 776 2180 783 2194; x_wconf 89' lang='lat'>,</span> <span class='ocrx_word' id='word_1_198' title='bbox 821 2153 1032 2196; x_wconf 82' lang='lat' dir='ltr'>pontificatus</span> <span class='ocrx_word' id='word_1_199' title='bbox 1070 2155 1175 2188; x_wconf 87' lang='lat' dir='ltr'>nostri</span> 
     </span>
     <span class='ocr_line' id='line_1_42' title="bbox 440 2216 600 2240; baseline -0.006 -1"><span class='ocrx_word' id='word_1_200' title='bbox 440 2216 526 2239; x_wconf 89' lang='lat' dir='ltr'>anno</span> <span class='ocrx_word' id='word_1_201' title='bbox 551 2216 600 2240; x_wconf 91' lang='lat'>111.</span> 
     </span>
    </p>
   </div>
   <div class='ocr_carea' id='block_1_6' title="bbox 832 2268 1085 2305">
    <p class='ocr_par' dir='ltr' id='par_1_9' title="bbox 832 2268 1085 2305">
     <span class='ocr_line' id='line_1_43' title="bbox 832 2268 1085 2305; baseline 0.016 -4"><span class='ocrx_word' id='word_1_202' title='bbox 832 2268 855 2301; x_wconf 93' lang='lat' dir='ltr'>I.</span> <span class='ocrx_word' id='word_1_203' title='bbox 883 2268 918 2302; x_wconf 92' lang='lat' dir='ltr'>G.</span> <span class='ocrx_word' id='word_1_204' title='bbox 946 2269 1085 2305; x_wconf 72' lang='lat' dir='ltr'>SLesics.</span> 
     </span>
    </p>
   </div>
   <div class='ocr_carea' id='block_1_7' title="bbox 475 2347 1139 2384">
    <p class='ocr_par' dir='ltr' id='par_1_10' title="bbox 475 2347 1139 2384">
     <span class='ocr_line' id='line_1_44' title="bbox 475 2347 1139 2384; baseline 0.008 -11"><span class='ocrx_word' id='word_1_205' title='bbox 475 2347 533 2374; x_wconf 72' lang='lat' dir='ltr'>liat.</span> <span class='ocrx_word' id='word_1_206' title='bbox 554 2347 598 2374; x_wconf 84' lang='lat' dir='ltr'>die</span> <span class='ocrx_word' id='word_1_207' title='bbox 616 2347 651 2374; x_wconf 82' lang='lat'>26</span> <span class='ocrx_word' id='word_1_208' title='bbox 671 2347 778 2382; x_wconf 85' lang='lat' dir='ltr'>augusti</span> <span class='ocrx_word' id='word_1_209' title='bbox 800 2347 877 2383; x_wconf 70' lang='lat'>1672,</span> <span class='ocrx_word' id='word_1_210' title='bbox 899 2349 995 2384; x_wconf 87' lang='lat' dir='ltr'>pontif.</span> <span class='ocrx_word' id='word_1_211' title='bbox 1016 2357 1086 2378; x_wconf 88' lang='lat' dir='ltr'>auno</span> <span class='ocrx_word' id='word_1_212' title='bbox 1101 2356 1139 2378; x_wconf 83' lang='lat'>111.</span> 
     </span>
    </p>
   </div>
   <div class='ocr_carea' id='block_1_8' title="bbox 436 2435 1174 2515">
    <p class='ocr_par' dir='ltr' id='par_1_11' title="bbox 436 2435 1174 2515">
     <span class='ocr_line' id='line_1_45' title="bbox 476 2435 1174 2469; baseline 0.007 -8"><span class='ocrx_word' id='word_1_213' title='bbox 476 2435 639 2469; x_wconf 53' lang='lat' dir='ltr'>aegisti-ata</span> <span class='ocrx_word' id='word_1_214' title='bbox 657 2435 690 2462; x_wconf 82' lang='lat' dir='ltr'>in</span> <span class='ocrx_word' id='word_1_215' title='bbox 705 2436 811 2463; x_wconf 79' lang='lat' dir='ltr'>Secret.</span> <span class='ocrx_word' id='word_1_216' title='bbox 827 2435 963 2464; x_wconf 79' lang='lat' dir='ltr'>Brevium</span> <span class='ocrx_word' id='word_1_217' title='bbox 977 2437 1010 2465; x_wconf 78' lang='lat' dir='ltr'>in</span> <span class='ocrx_word' id='word_1_218' title='bbox 1026 2437 1075 2466; x_wconf 84' lang='lat' dir='ltr'>lib.</span> <span class='ocrx_word' id='word_1_219' title='bbox 1092 2447 1174 2466; x_wconf 79' lang='lat' dir='ltr'>men-</span> 
     </span>
     <span class='ocr_line' id='line_1_46' title="bbox 436 2480 917 2515; baseline 0.002 -9"><span class='ocrx_word' id='word_1_220' title='bbox 436 2480 475 2506; x_wconf 68' lang='lat' dir='ltr'>sis</span> <span class='ocrx_word' id='word_1_221' title='bbox 494 2480 621 2515; x_wconf 59' lang='lat' dir='ltr'>augusti,</span> <span class='ocrx_word' id='word_1_222' title='bbox 633 2482 715 2515; x_wconf 80' lang='lat' dir='ltr'>part.</span> <span class='ocrx_word' id='word_1_223' title='bbox 735 2485 765 2514; x_wconf 85' lang='lat'>11,</span> <span class='ocrx_word' id='word_1_224' title='bbox 785 2480 836 2514; x_wconf 83' lang='lat' dir='ltr'>fol.</span> <span class='ocrx_word' id='word_1_225' title='bbox 858 2480 917 2508; x_wconf 75' lang='lat'><strong>11⁶2.</strong></span> 
     </span>
    </p>
   </div>
   <div class='ocr_carea' id='block_1_9' title="bbox 704 2596 900 2605">
    <p class='ocr_par' dir='ltr' id='par_1_12' title="bbox 704 2596 900 2605">
     <span class='ocr_line' id='line_1_47' title="bbox 704 2596 900 2605; baseline 0.005 -1"><span class='ocrx_word' id='word_1_226' title='bbox 704 2596 900 2605; x_wconf 75' lang='lat'>——</span> 
     </span>
    </p>
   </div>
   <div class='ocr_carea' id='block_1_10' title="bbox 1025 254 1379 280">
    <p class='ocr_par' dir='ltr' id='par_1_13' title="bbox 1025 254 1379 280">
     <span class='ocr_line' id='line_1_48' title="bbox 1025 254 1379 280; baseline 0.006 -2"><span class='ocrx_word' id='word_1_227' title='bbox 1025 254 1205 279; x_wconf 69' lang='lat' dir='ltr'>nULLmltutt</span> <span class='ocrx_word' id='word_1_228' title='bbox 1228 254 1379 280; x_wconf 62' lang='lat' dir='ltr'>ROMANUM</span> 
     </span>
    </p>
   </div>
   <div class='ocr_carea' id='block_1_11' title="bbox 1195 1659 1200 2177">
    <p class='ocr_par' dir='ltr' id='par_1_14' title="bbox 1195 1659 1200 2177">
     <span class='ocr_line' id='line_1_49' title="bbox 1195 1659 1200 2177; baseline 0 0"><span class='ocrx_word' id='word_1_229' title='bbox 1195 1659 1200 2177; x_wconf 95' lang='lat' dir='ltr'> </span> 
     </span>
    </p>
   </div>
   <div class='ocr_carea' id='block_1_12' title="bbox 1559 305 1621 339">
    <p class='ocr_par' dir='ltr' id='par_1_15' title="bbox 1559 305 1621 339">
     <span class='ocr_line' id='line_1_50' title="bbox 1559 305 1621 339; baseline -0.016 0"><span class='ocrx_word' id='word_1_230' title='bbox 1559 305 1621 339; x_wconf 85' lang='lat' dir='ltr'>CX.</span> 
     </span>
    </p>
   </div>
   <div class='ocr_carea' id='block_1_13' title="bbox 1223 371 1961 627">
    <p class='ocr_par' dir='ltr' id='par_1_16' title="bbox 1223 371 1961 627">
     <span class='ocr_line' id='line_1_51' title="bbox 1223 371 1960 421; baseline 0.007 -18"><span class='ocrx_word' id='word_1_231' title='bbox 1223 371 1410 406; x_wconf 79' lang='lat' dir='ltr'>Declaratio</span> <span class='ocrx_word' id='word_1_232' title='bbox 1444 374 1619 421; x_wconf 31' lang='lat' dir='ltr'>nullitatis·</span> <span class='ocrx_word' id='word_1_233' title='bbox 1649 376 1877 408; x_wconf 78' lang='lat' dir='ltr'>transactionis</span> <span class='ocrx_word' id='word_1_234' title='bbox 1907 387 1960 408; x_wconf 75' lang='lat' dir='ltr'>seu</span> 
     </span>
     <span class='ocr_line' id='line_1_52' title="bbox 1267 426 1961 471; baseline 0.004 -15"><span class='ocrx_word' id='word_1_235' title='bbox 1267 426 1429 458; x_wconf 75' lang='lat' dir='ltr'>cautionis</span> <span class='ocrx_word' id='word_1_236' title='bbox 1464 426 1501 459; x_wconf 80' lang='lat' dir='ltr'>ab</span> <span class='ocrx_word' id='word_1_237' title='bbox 1536 428 1776 471; x_wconf 76' lang='lat' dir='ltr'>archiepiscopo</span> <span class='ocrx_word' id='word_1_238' title='bbox 1802 427 1961 461; x_wconf 63' lang='lat' dir='ltr'>laonensi</span> 
     </span>
     <span class='ocr_line' id='line_1_53' title="bbox 1267 477 1960 523; baseline 0.007 -15"><span class='ocrx_word' id='word_1_239' title='bbox 1267 487 1339 509; x_wconf 83' lang='lat' dir='ltr'>cum</span> <span class='ocrx_word' id='word_1_240' title='bbox 1363 477 1442 510; x_wconf 79' lang='lat' dir='ltr'>duce</span> <span class='ocrx_word' id='word_1_241' title='bbox 1458 483 1485 511; x_wconf 80' lang='lat' dir='ltr'>et</span> <span class='ocrx_word' id='word_1_242' title='bbox 1502 480 1773 520; x_wconf 71' lang='lat' dir='ltr'>qubernatoribus</span> <span class='ocrx_word' id='word_1_243' title='bbox 1794 481 1960 523; x_wconf 77' lang='lat' dir='ltr'>Reipubli-</span> 
     </span>
     <span class='ocr_line' id='line_1_54' title="bbox 1268 530 1960 576; baseline 0.007 -15"><span class='ocrx_word' id='word_1_244' title='bbox 1268 539 1321 561; x_wconf 83' lang='lat' dir='ltr'>cae</span> <span class='ocrx_word' id='word_1_245' title='bbox 1349 530 1521 563; x_wconf 65' lang='lat' dir='ltr'>tunnensis</span> <span class='ocrx_word' id='word_1_246' title='bbox 1552 532 1588 564; x_wconf 81' lang='lat' dir='ltr'>in</span> <span class='ocrx_word' id='word_1_247' title='bbox 1619 533 1833 566; x_wconf 68' lang='lat' dir='ltr'>controversia</span> <span class='ocrx_word' id='word_1_248' title='bbox 1863 543 1960 576; x_wconf 77' lang='lat' dir='ltr'>svper</span> 
     </span>
     <span class='ocr_line' id='line_1_55' title="bbox 1267 582 1956 627; baseline 0.004 -12"><span class='ocrx_word' id='word_1_249' title='bbox 1267 582 1351 615; x_wconf 76' lang='lat' dir='ltr'>sedis</span> <span class='ocrx_word' id='word_1_250' title='bbox 1363 583 1647 627; x_wconf 76' lang='lat' dir='ltr'>archiepiscopalis</span> <span class='ocrx_word' id='word_1_251' title='bbox 1664 586 1879 626; x_wconf 76' lang='lat' dir='ltr'>collocatione,</span> <span class='ocrx_word' id='word_1_252' title='bbox 1900 590 1956 619; x_wconf 84' lang='lat' dir='ltr'>etc.</span> 
     </span>
    </p>
   </div>
   <div class='ocr_carea' id='block_1_14' title="bbox 1346 663 1841 741">
    <p class='ocr_par' dir='ltr' id='par_1_17' title="bbox 1346 663 1841 741">
     <span class='ocr_line' id='line_1_56' title="bbox 1451 663 1734 697; baseline 0.007 -8"><span class='ocrx_word' id='word_1_253' title='bbox 1451 663 1584 690; x_wconf 82' lang='lat' dir='ltr'>clemens</span> <span class='ocrx_word' id='word_1_254' title='bbox 1604 664 1682 697; x_wconf 83' lang='lat' dir='ltr'>Papa</span> <span class='ocrx_word' id='word_1_255' title='bbox 1701 664 1734 697; x_wconf 84' lang='lat' dir='ltr'>X,</span> 
     </span>
     <span class='ocr_line' id='line_1_57' title="bbox 1346 706 1841 741; baseline 0.008 -9"><span class='ocrx_word' id='word_1_256' title='bbox 1346 706 1382 732; x_wconf 81' lang='lat' dir='ltr'>ad</span> <span class='ocrx_word' id='word_1_257' title='bbox 1401 710 1578 741; x_wconf 79' lang='lat' dir='ltr'>perpetuam</span> <span class='ocrx_word' id='word_1_258' title='bbox 1597 708 1641 734; x_wconf 81' lang='lat' dir='ltr'>rei</span> <span class='ocrx_word' id='word_1_259' title='bbox 1660 708 1841 736; x_wconf 83' lang='lat' dir='ltr'>memoriam.</span> 
     </span>
    </p>
   </div>
   <div class='ocr_carea' id='block_1_15' title="bbox 1267 773 2154 818">
    <p class='ocr_par' dir='ltr' id='par_1_18' title="bbox 1267 773 2154 818">
     <span class='ocr_line' id='line_1_58' title="bbox 1267 773 2154 818; baseline 0.008 -12"><span class='ocrx_word' id='word_1_260' title='bbox 1267 774 1282 817; x_wconf 66' lang='grc' dir='ltr'><strong>ἓ</strong></span> <span class='ocrx_word' id='word_1_261' title='bbox 1307 773 1337 806; x_wconf 85' lang='grc'>1.</span> <span class='ocrx_word' id='word_1_262' title='bbox 1357 774 1445 815; x_wconf 86' lang='lat' dir='ltr'>Cum,</span> <span class='ocrx_word' id='word_1_263' title='bbox 1461 785 1496 808; x_wconf 81' lang='lat' dir='ltr'>ex</span> <span class='ocrx_word' id='word_1_264' title='bbox 1515 775 1722 818; x_wconf 86' lang='lat' dir='ltr'>Apostolicae</span> <span class='ocrx_word' id='word_1_265' title='bbox 1739 776 1830 810; x_wconf 87' lang='lat' dir='ltr'>Sedis</span> <span class='ocrx_word' id='word_1_266' title='bbox 1849 778 1961 812; x_wconf 89' lang='lat' dir='ltr'>decre·</span> <span class='ocrx_word' id='word_1_267' title='bbox 1998 793 2108 814; x_wconf 66' lang='lat' dir='ltr'>numano</span> <span class='ocrx_word' id='word_1_268' title='bbox 2127 793 2154 813; x_wconf 69' lang='lat' dir='ltr'>m.</span> 
     </span>
    </p>
   </div>
   <div class='ocr_carea' id='block_1_16' title="bbox 1214 822 2006 2677">
    <p class='ocr_par' dir='ltr' id='par_1_19' title="bbox 1214 822 2006 2677">
     <span class='ocr_line' id='line_1_59' title="bbox 1224 822 2006 864; baseline 0.008 -5"><span class='ocrx_word' id='word_1_269' title='bbox 1224 831 1329 860; x_wconf 88' lang='lat' dir='ltr'>torum</span> <span class='ocrx_word' id='word_1_270' title='bbox 1346 838 1383 860; x_wconf 90' lang='lat' dir='ltr'>ac</span> <span class='ocrx_word' id='word_1_271' title='bbox 1406 838 1572 862; x_wconf 84' lang='lat' dir='ltr'>sacrorum</span> <span class='ocrx_word' id='word_1_272' title='bbox 1595 829 1714 862; x_wconf 89' lang='lat' dir='ltr'>rituum</span> <span class='ocrx_word' id='word_1_273' title='bbox 1740 834 1772 863; x_wconf 90' lang='lat' dir='ltr'>et</span> <span class='ocrx_word' id='word_1_274' title='bbox 1796 822 2006 864; x_wconf 71' lang='lat' dir='ltr'>caeremo-⁰¹&#39;</span> 
     </span>
     <span class='ocr_line' id='line_1_60' title="bbox 1222 879 1961 927; baseline 0.007 -15"><span class='ocrx_word' id='word_1_275' title='bbox 1222 879 1347 913; x_wconf 88' lang='lat' dir='ltr'>niarum</span> <span class='ocrx_word' id='word_1_276' title='bbox 1365 881 1659 915; x_wconf 79' lang='lat' dir='ltr'>ecclesiasticarum</span> <span class='ocrx_word' id='word_1_277' title='bbox 1675 882 1887 926; x_wconf 85' lang='lat' dir='ltr'>dispositione</span> <span class='ocrx_word' id='word_1_278' title='bbox 1902 895 1961 927; x_wconf 89' lang='lat' dir='ltr'>per</span> 
     </span>
     <span class='ocr_line' id='line_1_61' title="bbox 1222 933 1962 970; baseline 0.007 -5"><span class='ocrx_word' id='word_1_279' title='bbox 1222 933 1492 967; x_wconf 85' lang='lat' dir='ltr'>consuetudinem</span> <span class='ocrx_word' id='word_1_280' title='bbox 1518 935 1808 968; x_wconf 85' lang='lat' dir='ltr'>immemorabilem</span> <span class='ocrx_word' id='word_1_281' title='bbox 1827 937 1962 970; x_wconf 90' lang='lat' dir='ltr'>robora-</span> 
     </span>
     <span class='ocr_line' id='line_1_62' title="bbox 1223 986 1961 1030; baseline 0.005 -12"><span class='ocrx_word' id='word_1_282' title='bbox 1223 987 1264 1026; x_wconf 80' lang='lat' dir='ltr'>ta,</span> <span class='ocrx_word' id='word_1_283' title='bbox 1278 986 1371 1018; x_wconf 82' lang='lat' dir='ltr'>sedes</span> <span class='ocrx_word' id='word_1_284' title='bbox 1387 986 1674 1030; x_wconf 86' lang='lat' dir='ltr'>archiepiscopalis</span> <span class='ocrx_word' id='word_1_285' title='bbox 1687 990 1750 1020; x_wconf 80' lang='lat' dir='ltr'>una</span> <span class='ocrx_word' id='word_1_286' title='bbox 1767 998 1838 1021; x_wconf 91' lang='lat' dir='ltr'>cum</span> <span class='ocrx_word' id='word_1_287' title='bbox 1852 989 1961 1023; x_wconf 89' lang='lat' dir='ltr'>balda-</span> 
     </span>
     <span class='ocr_line' id='line_1_63' title="bbox 1223 1039 1961 1083; baseline 0.005 -12"><span class='ocrx_word' id='word_1_288' title='bbox 1223 1039 1320 1072; x_wconf 90' lang='lat' dir='ltr'>chino</span> <span class='ocrx_word' id='word_1_289' title='bbox 1346 1039 1600 1083; x_wconf 86' lang='lat' dir='ltr'>superimposito</span> <span class='ocrx_word' id='word_1_290' title='bbox 1624 1040 1657 1072; x_wconf 90' lang='lat' dir='ltr'>in</span> <span class='ocrx_word' id='word_1_291' title='bbox 1683 1041 1818 1074; x_wconf 79' lang='lat' dir='ltr'>ecclesia</span> <span class='ocrx_word' id='word_1_292' title='bbox 1842 1047 1961 1076; x_wconf 89' lang='lat' dir='ltr'>metro-</span> 
     </span>
     <span class='ocr_line' id='line_1_64' title="bbox 1223 1092 1958 1135; baseline 0.005 -11"><span class='ocrx_word' id='word_1_293' title='bbox 1223 1092 1366 1135; x_wconf 77' lang='lat' dir='ltr'>politana</span> <span class='ocrx_word' id='word_1_294' title='bbox 1390 1092 1539 1126; x_wconf 85' lang='lat' dir='ltr'>Ianuensi</span> <span class='ocrx_word' id='word_1_295' title='bbox 1573 1093 1659 1126; x_wconf 86' lang='lat' dir='ltr'>iuxta</span> <span class='ocrx_word' id='word_1_296' title='bbox 1683 1095 1783 1127; x_wconf 88' lang='lat' dir='ltr'>altare</span> <span class='ocrx_word' id='word_1_297' title='bbox 1818 1106 1836 1128; x_wconf 92' lang='lat' dir='ltr'>a</span> <span class='ocrx_word' id='word_1_298' title='bbox 1860 1105 1958 1128; x_wconf 90' lang='lat' dir='ltr'>cornu</span> 
     </span>
     <span class='ocr_line' id='line_1_65' title="bbox 1223 1145 1960 1190; baseline 0.005 -13"><span class='ocrx_word' id='word_1_299' title='bbox 1223 1145 1380 1188; x_wconf 84' lang='lat' dir='ltr'>evangelii</span> <span class='ocrx_word' id='word_1_300' title='bbox 1397 1156 1500 1189; x_wconf 87' lang='lat' dir='ltr'>usqne</span> <span class='ocrx_word' id='word_1_301' title='bbox 1519 1146 1559 1178; x_wconf 90' lang='lat' dir='ltr'>ad</span> <span class='ocrx_word' id='word_1_302' title='bbox 1577 1147 1723 1189; x_wconf 84' lang='lat' dir='ltr'>proxime</span> <span class='ocrx_word' id='word_1_303' title='bbox 1747 1148 1859 1190; x_wconf 89' lang='lat' dir='ltr'>elapsa</span> <span class='ocrx_word' id='word_1_304' title='bbox 1880 1152 1960 1181; x_wconf 87' lang='lat' dir='ltr'>tem—</span> 
     </span>
     <span class='ocr_line' id='line_1_66' title="bbox 1223 1199 1959 1242; baseline 0.005 -12"><span class='ocrx_word' id='word_1_305' title='bbox 1223 1208 1302 1241; x_wconf 90' lang='lat' dir='ltr'>pora</span> <span class='ocrx_word' id='word_1_306' title='bbox 1333 1209 1464 1242; x_wconf 89' lang='lat' dir='ltr'>semper</span> <span class='ocrx_word' id='word_1_307' title='bbox 1487 1199 1547 1231; x_wconf 87' lang='lat' dir='ltr'>sita</span> <span class='ocrx_word' id='word_1_308' title='bbox 1580 1199 1696 1241; x_wconf 87' lang='lat' dir='ltr'>suerit,</span> <span class='ocrx_word' id='word_1_309' title='bbox 1729 1211 1794 1233; x_wconf 88' lang='lat' dir='ltr'>non</span> <span class='ocrx_word' id='word_1_310' title='bbox 1830 1206 1959 1234; x_wconf 89' lang='lat' dir='ltr'>contra-</span> 
     </span>
     <span class='ocr_line' id='line_1_67' title="bbox 1222 1251 1959 1295; baseline 0.005 -12"><span class='ocrx_word' id='word_1_311' title='bbox 1222 1251 1404 1284; x_wconf 88' lang='lat' dir='ltr'>dicentibus</span> <span class='ocrx_word' id='word_1_312' title='bbox 1429 1252 1508 1285; x_wconf 90' lang='lat' dir='ltr'>duce</span> <span class='ocrx_word' id='word_1_313' title='bbox 1538 1258 1569 1285; x_wconf 90' lang='lat' dir='ltr'>et</span> <span class='ocrx_word' id='word_1_314' title='bbox 1593 1253 1864 1295; x_wconf 83' lang='lat' dir='ltr'>gubernatoribus</span> <span class='ocrx_word' id='word_1_315' title='bbox 1885 1254 1959 1288; x_wconf 89' lang='lat' dir='ltr'>Rei-</span> 
     </span>
     <span class='ocr_line' id='line_1_68' title="bbox 1222 1304 1959 1347; baseline 0.005 -11"><span class='ocrx_word' id='word_1_316' title='bbox 1222 1304 1369 1347; x_wconf 84' lang='lat' dir='ltr'>publicae</span> <span class='ocrx_word' id='word_1_317' title='bbox 1405 1304 1573 1338; x_wconf 84' lang='lat' dir='ltr'>Ianuensis</span> <span class='ocrx_word' id='word_1_318' title='bbox 1611 1306 1723 1339; x_wconf 90' lang='lat' dir='ltr'>sedem</span> <span class='ocrx_word' id='word_1_319' title='bbox 1761 1306 1908 1340; x_wconf 85' lang='lat' dir='ltr'>ducalem</span> <span class='ocrx_word' id='word_1_320' title='bbox 1942 1319 1959 1341; x_wconf 85' lang='lat' dir='ltr'>a</span> 
     </span>
     <span class='ocr_line' id='line_1_69' title="bbox 1221 1358 1958 1401; baseline 0.007 -12"><span class='ocrx_word' id='word_1_321' title='bbox 1221 1368 1322 1390; x_wconf 90' lang='lat' dir='ltr'>cornu</span> <span class='ocrx_word' id='word_1_322' title='bbox 1347 1358 1505 1401; x_wconf 86' lang='lat' dir='ltr'>epistolae</span> <span class='ocrx_word' id='word_1_323' title='bbox 1530 1359 1562 1391; x_wconf 92' lang='lat' dir='ltr'>in</span> <span class='ocrx_word' id='word_1_324' title='bbox 1588 1359 1701 1392; x_wconf 82' lang='lat' dir='ltr'>eadem</span> <span class='ocrx_word' id='word_1_325' title='bbox 1722 1361 1858 1393; x_wconf 75' lang='lat' dir='ltr'>ecclesia</span> <span class='ocrx_word' id='word_1_326' title='bbox 1876 1362 1925 1394; x_wconf 81' lang='lat' dir='ltr'>vel</span> <span class='ocrx_word' id='word_1_327' title='bbox 1940 1373 1958 1394; x_wconf 88' lang='lat' dir='ltr'>a</span> 
     </span>
     <span class='ocr_line' id='line_1_70' title="bbox 1221 1409 1957 1454; baseline 0.007 -12"><span class='ocrx_word' id='word_1_328' title='bbox 1221 1409 1306 1442; x_wconf 89' lang='lat' dir='ltr'>dicto</span> <span class='ocrx_word' id='word_1_329' title='bbox 1323 1421 1425 1443; x_wconf 90' lang='lat' dir='ltr'>cornu</span> <span class='ocrx_word' id='word_1_330' title='bbox 1444 1412 1602 1454; x_wconf 84' lang='lat' dir='ltr'>evangelii</span> <span class='ocrx_word' id='word_1_331' title='bbox 1623 1411 1705 1445; x_wconf 88' lang='lat' dir='ltr'>infra</span> <span class='ocrx_word' id='word_1_332' title='bbox 1723 1417 1827 1446; x_wconf 87' lang='lat' dir='ltr'>tamen</span> <span class='ocrx_word' id='word_1_333' title='bbox 1845 1414 1957 1447; x_wconf 83' lang='lat' dir='ltr'>sedem</span> 
     </span>
     <span class='ocr_line' id='line_1_71' title="bbox 1221 1463 1959 1508; baseline 0.007 -13"><span class='ocrx_word' id='word_1_334' title='bbox 1221 1463 1534 1508; x_wconf 87' lang='lat' dir='ltr'>archiepiscopalem</span> <span class='ocrx_word' id='word_1_335' title='bbox 1565 1465 1764 1508; x_wconf 86' lang='lat' dir='ltr'>praedictam</span> <span class='ocrx_word' id='word_1_336' title='bbox 1789 1466 1959 1500; x_wconf 88' lang='lat' dir='ltr'>retinenti-</span> 
     </span>
     <span class='ocr_line' id='line_1_72' title="bbox 1220 1514 1957 1559; baseline 0.008 -12"><span class='ocrx_word' id='word_1_337' title='bbox 1220 1514 1296 1555; x_wconf 86' lang='lat' dir='ltr'>bus;</span> <span class='ocrx_word' id='word_1_338' title='bbox 1328 1526 1462 1556; x_wconf 88' lang='lat' dir='ltr'>verum,</span> <span class='ocrx_word' id='word_1_339' title='bbox 1489 1521 1564 1559; x_wconf 88' lang='lat' dir='ltr'>post</span> <span class='ocrx_word' id='word_1_340' title='bbox 1599 1517 1820 1551; x_wconf 89' lang='lat' dir='ltr'>dimissionem</span> <span class='ocrx_word' id='word_1_341' title='bbox 1853 1519 1957 1553; x_wconf 89' lang='lat' dir='ltr'>dictae</span> 
     </span>
     <span class='ocr_line' id='line_1_73' title="bbox 1221 1568 1956 1606; baseline 0.007 -6"><span class='ocrx_word' id='word_1_342' title='bbox 1221 1568 1377 1602; x_wconf 87' lang='lat' dir='ltr'>ecclesiae</span> <span class='ocrx_word' id='word_1_343' title='bbox 1401 1568 1566 1602; x_wconf 78' lang='lat' dir='ltr'>Ianuensis</span> <span class='ocrx_word' id='word_1_344' title='bbox 1596 1580 1613 1602; x_wconf 88' lang='lat' dir='ltr'>a</span> <span class='ocrx_word' id='word_1_345' title='bbox 1644 1571 1750 1604; x_wconf 91' lang='lat' dir='ltr'>bonae</span> <span class='ocrx_word' id='word_1_346' title='bbox 1781 1572 1956 1606; x_wconf 87' lang='lat' dir='ltr'>memoriae</span> 
     </span>
     <span class='ocr_line' id='line_1_74' title="bbox 1220 1620 1954 1664; baseline 0.007 -11"><span class='ocrx_word' id='word_1_347' title='bbox 1220 1620 1396 1664; x_wconf 89' lang='lat' dir='ltr'>Stephano,</span> <span class='ocrx_word' id='word_1_348' title='bbox 1415 1621 1489 1654; x_wconf 90' lang='lat' dir='ltr'>dum</span> <span class='ocrx_word' id='word_1_349' title='bbox 1507 1622 1594 1664; x_wconf 85' lang='lat' dir='ltr'>vixit,</span> <span class='ocrx_word' id='word_1_350' title='bbox 1618 1622 1649 1656; x_wconf 90' lang='lat' dir='ltr'>S.</span> <span class='ocrx_word' id='word_1_351' title='bbox 1678 1623 1713 1656; x_wconf 88' lang='lat' dir='ltr'>R.</span> <span class='ocrx_word' id='word_1_352' title='bbox 1738 1623 1773 1656; x_wconf 89' lang='lat' dir='ltr'>E.</span> <span class='ocrx_word' id='word_1_353' title='bbox 1797 1625 1954 1658; x_wconf 86' lang='lat' dir='ltr'>cardinali</span> 
     </span>
     <span class='ocr_line' id='line_1_75' title="bbox 1220 1674 1955 1719; baseline 0.007 -13"><span class='ocrx_word' id='word_1_354' title='bbox 1220 1674 1360 1708; x_wconf 90' lang='lat' dir='ltr'>Durazzo</span> <span class='ocrx_word' id='word_1_355' title='bbox 1395 1681 1602 1719; x_wconf 87' lang='lat' dir='ltr'>nuncupato,</span> <span class='ocrx_word' id='word_1_356' title='bbox 1629 1676 1776 1709; x_wconf 90' lang='lat' dir='ltr'>eiusdem</span> <span class='ocrx_word' id='word_1_357' title='bbox 1801 1677 1955 1711; x_wconf 87' lang='lat' dir='ltr'>ecclesiae</span> 
     </span>
     <span class='ocr_line' id='line_1_76' title="bbox 1219 1727 1956 1774; baseline 0.005 -14"><span class='ocrx_word' id='word_1_358' title='bbox 1219 1727 1386 1761; x_wconf 89' lang='lat' dir='ltr'>Ianuensis</span> <span class='ocrx_word' id='word_1_359' title='bbox 1415 1739 1452 1761; x_wconf 84' lang='lat' dir='ltr'>ex</span> <span class='ocrx_word' id='word_1_360' title='bbox 1483 1728 1697 1762; x_wconf 88' lang='lat' dir='ltr'>concessione</span> <span class='ocrx_word' id='word_1_361' title='bbox 1728 1735 1759 1762; x_wconf 88' lang='lat' dir='ltr'>et</span> <span class='ocrx_word' id='word_1_362' title='bbox 1790 1729 1956 1774; x_wconf 89' lang='lat' dir='ltr'>dispensa-</span> 
     </span>
     <span class='ocr_line' id='line_1_77' title="bbox 1221 1781 1955 1825; baseline 0.005 -12"><span class='ocrx_word' id='word_1_363' title='bbox 1221 1781 1306 1815; x_wconf 89' lang='lat' dir='ltr'>tione</span> <span class='ocrx_word' id='word_1_364' title='bbox 1321 1782 1500 1824; x_wconf 80' lang='lat' dir='ltr'>apostolica</span> <span class='ocrx_word' id='word_1_365' title='bbox 1516 1783 1678 1825; x_wconf 85' lang='lat' dir='ltr'>praesule,</span> <span class='ocrx_word' id='word_1_366' title='bbox 1697 1783 1729 1816; x_wconf 95' lang='lat' dir='ltr'>in</span> <span class='ocrx_word' id='word_1_367' title='bbox 1746 1784 1895 1817; x_wconf 89' lang='lat' dir='ltr'>manibus</span> <span class='ocrx_word' id='word_1_368' title='bbox 1914 1785 1955 1817; x_wconf 91' lang='lat' dir='ltr'>fe-</span> 
     </span>
     <span class='ocr_line' id='line_1_78' title="bbox 1219 1834 1955 1880; baseline 0.004 -14"><span class='ocrx_word' id='word_1_369' title='bbox 1219 1834 1289 1867; x_wconf 90' lang='lat' dir='ltr'>licis</span> <span class='ocrx_word' id='word_1_370' title='bbox 1316 1834 1552 1867; x_wconf 84' lang='lat' dir='ltr'>recordationis</span> <span class='ocrx_word' id='word_1_371' title='bbox 1577 1835 1751 1869; x_wconf 80' lang='lat' dir='ltr'>Alexandri</span> <span class='ocrx_word' id='word_1_372' title='bbox 1776 1836 1880 1880; x_wconf 85' lang='lat' dir='ltr'>Papae</span> <span class='ocrx_word' id='word_1_373' title='bbox 1904 1837 1955 1869; x_wconf 75' lang='lat' dir='ltr'>Vll</span> 
     </span>
     <span class='ocr_line' id='line_1_79' title="bbox 1219 1888 1955 1930; baseline 0.004 -10"><span class='ocrx_word' id='word_1_374' title='bbox 1219 1888 1478 1930; x_wconf 87' lang='lat' dir='ltr'>praedecessoris</span> <span class='ocrx_word' id='word_1_375' title='bbox 1502 1889 1605 1921; x_wconf 89' lang='lat' dir='ltr'>nostri</span> <span class='ocrx_word' id='word_1_376' title='bbox 1631 1890 1754 1929; x_wconf 86' lang='lat' dir='ltr'>factam,</span> <span class='ocrx_word' id='word_1_377' title='bbox 1780 1895 1812 1922; x_wconf 91' lang='lat' dir='ltr'>et</span> <span class='ocrx_word' id='word_1_378' title='bbox 1836 1891 1875 1923; x_wconf 91' lang='lat' dir='ltr'>ab</span> <span class='ocrx_word' id='word_1_379' title='bbox 1901 1901 1955 1923; x_wconf 90' lang='lat' dir='ltr'>eo-</span> 
     </span>
     <span class='ocr_line' id='line_1_80' title="bbox 1220 1941 1952 1984; baseline 0.004 -11"><span class='ocrx_word' id='word_1_380' title='bbox 1220 1941 1292 1973; x_wconf 92' lang='lat' dir='ltr'>dem</span> <span class='ocrx_word' id='word_1_381' title='bbox 1307 1941 1487 1974; x_wconf 74' lang='lat' dir='ltr'>Alexandro</span> <span class='ocrx_word' id='word_1_382' title='bbox 1502 1942 1753 1984; x_wconf 88' lang='lat' dir='ltr'>praedecessore</span> <span class='ocrx_word' id='word_1_383' title='bbox 1767 1943 1952 1984; x_wconf 87' lang='lat' dir='ltr'>admissam,</span> 
     </span>
     <span class='ocr_line' id='line_1_81' title="bbox 1220 1993 1954 2037; baseline 0.005 -12"><span class='ocrx_word' id='word_1_384' title='bbox 1220 1999 1296 2026; x_wconf 89' lang='lat' dir='ltr'>tunc</span> <span class='ocrx_word' id='word_1_385' title='bbox 1320 1993 1492 2026; x_wconf 77' lang='lat' dir='ltr'>existentes</span> <span class='ocrx_word' id='word_1_386' title='bbox 1510 1994 1571 2026; x_wconf 77' lang='lat' dir='ltr'>dux</span> <span class='ocrx_word' id='word_1_387' title='bbox 1598 2000 1630 2027; x_wconf 94' lang='lat' dir='ltr'>et</span> <span class='ocrx_word' id='word_1_388' title='bbox 1653 1995 1888 2037; x_wconf 80' lang='lat' dir='ltr'>gubernatores</span> <span class='ocrx_word' id='word_1_389' title='bbox 1906 1997 1954 2029; x_wconf 93' lang='lat' dir='ltr'>di-</span> 
     </span>
     <span class='ocr_line' id='line_1_82' title="bbox 1219 2046 1953 2092; baseline 0.004 -13"><span class='ocrx_word' id='word_1_390' title='bbox 1219 2052 1287 2080; x_wconf 90' lang='lat' dir='ltr'>ctae</span> <span class='ocrx_word' id='word_1_391' title='bbox 1312 2046 1521 2089; x_wconf 86' lang='lat' dir='ltr'>Reipublicae</span> <span class='ocrx_word' id='word_1_392' title='bbox 1539 2047 1578 2080; x_wconf 90' lang='lat' dir='ltr'>de</span> <span class='ocrx_word' id='word_1_393' title='bbox 1595 2047 1678 2080; x_wconf 88' lang='lat' dir='ltr'>sacto</span> <span class='ocrx_word' id='word_1_394' title='bbox 1697 2053 1728 2080; x_wconf 89' lang='lat' dir='ltr'>et</span> <span class='ocrx_word' id='word_1_395' title='bbox 1747 2049 1878 2092; x_wconf 80' lang='lat' dir='ltr'>propria</span> <span class='ocrx_word' id='word_1_396' title='bbox 1898 2061 1953 2082; x_wconf 86' lang='lat' dir='ltr'>au-</span> 
     </span>
     <span class='ocr_line' id='line_1_83' title="bbox 1218 2099 1950 2150; baseline 0.004 -18"><span class='ocrx_word' id='word_1_397' title='bbox 1218 2100 1364 2132; x_wconf 88' lang='lat' dir='ltr'>ctoritate</span> <span class='ocrx_word' id='word_1_398' title='bbox 1404 2099 1603 2150; x_wconf 70' lang='lat' dir='ltr'>praedictam</span> <span class='ocrx_word' id='word_1_399' title='bbox 1639 2101 1750 2133; x_wconf 86' lang='lat' dir='ltr'>sedem</span> <span class='ocrx_word' id='word_1_400' title='bbox 1785 2102 1950 2146; x_wconf 86' lang='lat' dir='ltr'>archiepi-</span> 
     </span>
     <span class='ocr_line' id='line_1_84' title="bbox 1218 2154 1951 2198; baseline 0.004 -12"><span class='ocrx_word' id='word_1_401' title='bbox 1218 2154 1383 2197; x_wconf 89' lang='lat' dir='ltr'>scopalem</span> <span class='ocrx_word' id='word_1_402' title='bbox 1408 2164 1425 2185; x_wconf 88' lang='lat' dir='ltr'>a</span> <span class='ocrx_word' id='word_1_403' title='bbox 1449 2158 1628 2186; x_wconf 87' lang='lat' dir='ltr'>memorato</span> <span class='ocrx_word' id='word_1_404' title='bbox 1658 2164 1759 2187; x_wconf 89' lang='lat' dir='ltr'>cornu</span> <span class='ocrx_word' id='word_1_405' title='bbox 1791 2156 1951 2198; x_wconf 83' lang='lat' dir='ltr'>evangelii</span> 
     </span>
     <span class='ocr_line' id='line_1_85' title="bbox 1219 2205 1952 2250; baseline 0.004 -11"><span class='ocrx_word' id='word_1_406' title='bbox 1219 2206 1368 2246; x_wconf 88' lang='lat' dir='ltr'>amoveri,</span> <span class='ocrx_word' id='word_1_407' title='bbox 1385 2205 1537 2249; x_wconf 86' lang='lat' dir='ltr'>illamque</span> <span class='ocrx_word' id='word_1_408' title='bbox 1557 2217 1575 2238; x_wconf 92' lang='lat' dir='ltr'>a</span> <span class='ocrx_word' id='word_1_409' title='bbox 1598 2217 1699 2240; x_wconf 87' lang='lat' dir='ltr'>cornu</span> <span class='ocrx_word' id='word_1_410' title='bbox 1717 2207 1873 2250; x_wconf 88' lang='lat' dir='ltr'>epistolae</span> <span class='ocrx_word' id='word_1_411' title='bbox 1891 2210 1952 2242; x_wconf 90' lang='lat' dir='ltr'>col-</span> 
     </span>
     <span class='ocr_line' id='line_1_86' title="bbox 1218 2258 1951 2305; baseline 0.004 -13"><span class='ocrx_word' id='word_1_412' title='bbox 1218 2259 1316 2292; x_wconf 91' lang='lat' dir='ltr'>locari</span> <span class='ocrx_word' id='word_1_413' title='bbox 1342 2258 1490 2299; x_wconf 78' lang='lat' dir='ltr'>fecerint,</span> <span class='ocrx_word' id='word_1_414' title='bbox 1508 2259 1627 2292; x_wconf 78' lang='lat' dir='ltr'>violata</span> <span class='ocrx_word' id='word_1_415' title='bbox 1643 2260 1717 2293; x_wconf 91' lang='lat' dir='ltr'>inde</span> <span class='ocrx_word' id='word_1_416' title='bbox 1733 2261 1951 2305; x_wconf 84' lang='lat' dir='ltr'>archiepisco-</span> 
     </span>
     <span class='ocr_line' id='line_1_87' title="bbox 1218 2311 1950 2356; baseline 0.005 -12"><span class='ocrx_word' id='word_1_417' title='bbox 1218 2312 1282 2356; x_wconf 91' lang='lat' dir='ltr'>pali</span> <span class='ocrx_word' id='word_1_418' title='bbox 1309 2311 1466 2354; x_wconf 79' lang='lat' dir='ltr'>dignitate</span> <span class='ocrx_word' id='word_1_419' title='bbox 1499 2322 1535 2344; x_wconf 91' lang='lat' dir='ltr'>ac</span> <span class='ocrx_word' id='word_1_420' title='bbox 1558 2312 1795 2354; x_wconf 85' lang='lat' dir='ltr'>iurisdictione,</span> <span class='ocrx_word' id='word_1_421' title='bbox 1822 2325 1950 2348; x_wconf 91' lang='lat' dir='ltr'>necnon</span> 
     </span>
     <span class='ocr_line' id='line_1_88' title="bbox 1217 2364 1951 2408; baseline 0.007 -12"><span class='ocrx_word' id='word_1_422' title='bbox 1217 2364 1457 2408; x_wconf 89' lang='lat' dir='ltr'>praedictorum</span> <span class='ocrx_word' id='word_1_423' title='bbox 1472 2364 1684 2406; x_wconf 89' lang='lat' dir='ltr'>decretorum,</span> <span class='ocrx_word' id='word_1_424' title='bbox 1701 2366 1819 2400; x_wconf 86' lang='lat' dir='ltr'>rituum</span> <span class='ocrx_word' id='word_1_425' title='bbox 1833 2372 1864 2400; x_wconf 91' lang='lat' dir='ltr'>et</span> <span class='ocrx_word' id='word_1_426' title='bbox 1881 2378 1951 2401; x_wconf 84' lang='lat' dir='ltr'>cae-</span> 
     </span>
     <span class='ocr_line' id='line_1_89' title="bbox 1217 2418 1947 2464; baseline 0.003 -12"><span class='ocrx_word' id='word_1_427' title='bbox 1217 2418 1437 2452; x_wconf 89' lang='lat' dir='ltr'>remoniarum</span> <span class='ocrx_word' id='word_1_428' title='bbox 1476 2419 1766 2453; x_wconf 85' lang='lat' dir='ltr'>ecclesiasticarum</span> <span class='ocrx_word' id='word_1_429' title='bbox 1804 2420 1947 2464; x_wconf 88' lang='lat' dir='ltr'>disposi-</span> 
     </span>
     <span class='ocr_line' id='line_1_90' title="bbox 1217 2471 1950 2516; baseline 0.003 -11"><span class='ocrx_word' id='word_1_430' title='bbox 1217 2473 1321 2512; x_wconf 86' lang='lat' dir='ltr'>tione;</span> <span class='ocrx_word' id='word_1_431' title='bbox 1351 2471 1402 2505; x_wconf 93' lang='lat' dir='ltr'>cui</span> <span class='ocrx_word' id='word_1_432' title='bbox 1434 2477 1609 2512; x_wconf 88' lang='lat' dir='ltr'>attentato,</span> <span class='ocrx_word' id='word_1_433' title='bbox 1642 2483 1700 2516; x_wconf 90' lang='lat' dir='ltr'>per</span> <span class='ocrx_word' id='word_1_434' title='bbox 1733 2474 1950 2507; x_wconf 89' lang='lat' dir='ltr'>venerabilem</span> 
     </span>
     <span class='ocr_line' id='line_1_91' title="bbox 1216 2525 1948 2569; baseline 0.003 -11"><span class='ocrx_word' id='word_1_435' title='bbox 1216 2527 1346 2559; x_wconf 88' lang='lat' dir='ltr'>fratrem</span> <span class='ocrx_word' id='word_1_436' title='bbox 1370 2525 1524 2559; x_wconf 87' lang='lat' dir='ltr'>Ioannem</span> <span class='ocrx_word' id='word_1_437' title='bbox 1550 2526 1726 2569; x_wconf 85' lang='lat' dir='ltr'>Baptistam</span> <span class='ocrx_word' id='word_1_438' title='bbox 1756 2528 1948 2561; x_wconf 89' lang='lat' dir='ltr'>modernum</span> 
     </span>
     <span class='ocr_line' id='line_1_92' title="bbox 1215 2579 1949 2625; baseline 0.005 -14"><span class='ocrx_word' id='word_1_439' title='bbox 1215 2579 1500 2623; x_wconf 86' lang='lat' dir='ltr'>archiepiscopum</span> <span class='ocrx_word' id='word_1_440' title='bbox 1531 2579 1722 2613; x_wconf 89' lang='lat' dir='ltr'>Ianuensem</span> <span class='ocrx_word' id='word_1_441' title='bbox 1754 2581 1839 2625; x_wconf 89' lang='lat' dir='ltr'>apud</span> <span class='ocrx_word' id='word_1_442' title='bbox 1865 2582 1949 2615; x_wconf 84' lang='lat' dir='ltr'>lianc</span> 
     </span>
     <span class='ocr_line' id='line_1_93' title="bbox 1214 2632 1949 2677; baseline 0.004 -12"><span class='ocrx_word' id='word_1_443' title='bbox 1214 2632 1328 2666; x_wconf 87' lang='lat' dir='ltr'>Sedem</span> <span class='ocrx_word' id='word_1_444' title='bbox 1355 2633 1574 2677; x_wconf 85' lang='lat' dir='ltr'>Apostolicam</span> <span class='ocrx_word' id='word_1_445' title='bbox 1607 2634 1743 2668; x_wconf 90' lang='lat' dir='ltr'>deducto</span> <span class='ocrx_word' id='word_1_446' title='bbox 1772 2640 1803 2668; x_wconf 89' lang='lat' dir='ltr'>et</span> <span class='ocrx_word' id='word_1_447' title='bbox 1827 2635 1949 2669; x_wconf 82' lang='lat' dir='ltr'>denun-</span> 
     </span>
    </p>
   </div>
   <div class='ocr_carea' id='block_1_17' title="bbox 1962 258 2151 286">
    <p class='ocr_par' dir='ltr' id='par_1_20' title="bbox 1962 258 2151 286">
     <span class='ocr_line' id='line_1_94' title="bbox 1962 258 2151 286; baseline 0 -1"><span class='ocrx_word' id='word_1_448' title='bbox 1962 258 2014 286; x_wconf 79' lang='lat' dir='ltr'>An.</span> <span class='ocrx_word' id='word_1_449' title='bbox 2036 258 2065 286; x_wconf 89' lang='lat' dir='ltr'>C.</span> <span class='ocrx_word' id='word_1_450' title='bbox 2084 258 2151 286; x_wconf 64' lang='lat'>¹67²}</span> 
     </span>
    </p>
   </div>
  </div>
 </body>
</html>
