2279 3260
218 243 266 269 An.
284 243 314 269 c.
335 241 396 269 εστι
446 232 509 265 ‘2702

410 295 484 322 tuor
517 287 674 322 ducatos·
701 288 770 320 auri
804 287 842 319 de
879 287 1003 318 camera
1029 293 1145 316 secun-

410 342 485 374 dum
526 351 729 374 communem
767 338 1023 372 aestimationem
1061 336 1148 368 valo-

409 395 453 427 ris
478 394 552 427 anni
583 403 787 426 nummorum
816 390 904 424 non⁹
929 388 1146 426 excessisset,

411 447 587 480 duuunodo
624 452 730 478 tamen
764 444 907 477 oninium
944 442 1073 474 insimul
1111 440 1149 472 il-

411 501 475 533 lum
491 498 758 539 transcenderet),
774 498 963 538 cuicumque
981 492 1147 533 ecclesiae,
1168 493 1170 508 ³

994 233 1146 261 BULLAnn‘
1152 236 1172 259 M
1196 234 1350 259 nonmrttt

1190 287 1301 314 mento
1326 282 1433 316 omnia
1451 287 1482 315 et
1498 283 1624 325 singula
1644 282 1804 316 beneficia
1828 282 1925 316 eccle-

1191 334 1328 375 siastica,
1349 345 1431 377 quae
1457 335 1567 377 vigore
1592 335 1744 368 similium
1770 335 1926 367 unionum

1191 387 1438 430 quomodolibet
1468 388 1698 430 possidebant,
1727 388 1926 431 illorumque

1191 450 1314 473 annuos
1338 441 1477 479 valores,
1504 440 1591 473 iuxta
1616 440 1771 483 praedicti
1804 439 1879 472 sixti
1904 439 1927 470 V

1191 493 1448 535 praedecessoris
1463 492 1722 531 Constitutiones,
1741 504 1812 526 cum
1832 493 1926 525 facul-

411 553 618 592 monasterio,
645 550 806 592 collegio,
838 548 964 587 domui,
987 546 1145 585 societati,
1168 549 1170 589 ᾖ
1192 548 1255 576 fate
1279 544 1396 577 citandi
1416 549 1449 576 et
1473 544 1653 585 inhibendi,
1671 545 1798 584 etaliis,
1813 542 1924 588 prout'

412 603 670 647 congregationi,
700 601 810 634 Ordini
828 628 835 641 ,
869 600 1011 639 militiae,
1038 598 1148 641 bospi-

414 658 480 696 tali,
497 656 678 695 seminario,
705 659 759 687 aut
783 653 874 686 alteri
900 654 972 685 loco
1001 652 1066 694 pio,
1085 656 1147 683 tam

410 721 470 753 per
509 718 729 752 quoscumque
775 706 933 738 Romanos
977 703 1147 736 Pontifices

410 763 680 806 praedecessores
717 770 812 800 suos,
848 768 975 790 necnon
1008 766 1066 799 per
1093 756 1148 788 Se-

411 815 459 848 dis
478 814 683 857 Apostolicae
709 814 845 854 legatos,
862 810 998 843 nuncios
1015 815 1045 842 et
1066 809 1146 842 alios

411 876 630 909 quoscumque
649 865 886 906 subdelegatos,
903 868 957 895 aut
977 862 1054 895 alias
1073 871 1147 904 quo·

411 918 591 951 modolibet
610 917 787 960 apostolica
815 915 1014 954 auctoritate,
1030 925 1125 957 quam
1137 914 1147 929 ³

410 982 468 1014 per
501 981 736 1014 quemcumque
765 969 828 1002 loci
854 968 1080 1007 Ordinarium,
1114 967 1146 999 in

411 1023 554 1068 qualibet
567 1023 677 1055 mundi
697 1028 784 1066 parte
800 1027 933 1054 eatenus
948 1021 1046 1053 sactae
1065 1025 1097 1053 et
1114 1020 1145 1053 in

410 1077 552 1109 futurum
572 1076 735 1109 faciendae
758 1074 898 1118 (etiamsi
919 1074 1088 1112 manualia,
1115 1078 1146 1105 et

410 1130 449 1162 de
466 1128 534 1162 iure
559 1134 747 1172 patronatus
763 1128 888 1167 ducum,
908 1126 1144 1166 marchionum,

410 1183 576 1222 baronum,
603 1182 765 1221 comitum,
783 1186 815 1214 et
839 1180 974 1213 aliorum
990 1179 1145 1212 nobilium

411 1241 442 1268 et
466 1235 640 1268 illustrium
658 1235 813 1267 beneficia
832 1234 887 1267 illa
907 1233 1067 1275 fuissent),
1087 1233 1146 1265 sub
1167 1271 1168 1278 ἵ

410 1288 568 1321 dictorum
595 1288 877 1330 praedecessorum
910 1285 1147 1318 constitutioni-

409 1341 470 1373 bus
496 1346 526 1373 et
550 1340 807 1373 ordinationibus
836 1339 968 1372 omnino
1000 1349 1147 1381 compre-

412 1394 509 1426 hendi
536 1399 567 1426 et
592 1394 743 1433 includi⁴,
775 1399 806 1425 et
834 1393 871 1424 ab
891 1391 1038 1425 omnibus
1063 1402 1147 1424 com-

410 1446 587 1489 prehensas
605 1451 634 1478 et
648 1445 788 1478 inclusas
806 1456 875 1477 esse
891 1444 1015 1477 censeri
1029 1444 1145 1483 voluit,

410 1498 459 1530 et⁵
475 1498 514 1530 ad
532 1498 726 1531 solutionem
749 1497 1024 1541 quindenniorum
1045 1496 1146 1529 teneri
1167 1503 1169 1526 't

410 1556 442 1583 et
465 1551 622 1593 obligatos
648 1561 729 1590 esse,
751 1551 835 1583 etad
862 1550 894 1582 id
919 1549 989 1592 cogi
1009 1555 1040 1582 et
1061 1560 1147 1582 com-

410 1604 487 1647 pelli
512 1615 608 1647 posse
635 1604 826 1644 dcclxii-avim
846 1603 1074 1646 mandavitque
1091 1603 1147 1635 bo-

409 1667 470 1689 nae
496 1657 669 1689 memoriae
695 1656 878 1689 Alexandro
903 1655 1075 1695 Glorierio,
1093 1655 1147 1688 Ca-

410 1719 519 1742 merae
538 1710 743 1751 Apostolicae
764 1708 892 1747 clerico,
907 1714 938 1741 et
958 1713 1146 1740 armatarum

411 1768 486 1795 tunc
511 1762 618 1802 iudici,
641 1768 684 1801 ut,
700 1773 758 1805 pro
777 1761 914 1794 faciliori
940 1762 1146 1803 indagatione
1167 1781 1168 1784 =

409 1815 565 1847 unionum
579 1815 831 1857 praedictarum,
847 1813 954 1846 omnia
972 1818 1003 1846 et
1020 1814 1146 1856 singula

409 1866 653 1907 cathedralium,
687 1866 782 1899 etiam
808 1865 1143 1909 metropolitanarum,

410 1924 442 1952 et
466 1919 707 1962 collegiatarum
739 1919 951 1952 ecclesiarum
983 1918 1122 1961 capitula
1139 1945 1146 1958 ,

410 1978 442 2005 et
459 1973 521 2006 alia
538 1974 609 2005 loca
628 1973 681 2015 pia
697 1972 865 2016 praedicta
889 1977 1036 2005 moneret
1053 1976 1085 2004 et
1101 1982 1147 2005 re-

410 2025 556 2068 quireret
579 2025 631 2057 ut⁶
662 2024 892 2068 profiterentur
922 2024 1030 2057 medio
1063 2025 1146 2057 iura-

447 2088 455 2112 1
480 2086 551 2113 Edit.
572 2086 649 2113 Main.
679 2087 742 2121 legit
770 2095 891 2121 quorum
918 2086 1064 2121 quodlibet
1092 2095 1145 2112 an-

408 2138 501 2156 nuum
509 2130 632 2157 valorem
644 2130 879 2164 vigintiquatuor
890 2130 1057 2157 ducatorum
1067 2130 1144 2164 (uxr).

444 2175 460 2200 ἓ
482 2174 641 2201 particulam
666 2182 723 2200 non
743 2182 791 2200 nos
812 2173 950 2205 addimus;
976 2173 1039 2200 edit.
1062 2174 1144 2200 Main.

409 2218 491 2244 habet
509 2227 561 2245 sec.
582 2226 651 2244 com.
672 2221 740 2244 aasz.
757 2218 812 2244 val.
829 2226 900 2243 anu.
916 2226 998 2244 num.
1014 2219 1145 2245 eoecessis-

408 2267 446 2289 set
461 2262 503 2296 (R.
518 2263 568 2294 τ.).

444 2307 460 2333 3
480 2307 576 2333 Vocem
590 2315 678 2341 quam
689 2306 814 2332 addimus
824 2314 855 2332 ex
865 2307 917 2333 loc.
929 2306 1055 2340 parallelo
1065 2307 1144 2340 (uxr).

445 2353 460 2377 Α
481 2351 516 2377 Ex
537 2352 594 2378 loco
616 2351 744 2385 parallelo
770 2355 796 2377 et
820 2359 851 2377 ex
875 2350 978 2377 ratione
1006 2355 1145 2377 contextus

409 2396 468 2431 lege
488 2395 577 2429 potius
591 2395 903 2429 comprehenderentur
917 2397 943 2420 et
964 2395 1144 2421 includeren-

410 2443 459 2467 tur
478 2441 515 2465 (R.
536 2439 585 2472 τ.).

445 2486 459 2511 5
486 2484 550 2510 Heic
574 2483 659 2510 subde
686 2492 718 2510 ex
750 2484 809 2510 loco
834 2483 962 2517 parallelo
991 2486 1144 2517 propterea

408 2529 507 2556 omnia
526 2532 549 2555 el
565 2529 682 2562 sinqula
698 2545 751 2555 .....
766 2528 902 2563 capitula,
919 2531 970 2554 etc.
983 2547 1036 2554 .....
1053 2532 1079 2555 el
1090 2529 1145 2563 pia

409 2574 469 2600 loca
484 2572 652 2599 huiusmodi
666 2576 704 2606 (n.
720 2572 768 2606 T.).

443 2617 459 2643 6
480 2616 622 2651 Pei-peram
642 2615 685 2642 ed.
697 2615 774 2643 Μαίη,
793 2615 859 2650 legit
877 2624 910 2641 ac
930 2623 977 2651 pro
994 2617 1024 2642 ut
1039 2616 1076 2649 (fl.
1093 2615 1143 2649 τ.).

1168 605 1170 609 ·
1192 596 1223 628 in
1242 596 1357 629 litteris
1392 597 1423 628 in
1457 596 1559 628 forma
1587 597 1696 629 Brevis
1722 597 1781 629 sub

1817 597 1924 629 datum

1190 660 1242 683 xiv
1268 649 1386 682 mensis
1403 649 1478 681 maii
1507 659 1665 683 nanxxw
1690 650 1838 683 similiter
1861 651 1926 693 ple-

1191 702 1263 734 nius
1288 701 1485 734 continetur.

1234 755 1248 797 ἓ
1268 755 1298 787 5.
1320 755 1486 787 Postremo
1505 754 1606 787 felicis
1623 755 1858 788 recordationis
1875 755 1927 787 Ur-

1168 812 1169 821 *
1190 808 1292 840 banus
1308 808 1393 850 Papa
1409 807 1482 847 VIII,
1502 807 1596 839 etiam
1623 807 1854 850 praedecessor
1870 818 1928 841 no-

1191 865 1257 892 ster
1270 861 1291 900 ²,
1324 870 1406 901 cum,
1426 860 1508 892 sicut
1532 865 1714 903 acceperat,
1741 864 1773 892 et
1797 860 1881 892 sicut
1898 860 1926 893 ei

1190 912 1286 945 etiam
1311 913 1509 951 innotuerat,
1546 912 1698 944 adessent
1730 912 1928 955 quampluri-

1190 976 1258 997 mae
1295 966 1432 997 uniones
1465 971 1497 997 et
1528 964 1761 1008 applicationes
1792 975 1809 997 a
1842 965 1927 997 dicto

1190 1023 1336 1061 tempore
1363 1018 1442 1050 citra
1468 1017 1581 1058 factae,
1612 1027 1746 1060 quarum
1771 1017 1887 1050 notitia
1911 1028 1927 1050 a

1189 1071 1319 1103 Camera
1340 1076 1371 1103 et
1388 1070 1586 1103 cancellaria
1604 1070 1789 1113 Apostolica
1807 1070 1926 1103 deside·

1167 1125 1168 1160 ζ
1190 1123 1329 1162 rabatur,
1350 1123 1463 1154 volens
1489 1126 1664 1165 propterea
1690 1128 1751 1154 tarn
1770 1121 1925 1154 Gamerae

1190 1175 1374 1218 praedictae
1394 1186 1488 1218 quam
1506 1175 1694 1207 eorumdem
1715 1175 1925 1208 cardinalium

1189 1229 1327 1270 collegio
1352 1233 1384 1260 et
1401 1227 1591 1260 officialibus
1611 1228 1649 1259 de
1675 1228 1802 1259 armatis
1827 1228 1927 1270 parti-

1189 1280 1369 1324 cipantibus
1394 1281 1578 1318 consulere,
1603 1284 1693 1312 motu
1711 1279 1821 1319 simili,
1839 1290 1928 1322 quas-

1189 1343 1327 1376 cumque
1346 1338 1408 1364 tam
1427 1333 1485 1364 sub
1503 1332 1648 1375 plumbo,
1668 1342 1763 1374 quam
1777 1332 1809 1364 in
1828 1332 1928 1365 forma

1190 1385 1299 1417 Brevis
1337 1390 1368 1417 et
1407 1384 1639 1428 motusproprii
1677 1384 1800 1417 litteras
1826 1385 1928 1417 dicto-

1190 1448 1259 1469 rum
1283 1437 1328 1469 Pii
1354 1437 1376 1468 V
1402 1443 1434 1470 et
1457 1437 1534 1469 Sixti
1559 1437 1594 1477 V,
1621 1447 1750 1469 necnon
1777 1447 1930 1480 quorum-

1189 1500 1326 1533 cumque
1345 1490 1480 1522 aliorum
1495 1490 1714 1522 Romanorum
1736 1489 1928 1523 Pontificum

1190 1544 1476 1586 praedecessorum
1494 1554 1636 1582 suorum,
1652 1553 1751 1586 super
1767 1543 1928 1576 solutione

1189 1602 1392 1637 annatarum,
1406 1597 1633 1636 communium,
1649 1595 1926 1639 quindenniorum

1190 1656 1223 1683 et
1246 1651 1382 1683 aliorum
1408 1650 1545 1691 iurium,
1571 1655 1635 1682 tam
1670 1649 1795 1682 ratione
1821 1649 1928 1692 provi-

1190 1704 1318 1736 sionum
1343 1713 1398 1735 seu
1418 1703 1576 1735 unionum
1594 1708 1828 1746 perpetuarum
1850 1712 1929 1745 quo-

1190 1767 1398 1799 rumcumque
1423 1756 1658 1788 beneficiorum
1690 1755 1929 1788 ecclesiastico-

1190 1819 1260 1842 rum
1293 1819 1351 1852 per
1375 1808 1489 1841 Sedem
1523 1808 1739 1851 Apostolicam
1775 1808 1927 1840 saetarum

1190 1867 1223 1895 et
1246 1862 1465 1895 faciendarum
1502 1862 1626 1901 editas,
1658 1860 1863 1894 confirmatas
1895 1865 1927 1893 et

1189 1915 1367 1954 innovatas,
1394 1926 1465 1947 cum
1497 1915 1648 1947 omnibus
1674 1913 1838 1953 clausulis,
1871 1914 1927 1946 de-

1189 1968 1294 2007 cretis,
1310 1966 1583 2010 derogationibus,
1599 1977 1635 1998 ac
1648 1966 1791 1999 censuris
1807 1971 1838 1998 et
1854 1976 1927 2009 poe-

1189 2022 1238 2054 nis
1263 2022 1295 2053 in
1320 2021 1383 2053 illis
1408 2020 1579 2059 contentis,
1609 2029 1736 2052 necnon
1762 2019 1871 2051 omnia
1895 2024 1926 2051 et

1189 2075 1316 2117 singula
1341 2085 1402 2118 per
1422 2083 1645 2117 quoscumque
1663 2072 1794 2111 iudices,
1815 2082 1926 2104 execu-

1189 2134 1273 2160 tores
1299 2132 1331 2160 et
1355 2125 1592 2160 commissarios
1625 2126 1657 2157 in
1689 2124 1874 2168 praemissis
1895 2130 1927 2157 et

1188 2181 1274 2214 circa
1298 2191 1335 2213 ea
1353 2179 1600 2223 quomodolibet
1624 2184 1713 2221 gesta
1734 2183 1765 2210 et
1781 2183 1925 2217 executa,

1189 2237 1219 2266 et
1254 2233 1330 2265 inde
1364 2232 1507 2274 legitime
1552 2236 1663 2263 secuta
1704 2241 1925 2274 quaecumque

1189 2285 1358 2329 ((μιοιίιῑῑι3
1375 2290 1516 2323 tenores,
1536 2295 1573 2316 ae
1594 2284 1620 2315 si
1636 2284 1674 2316 de
1689 2283 1787 2316 verbo
1805 2283 1844 2315 ad
1860 2293 1925 2315 ver-

1189 2339 1262 2370 bum
1289 2338 1355 2371 illic
1380 2337 1491 2370 inserti
1524 2342 1656 2376 essent,
1687 2347 1744 2379 pro
1769 2337 1867 2379 plene
1893 2341 1925 2368 et

1189 2392 1387 2425 sufficienter
1402 2390 1561 2433 expressis
1576 2395 1607 2422 et
1622 2390 1753 2422 insertis
1773 2390 1923 2432 habens),

1224 2484 1233 2508 1
1257 2481 1419 2508 Particulam
1438 2483 1524 2515 prout
1544 2488 1593 2507 nos
1612 2479 1738 2506 addimus
1756 2481 1794 2514 (n.
1815 2479 1863 2512 τ.).

1222 2525 1237 2551 ζ’),
1258 2526 1323 2552 Vide
1343 2525 1454 2552 Constit.
1475 2531 1537 2551 wa
1558 2524 1660 2551 Urbani
1680 2523 1757 2558 tht,
1778 2527 1843 2550 tom.
1863 2529 1924 2556 xttl,

1189 2578 1248 2605 pag.
1266 2569 1312 2596 161
1331 2575 1367 2603 (a.
1384 2570 1432 2603 T.).

1222 2615 1238 2641 3
1260 2613 1348 2640 Potius
1367 2614 1426 2648 lege
1445 2621 1542 2641 eorum
1563 2615 1598 2644 (n.
1615 2613 1664 2647 τ.).

1938 233 1986 260 An.
2003 233 2032 260 C.
2051 233 2114 261 1671

1973 767 2032 790 Quae
2052 769 2121 787 omnin

1938 793 2068 813 confirmavit
2083 795 2122 814 Ur-

1938 819 2005 839 banus
2022 819 2073 841 vnto
