2279 3260
239 244 289 270 Λ11.
310 243 339 270 C.
360 243 425 270 107ss

266 884 275 907 ,ξ’
295 883 322 902 l'».
347 883 375 902 00
395 882 421 902 si-

240 910 327 932 10111κί11
343 909 420 928 (11111110

239 942 250 955 ιι
261 938 308 955 istro
331 936 420 955 utendis

471 233 534 267 070

430 292 464 324 ln
490 302 585 334 quem
604 290 750 323 effectum
769 291 811 323 sit
826 290 910 323 liber
928 290 959 321 in
981 289 1054 320 arca
1072 287 1166 319 trium
1186 287 1188 302 '

431 345 577 384 clarium,
602 344 633 377 in
660 355 721 388 quo
747 344 850 377 dictae
869 342 1010 375 rationes
1027 338 1166 371 scriban-

430 403 493 438 tur,
509 402 541 430 et
565 397 672 430 debita
697 407 756 439 pro
782 402 813 428 et
832 400 943 428 eontra
961 396 1164 430 conventum,

431 462 502 483 cum
527 449 737 482 annotatione
771 448 845 487 diei,
871 445 990 479 mensis
1016 449 1048 477 et
1079 442 1164 483 anni,

430 513 642 546 personarum
660 513 677 534 a
703 501 819 544 quibus
841 505 873 531 et
889 496 1001 530 lincm'
1020 496 1053 528 in
1071 506 1165 538 quem

430 559 595 588 contracta
620 559 711 594 sunt·,
739 557 770 585 et
794 551 911 584 librum
937 549 1047 587 istum,
1065 557 1166 590 quan-

431 608 471 641 do
498 613 529 639 et
557 606 641 639 sicut
666 610 792 638 ceteros
824 600 1030 641 monasterii,
1059 599 1166 632 visitet

430 659 649 704 provincialis,
667 663 699 690 et
718 661 962 700 procuratorem
988 654 1038 686 vel
1064 651 1165 684 admi-

430 714 635 746 nistratorem
660 721 724 756 non
750 709 924 741 reddentes
950 705 1108 738 rationem
1134 714 1165 735 a-

431 770 557 798 moveat
582 764 620 796 ab
646 762 761 803 officio,
787 761 975 794 reddentem
1000 768 1086 797 vero,
1108 756 1164 789 sed

432 829 495 851 11011
519 816 665 855 fideliter,
691 814 846 847 arbitratu
872 823 931 845 suo
952 810 1074 854 puniat.

477 882 498 903 1.
517 871 609 902 Pater
634 867 794 910 generalis
819 867 935 899 habeat
961 864 1021 896 tria
1045 861 1161 904 sigilla.

432 925 571 957 Primum
589 932 740 964 magnum
764 921 802 953 ad
828 918 1019 961 signandum
1035 914 1165 958 negotia

432 977 547 1021 gravia,
572 975 748 1008 seeundum
779 972 943 1005 mediocre
973 971 1011 1003 ad
1037 968 1169 1013 ordina-¹

430 1030 487 1069 ria,
504 1034 534 1062 et
559 1027 685 1061 tertium
718 1036 850 1069 parvum
880 1035 938 1068 pro
969 1022 1096 1056 litteris.
1130 1021 1165 1053 ln

430 1084 537 1126 primo
563 1082 686 1124 sculpta
712 1080 753 1112 sit
776 1079 883 1121 imago
918 1077 970 1110 SS.
993 1073 1163 1114 Trinitatis,

431 1142 464 1169 et
487 1137 520 1168 in
545 1134 680 1168 circuitu
705 1133 801 1166 verba
821 1132 904 1165 ista:
937 1131 1074 1173 Siquam
1096 1127 1166 1170 pri-

430 1189 583 1222 mitivum
607 1185 883 1220 Diseczlceatorum
906 1182 959 1216 SS.
992 1179 1166 1214 Trinitatis

431 1246 459 1275 ct
486 1241 705 1284 Captivorum.
733 1238 767 1270 ln
785 1237 911 1270 dnobus
935 1234 1006 1267 aliis
1030 1232 1166 1265 incisum

432 1294 474 1327 sit
498 1298 623 1326 5011111111
647 1290 784 1330 Ordinis,
802 1294 833 1322 et
857 1289 889 1321 in
915 1287 1048 1321 circuitu
1068 1284 1166 1318 verba

431 1347 528 1380 haec:
554 1346 655 1378 Pater
678 1343 828 1375 minister
850 1339 1022 1384 (feneratis.

477 1410 512 1432 11.
528 1397 751 1431 Definitorium
768 1394 919 1437 generale
938 1393 1056 1425 habeat
1070 1390 1166 1423 etiam

431 1463 525 1485 51111111
549 1450 701 1493 sigillum,
727 1448 761 1480 in
786 1458 848 1490 quo
866 1445 1005 1478 incisum
1022 1442 1168 1476 51101111-

430 1506 480 1538 nis
517 1510 639 1537 scutum
676 1513 746 1534 cum
780 1499 994 1543 inscriptione
1026 1498 1087 1530 ista
1111 1506 1168 1539 per

431 1558 616 1591 circuitum:
633 1554 863 1597 Dcfinitorium
881 1551 1028 1596 qenerate
1043 1549 1169 1583 Discat-

431 1615 593 1647 ceatorztm
616 1609 669 1642 SS.
698 1607 871 1640 Trinitatis
895 1611 922 1638 et
949 1605 1166 1648 Captivorum.

431 1664 510 1697 Cum
524 1664 586 1696 hoe
599 1667 706 1694 autem
719 1659 933 1702 signabuntur
946 1656 1077 1700 negotia
1088 1667 1169 1698 quae

431 1721 525 1759 pater
549 1714 709 1758 generalis
726 1712 857 1745 nomine
876 1710 1049 1744 definitorii
1074 1719 1171 1752 expe-

433 1769 536 1809 dierit,
565 1767 715 1801 addendo
741 1765 836 1798 etiam
853 1765 886 1797 in
903 1765 1035 1798 illorum
1061 1773 1171 1805 eorpo-

431 1833 488 1855 re:
512 1822 558 1854 De
583 1830 729 1853 consensu
754 1818 857 1851 nostri
881 1817 1058 1859 defim'toriz'
1079 1825 1172 1859 qene-

432 1874 538 1914 ralis;
563 1883 623 1917 per
648 1873 728 1905 haee
752 1871 838 1904 enim
861 1870 958 1903 verba
978 1875 1009 1902 et
1028 1868 1170 1911 sigillum

434 1926 663 1969 distinguenda
688 1929 762 1957 sunt
790 1923 919 1967 negotia
936 1922 1111 1957 definitorii
1132 1922 1171 1955 ab

435 1980 595 2024 expeditis
616 1990 633 2011 a
652 1983 745 2022 patre
764 1977 907 2020 generali
933 1978 1017 2010 5010.

479 2044 528 2067 111.
555 2032 680 2074 Singuli
703 2037 811 2074 patres
836 2030 1023 2064 definitores
1048 2029 1174 2072 singula

434 2087 578 2120 habeant
598 2085 704 2128 sigilla
725 2095 822 2127 parva
844 2094 903 2127 pro
926 2082 1072 2126 epistolis
1097 2082 1172 2123 suis,

437 2145 469 2173 et
492 2140 526 2172 in
546 2139 609 2172 illis
633 2139 674 2171 sit
698 2143 825 2170 sentum
849 2136 977 2169 Ordinis
1009 2141 1041 2169 et
1064 2134 1188 2172 inscri-,

436 2193 505 2236 ptio
531 2193 630 2225 haee:
655 2190 815 2233 Definitor
837 2189 1009 2233 yeneralis.

482 2255 524 2278 lvi
548 2244 691 2282 Quilibet
720 2243 930 2286 provincialis
965 2243 1028 2275 duo
1057 2242 1176 2275 habeat

439 2298 562 2340 sigillaj,
589 2307 689 2329 unum
706 2296 878 2336 mediocre,
897 2300 928 2329 et
945 2296 1079 2329 alterum
1106 2305 1178 2337 par-

439 2361 526 2383 vum.
555 2350 588 2382 ln
617 2354 757 2392 utroque
788 2350 948 2391 sculptum
979 2348 1019 2380 sit
1049 2347 1178 2380 Ordinis

441 2409 578 2444 scutum,
599 2408 630 2436 et
653 2413 713 2445 per
737 2402 906 2435 circuitum
922 2401 955 2433 in
972 2401 1094 2434 maiore
1111 2411 1178 2433 ver-

440 2458 481 2490 ba
507 2459 589 2490 ista:
614 2455 790 2489 Provincia
813 2455 954 2498 Spiritus
978 2454 1103 2494 Sancti,
1127 2454 1178 2486 vel

441 2509 574 2543 alterius
601 2509 723 2549 titulus,
749 2507 775 2539 si
800 2509 902 2540 altera
927 2506 1023 2540 suerit
1046 2507 1178 2549 provin-

442 2563 511 2604 cia;
545 2562 578 2595 in
612 2561 735 2595 minore
761 2571 836 2594 vero
861 2560 1083 2594 Provincichs
1103 2571 1178 2604 pro-

479 2625 490 2651 1
513 2624 608 2659 Aptius
626 2623 685 2658 lege
704 2622 773 2658 finis
792 2622 830 2657 (rt.
850 2624 899 2657 1.),

1022 237 1200 263 nummum
1224 237 1374 262 Romnum

1949 234 1988 262 An

1207 286 1333 319 vinciae
1357 286 1499 329 Spiritus
1515 286 1627 320 Sancti
1644 285 1745 329 (verbi
1766 283 1891 328 gratia),
1911 289 1943 317 ct

1209 338 1254 371 510
1275 339 1313 371 de
1338 339 1463 372 ceteris,

1252 402 1281 424 v.
1309 391 1449 429 Quilibet
1466 392 1561 425 etiam
1578 392 1728 424 minister
1750 395 1943 424 conventua-

1209 443 1247 476 lis
1271 444 1389 476 habeat
1413 444 1554 486 sigillum
1580 455 1712 487 parvum
1739 454 1798 487 pro
1824 443 1943 486 episto-

1209 496 1246 528 lis
1273 502 1303 528 et
1326 497 1464 539 negotiis
1491 497 1745 535 occurrentibus,
1771 501 1804 529 et
1828 495 1860 528 in
1885 495 1942 528 illo

1208 552 1331 580 scutum
1357 548 1397 580 sit
1421 548 1559 589 Ordinis,
1574 553 1605 580 et
1628 558 1686 591 per
1710 547 1880 580 circuitum
1906 547 1943 579 ti-

1208 601 1292 633 tulus
1320 601 1369 632 5111
1402 605 1579 633 conventus
1609 601 1657 633 vel
1688 599 1826 642 collegii,
1852 598 1942 632 verbi

1190 654 1318 695 μ11101111,
1335 654 1486 686 Minister
1505 656 1676 686 conventus
1700 653 1911 685 Matritensis.

1251 717 1293 739 Vl.
1320 706 1508 739 Visitatores
1525 705 1665 747 delegati
1683 705 1824 737 habeant
1846 705 1942 738 etiam

1207 759 1348 801 sigillum
1375 770 1444 792 eum
1462 764 1551 792 scuto
1568 758 1695 791 Ordinis
1713 763 1745 790 et
1761 758 1819 790 ista
1837 757 1943 790 inseri-

1208 812 1317 854 ptione
1336 812 1488 844 lustrator
1506 810 1677 854 stateralis,
1699 811 1761 850 vel,
1791 810 1944 843 visitator

1208 863 1427 907 provincialis,
1455 862 1560 905 sigilla
1585 868 1690 895 autem
1712 862 1774 894 ista
1793 862 1857 894 sint
1880 872 1939 905 pe·

1208 927 1266 950 nes
1291 921 1416 959 patrem
1443 916 1627 957 generalem
1657 920 1687 947 et
1712 914 1942 957 provincialem

1209 969 1396 1013 respective,
1425 973 1459 1001 ut
1483 979 1520 1001 ea
1545 979 1603 1000 5110
1636 973 1781 1010 tempore
1817 967 1945 999 tradant

1208 1023 1426 1056 visitatoribus
1446 1021 1484 1054 ab
1509 1022 1554 1054 eis
1581 1021 1748 1063 delegatis,
1770 1020 1825 1063 qui
1850 1025 1881 1053 et
1900 1019 1944 1051 fi-

1209 1077 1276 1110 nita
1300 1079 1356 1109 sua
1380 1075 1606 1108 commissione
1630 1074 1768 1108 reddent
1783 1074 1839 1107 illa
1857 1073 1944 1107 dele-

1209 1130 1373 1173 gantibus.

1253 1193 1307 1216 vn.
1335 1182 1468 1224 Insuper
1500 1185 1609 1223 patres
1640 1180 1865 1223 redemptores
1894 1189 1944 1212 ea-

1210 1235 1370 1278 ptivorum
1388 1239 1419 1266 et
1434 1238 1663 1276 procuratores
1688 1232 1858 1274 generales
1883 1242 1943 1275 pro

1210 1287 1347 1331 negotiis
1361 1292 1391 1319 et
1405 1285 1549 1328 epistolis
1567 1285 1674 1327 sigilla
1690 1285 1832 1316 habeant
1847 1295 1945 1327 parva

1210 1352 1281 1373 eum
1306 1344 1398 1373 501110
1423 1338 1552 1371 Ordinis
1577 1337 1740 1380 insculpto
1777 1342 1809 1370 et
1833 1337 1946 1370 inseri-

1210 1393 1319 1437 ptione
1354 1403 1414 1435 per
1446 1402 1558 1434 gyrum
1590 1390 1780 1433 Redemptor
1806 1390 1968 1433 Captivo«

1210 1457 1292 1486 rum,
1318 1447 1376 1486 vel,
1401 1444 1591 1477 Procurator
1611 1443 1782 1486 yeneratis.

1253 1509 1322 1532 vni.
1351 1497 1571 1540 Praecipimus
1589 1496 1675 1539 quod
1693 1496 1876 1528 nullatenus
1894 1506 1946 1528 ex-

1212 1552 1344 1585 cedatur
1368 1562 1385 1583 a
1410 1549 1568 1593 disposito
1593 1549 1625 1580 in
1651 1549 1712 1581 hae
1737 1549 1766 1591 ξ,
1785 1559 1845 1581 nee
1862 1550 1947 1582 ullus

1212 1604 1291 1637 alius
1309 1609 1396 1636 extra
1414 1601 1594 1645 praedictos
1619 1601 1868 1643 (cuiuscumque
1885 1606 1948 1633 sta-

1214 1664 1261 1689 tus
1277 1658 1326 1690 vel
1345 1655 1540 1689 conditionis
1559 1655 1613 1697 sit>
1628 1653 1735 1696 sigillo
1753 1658 1870 1694 utatur,
1889 1654 1947 1686 5111)

1214 1712 1321 1754 poena
1345 1709 1450 1752 gravis
1476 1709 1602 1751 culpae.

1227 1791 1366 1821 REGULAE
1388 1797 1480 1818 CAPUT
1502 1788 1571 1817 XLI.
1598 1805 1631 1809 -—
1653 1787 1834 1826 Postquam
1855 1796 1936 1816 vero

1343 1837 1533 1866 definitores
1555 1835 1739 1875 generales,
1759 1839 1819 1865 etc.

1234 1905 1324 1945 Caput
1345 1913 1403 1934 XLI.
1425 1920 1465 1927 —
1486 1903 1525 1933 De
1548 1903 1700 1932 visitatione
1721 1906 1745 1931 et
1766 1902 1931 1941 depositione

1482 1952 1679 1992 praelatorum.

1260 2041 1282 2064 1.
1309 2030 1402 2063 Pater
1425 2028 1594 2071 generalis,
1621 2027 1710 2060 finito
1735 2028 1876 2070 capitulo
1901 2038 1951 2071 ge·
1962 2032 2068 2080 v&dl-1¹13?
2079 2032 2147 2084 sorgi-

1217 2083 1321 2117 nerali
1345 2081 1542 2115 intermedio
1570 2080 1603 2112 in
1629 2090 1691 2122 quo
1717 2080 1785 2113 eius
1811 2080 2146 2133 0111011110ῑοιὶοιέθξζιῆἰτῐῖὶξμ

1218 2148 1283 2170 11011
1307 2135 1438 2178 expirat,
1460 2134 1566 2167 statim
1583 2139 1656 2176 post
1673 2133 1952 2167 confirimnionem

1219 2189 1414 2222 electionum
1430 2187 1577 2220 visitetur
1602 2196 1662 2229 per
1683 2185 1869 2219 definitores
1894 2197 1954 2220 no-

1219 2243 1302 2276 viter
1319 2243 1448 2281 eleetos,
1468 2245 1499 2273 et
1515 2244 1653 2283 quatuor
1668 2240 1717 2272 vel
1735 2239 1878 2282 quinque
1896 2239 1955 2272 mi-

1220 2296 1361 2335 nistros,
1387 2303 1469 2337 quos
1505 2292 1650 2335 disponit
1682 2296 1793 2324 nostra
1818 2293 1953 2334 regula,

1220 2359 1279 2391 pro
1294 2358 1357 2391 quo
1372 2345 1521 2379 definitor
1541 2345 1674 2388 primus,
1693 2349 1725 2377 et
1740 2344 1803 2377 isto
1820 2344 1954 2378 absente

1221 2399 1391 2439 secundus,
1409 2398 1555 2441 imponat
1575 2402 1783 2439 praeceptum
1804 2397 1955 2431 omnibus

1222 2451 1464 2496 capitularibus,
1497 2455 1532 2482 ut
1562 2449 1646 2482 intra
1679 2449 1793 2492 viginti
1818 2455 1958 2492 quatuor

1222 2507 1320 2539 horas
1353 2514 1461 2538 eoram
1494 2503 1565 2545 ipso
1597 2501 1768 2536 definitore
1793 2503 1873 2543 5010,
1901 2503 1956 2546 qui

1222 2558 1377 2601 imposuit
1416 2562 1643 2600 praeceptum,
1683 2555 1893 2589 manifestent
1931 2555 1957 2588 si

1222 2611 1301 2655 quid
1325 2609 1626 2644 animadverterunt
1661 2619 1715 2643 seu
1741 2613 1894 2643 notarunt
1925 2607 1957 2642 in

1993 255 1999 262 .
2021 233 2135 262 01676
