2279 3260
228 241 278 267 An.
295 241 321 266 c.
349 238 413 265 1570
460 228 522 261 «382³

255 514 292 539 ξε
325 513 352 533 De
375 517 411 536 ap>

240 539 403 565 probatwniluis

226 569 363 587 norinorum.

423 297 496 318 rum
513 284 743 324 saecularibus,
766 292 825 315 nec
853 282 1057 325 permittatur
1077 278 1163 321 quod

424 339 596 371 visitentur
622 337 727 370 adhuc
753 347 768 368 a
794 334 984 379 parentibus
1003 337 1035 365 et
1052 341 1165 373 cogna-

426 393 476 431 tis,
504 391 565 425 nisi
593 391 622 423 in
650 401 722 423 casu
756 400 843 430 raro,
878 385 1103 419 consentiente
1135 388 1166 415 ct

426 450 596 487 praescntc
618 444 785 487 magistro.

468 510 489 532 1.
516 499 549 531 ln
576 508 661 530 anno
687 493 952 540 approbationis,
980 490 1091 524 novitii
1118 496 1166 522 ter

426 556 652 595 proponantur
689 548 830 591 ‹stipitulo
868 543 1094 583 conventuali,
1132 547 1166 574 ut

426 605 555 644 iudicet,
586 614 640 643 an,
660 601 791 635 attentis
817 609 931 632 eorum
958 598 1021 630 vita
1047 602 1079 629 et
1099 606 1166 628 mo-

427 659 536 698 ribus,
571 657 658 699 digni
697 655 760 687 sint
796 658 827 685 ut
866 652 905 684 ad
932 650 1166 695 professionem

426 712 654 750 :ulmittantur3
680 709 719 741 ad
745 717 841 750 quam
868 706 975 738 nullus
1000 704 1098 736 frater
1116 702 1167 734 lai·

426 776 480 797 cus
506 763 704 806 approbetur
738 771 797 793 nec
822 758 1013 802 recipiatur,
1032 756 1086 800 qui
1112 755 1168 787 ali-

428 828 489 861 qua
515 828 550 848 ex
586 814 698 848 officiis
730 812 875 857 propriis
911 811 960 843 sui
998 815 1098 843 status
1137 813 1169 841 et

428 869 599 903 ministerii
616 873 702 901 recte
722 877 787 899 non
805 864 967 898 didicerit.
992 864 1066 895 Post
1080 872 1169 905 quar-

429 932 493 956 tum
519 933 662 955 mensem
681 932 697 953 a
720 919 908 962 receptione
935 917 1074 957 habitus,
1096 926 1171 959 pro-

429 982 590 1020 ponantur
615 975 716 1018 prima
743 973 808 1006 vice
827 973 856 1005 a'
877 972 1029 1015 capitulo,
1056 980 1171 1002 secun-

429 1033 467 1064 da
493 1035 565 1074 post
590 1034 748 1068 octavum,
783 1026 877 1059 tertia
910 1029 983 1068 post
1009 1023 1170 1056 decimum

430 1094 586 1117 inensem.

474 1148 508 1170 11.
537 1136 576 1169 Ut
601 1134 741 1168 novitius
767 1135 940 1166 censeatur
974 1129 1172 1173 approbatus

431 1192 526 1225 debet
552 1190 675 1223 habere
706 1188 862 1221 maiorem
900 1190 1027 1229 partem
1060 1182 1172 1216 sutl‘ra-

431 1247 560 1287 giorum
589 1247 793 1276 secretorum
819 1239 953 1283 capituli
980 1241 1173 1270 conventua-

432 1298 488 1339 lis,
516 1297 602 1340 quod
628 1294 653 1327 si
680 1305 749 1327 eam
775 1304 840 1326 non
868 1291 1037 1330 habuerit,
1065 1289 1171 1322 statim

434 1351 546 1384 habitu
565 1348 726 1392 spolietur
751 1352 783 1379 et
810 1345 956 1378 modeste
979 1343 1170 1376 dimittatur.

434 1405 471 1436 At
497 1403 595 1436 semel
621 1400 818 1444 approbatus
846 1409 862 1430 a
886 1397 1037 1440 capitulo,
1062 1394 1174 1427 habitu

433 1467 498 1490 non
524 1455 681 1498 spolietur
714 1452 776 1485 nisi
810 1452 849 1484 de
875 1459 1038 1483 consensu
1074 1448 1174 1491 ipsius

433 1509 566 1553 capituli
584 1505 818 1545 conventualis,
839 1505 888 1536 vel
910 1504 1022 1536 saltem
1041 1511 1175 1534 consen-

434 1563 587 1597 tientibus
615 1567 646 1594 et
671 1557 942 1593 convenientibus
965 1555 1116 1588 ministro
1145 1558 1176 1586 et

433 1617 587 1660 magistro
613 1620 644 1648 et
668 1618 760 1658 patre
786 1610 933 1654 generali
970 1610 1019 1642 vel
1045 1607 1176 1652 provin-

434 1670 524 1710 ciali,
552 1669 638 1713 quod
666 1668 690 1699 si
714 1667 752 1699 ad
781 1670 932 1698 neutrum
959 1674 995 1695 ex
1021 1662 1072 1695 his
1098 1662 1177 1694 duo-

434 1725 494 1757 bus
522 1722 623 1755 facilis
654 1721 690 1753 sit
719 1728 878 1757 recursus,
913 1716 1064 1759 suppleat
1088 1714 1177 1747 illius

435 1778 597 1810 desectum
623 1784 804 1808 consensus
837 1772 975 1804 duorum
1008 1768 1178 1811 religioso-

436 1841 507 1863 rum
531 1830 594 1862 iam
621 1833 715 1861 antea
740 1827 780 1859 ad
806 1826 893 1858 hunc
910 1823 1059 1858 effectum
1081 1822 1179 1865 depu-

436 1889 575 1918 tatorum
597 1894 613 1915 a
632 1887 722 1925 patre
741 1878 943 1924 provinciali.

480 1948 529 1972 111.
556 1936 734 1969 Oneramus
754 1933 970 1966 conscientias
988 1934 1180 1964 conventua-

437 1992 516 2026 lium
541 1990 772 2031 cuiuscumque
804 1986 986 2025 novitiatus,
1010 1990 1045 2017 ut
1069 1985 1101 2017 in
1127 1994 1181 2026 ap-

438 2043 686 2090 probationibus
723 2040 930 2079 novitiorum‚
968 2044 1080 2082 utpote
1108 2049 1180 2070 cum

439 2099 478 2131 sit
502 2098 612 2140 magni
639 2094 794 2139 ponderis
831 2104 895 2133 res,
923 2093 1079 2136 singulari
1110 2103 1180 2135 pru-

440 2152 549 2185 dentia
576 2156 607 2183 et
631 2148 800 2191 religionis
828 2148 897 2180 zelo
928 2157 960 2179 se
988 2151 1110 2189 gerant,
1138 2157 1181 2179 se-

440 2208 530 2239 clusa
563 2203 650 2237 omni
686 2201 855 2235 allectione
887 2205 918 2233 et
950 2200 1092 2232 humano
1125 2210 1178 2232 re-

441 2264 566 2303 spectu.

486 2323 528 2346 iv.
556 2311 644 2343 Bona
670 2308 838 2341 actualiter
862 2306 1067 2344 novitiorum,
1086 2306 1182 2339 etiam

442 2367 520 2409 ipsis
545 2362 826 2397 consentientibus
847 2366 879 2393 et
902 2360 1096 2404 petentibus,
1119 2371 1184 2393 non

444 2418 682 2453 ‹ilistriliuantur
707 2416 813 2448 adhuc
830 2414 915 2447 inter
942 2424 1105 2457 pauperes
1126 2424 1186 2447 nec

445 2474 507 2505 :ilio
534 2472 629 2504 inodo
663 2474 908 2508 consumantur,
945 2472 977 2500 et
1008 2469 1184 2511 praelatuS,

445 2529 498 2570 qui
525 2525 619 2559 aliter
635 2523 706 2557 sieri
729 2521 924 2566 permiserit,
951 2524 1056 2564 poena
1073 2522 1187 2565 culpae

447 2579 550 2623 gravis
576 2588 634 2622 per
659 2582 723 2610 tres
750 2576 818 2609 dies
844 2575 1008 2619 puniatur.

481 2643 495 2670 1
517 2640 669 2676 Praeposit.
691 2649 708 2666 a
728 2639 817 2667 forsan
839 2637 952 2665 delenda
971 2638 1009 2673 (n.
1026 2637 1073 2672 τ.),

1007 229 1185 254 summatum
1211 228 1362 253 ROMANUM

1210 278 1349 307 limma
1365 285 1458 307 CAPUT
1472 276 1574 307 XLIII.
1587 295 1619 299 —
1635 275 1691 307 Ad
1706 274 1950 316 professionem

1273 335 1355 356 vero
1377 325 1496 365 aliquis
1517 335 1584 355 non
1606 323 1797 364 recipiatur,
1820 326 1881 352 etc.

1209 380 1306 410 Citprr
1330 388 1407 409 ani.
1438 396 1476 402 —
1503 379 1542 409 De
1565 380 1735 419 professione
1770 378 1948 415 novitiorum,

1248 430 1280 458 de
1302 429 1482 468 repetitione¹
1505 428 1582 457 itlius
1612 437 1662 467 per
1682 429 1829 467 professo&
1853 427 1884 455 (le
1905 435 1949 455 re-

1248 481 1339 523 center
1358 477 1502 515 professis,
1524 481 1548 505 et
1570 486 1663 505 eorum
1678 476 1799 506 domibus
1815 485 1846 505 ac
1862 475 1947 504 bonis.

1254 555 1276 577 1.
1304 544 1438 577 Peracto
1470 543 1598 586 integro
1629 542 1830 586 probationis
1854 552 1949 583 anno,

1954 225 2004 253 An.
2026 226 2055 254 C.
2076 226 2144 254 ¹676

1987 554 1998 580 5
2015 553 2023 574 ¹
2046 553 2076 574 Do
2096 558 2145 579 pro-

1961 580 2052 600 fessione
2088 585 2145 599 novr-

1210 597 1350 631 novitius
1375 607 1446 629 cum
1467 596 1598 629 licentia
1618 595 1719 639 patris
1744 595 2146 639 provincialisflammandam-

1961 633 2063 660 petitione
2090 632 2146 652 iltius

1211 650 1400 683 admittatur
1431 650 1469 682 ad
1499 649 1751 693 professionem,
1776 658 1872 691 quam
1907 648 1950 680 sa·
1962 666 1999 686 par
2015 659 2128 686 professos.

1212 704 1274 736 ciat
1297 702 1385 735 iuxta
1410 703 1539 745 regulas
1564 707 1595 735 et
1621 701 1870 735 constitutiones
1894 711 1953 734 no-

1212 762 1296 789 strae
1322 766 1433 789 sacrae
1452 755 1630 798 religionis,
1648 760 1763 788 tenore
1781 754 1951 797 sequenti:

1263 822 1275 840 «
1302 809 1368 852 Ego
1404 809 1503 841 frater
1533 808 1570 841 N.
1598 808 1636 841 de
1662 807 1698 840 N.
1726 807 1809 840 facio
1846 817 1951 840 meam

1977 817 2074 839 Foruinla
2087 817 2147 837 utum

1964 847 2061 865 Votorum
2077 849 2148 864 688011-

1214 862 1462 906 professionem,
1485 866 1516 894 et
1535 860 1692 905 promitto
1718 860 2051 900 obedientiam‚auium.

1215 916 1395 949 castitatem
1422 919 1453 947 et
1478 917 1704 957 paupertatem
1730 912 1782 946 SS.
1807 911 1956 945 Trinitati

1216 975 1248 1003 et
1272 969 1387 1001 Beatae
1412 967 1533 1010 Virgini
1552 966 1679 1006 Mariae,
1706 971 1738 1000 et
1763 966 1882 999 sanctis
1902 976 1958 1009 pa-

1216 1022 1318 1055 tribus
1343 1020 1464 1054 nostris
1495 1020 1607 1053 Ioanni
1633 1025 1665 1052 et
1689 1018 1797 1059 Felici,
1829 1028 1958 1051 necnon

1216 1082 1248 1110 et
1264 1081 1374 1110 nostro
1392 1074 1574 1108 reverendo
1592 1073 1673 1117 patri
1694 1072 1786 1106 fratri
1803 1072 1840 1105 N.
1862 1072 1900 1105 de
1918 1071 1955 1105 N.

1215 1130 1365 1163 ministro
1391 1127 1546 1171 generali,
1579 1127 1715 1170 aliisque
1748 1125 1830 1159 meis
1863 1135 1958 1169 supe-

1216 1184 1357 1216 rioribus
1383 1182 1513 1215 Ordinis
1531 1181 1807 1213 Discalceatorum
1824 1178 1875 1212 SS.
1897 1178 1960 1212 Tri-

1217 1236 1327 1269 nitatis
1341 1233 1590 1277 Redemptionis
1604 1232 1821 1276 Captivorum,
1835 1241 1960 1264 eorum-

1218 1300 1281 1333 que
1311 1287 1577 1326 successoribus,
1604 1285 1780 1318 secundum
1813 1285 1960 1327 regulam

1218 1342 1413 1387 primitivam
1441 1339 1516 1373 dicti
1541 1338 1671 1372 Ordinis
1691 1349 1709 1371 a
1728 1337 1832 1371 felicis
1857 1347 1962 1371 recor-

1220 1395 1360 1429 dationis
1385 1393 1519 1427 domino
1545 1396 1658 1426 nostro
1692 1391 1777 1435 Papa
1800 1390 1962 1424 Innocen-

1220 1450 1264 1482 tio
1289 1449 1327 1482 lll
1360 1447 1547 1486 stabilitam,
1579 1451 1610 1479 et
1634 1456 1651 1478 a
1675 1445 1748 1489 piae
1784 1443 1962 1478 memoriae

1220 1503 1351 1537 domino
1376 1502 1462 1545 Papa
1485 1500 1616 1534 Urbano
1641 1499 1706 1532 VIII
1730 1499 1767 1532 ad
1786 1498 1963 1543 perfectio-

1220 1568 1288 1590 rem
1304 1558 1438 1589 sormam
1456 1555 1630 1596 redactam,
1645 1559 1676 1587 et
1693 1553 1873 1587 secundum
1891 1562 1963 1586 con-

1221 1610 1405 1643 stitutiones
1430 1609 1576 1642 eiusdem
1609 1607 1737 1641 Ordinis
1771 1606 1841 1640 sine
1878 1605 1964 1639 miti-

1221 1664 1350 1708 gatione
1376 1673 1477 1706 usque
1495 1662 1534 1695 ad
1552 1666 1691 1695 mortem
1708 1673 1739 1693 ».

1266 1727 1300 1750 11.
1318 1716 1489 1756 Continuo,
1504 1714 1655 1748 destinati
1670 1714 1707 1748 ad
1725 1713 1864 1747 chorum
1878 1712 1966 1746 emit-

1223 1775 1291 1803 tant
1308 1774 1456 1813 quartum
1474 1773 1582 1801 votum
1601 1778 1667 1800 non
1685 1766 1860 1807 ambiendi,
1879 1766 1967 1799 iuxta

1223 1825 1323 1858 Breve
1342 1823 1445 1856 felicis
1463 1821 1701 1856 recordationis
1719 1819 1809 1853 Pauli
1825 1820 1929 1863 Papae
1943 1819 1966 1851 V

1224 1877 1411 1921 expeditum
1443 1877 1495 1909 die
1524 1887 1542 1909 x
1575 1875 1729 1909 februarii
1761 1884 1846 1907 anno
1881 1882 1967 1907 MDcx

1224 1931 1385 1975 incipiens
1404 1930 1493 1970 Quae
1506 1930 1582 1973 piae
1607 1933 1635 1962 et
1660 1932 1804 1961 sanctae:
1825 1927 1904 1961 illud
1924 1927 1967 1959 sa-

1224 1985 1310 2018 ciant
1334 1984 1484 2027 sequenti
1510 1983 1630 2015 forma:

1275 2051 1287 2069 α
1308 2038 1481 2071 Praeterea
1501 2035 1667 2080 promitto,
1694 2045 1756 2076 me,
1778 2035 1899 2067 directe
1917 2035 1966 2067 vel

1225 2092 1393 2131 indirecte,
1424 2101 1484 2134 per
1513 2101 1563 2123 me
1594 2093 1646 2122 aut
1677 2099 1734 2131 per
1758 2088 1857 2129 alios,
1883 2088 1968 2120 intra

1226 2151 1370 2179 nostram
1397 2142 1701 2186 Congregationem‚
1731 2141 1969 2185 praelationem

1226 2201 1381 2242 aliquam,
1401 2202 1453 2230 aut
1479 2196 1618 2230 officium
1642 2205 1701 2239 per
1721 2194 1968 2228 constitutiones

1226 2251 1397 2297 praetendi
1430 2248 1647 2294 prohibitum,
1684 2248 1765 2281 mihi
1802 2258 1970 2291 nunquam

1227 2311 1495 2351 praetensurum3
1515 2307 1546 2336 et
1562 2302 1684 2346 pariter
1701 2300 1807 2334 iuxta⁹
1823 2306 1970 2334 nostram

1228 2358 1540 2402 Congregationcm‚
1568 2367 1674 2399 neque
1708 2355 1830 2388 directe
1864 2365 1971 2398 neque

1229 2413 1399 2453 indirecte,
1427 2421 1485 2455 per
1509 2421 1558 2443 me
1584 2414 1638 2443 aut
1663 2419 1723 2452 per
1748 2407 1846 2451 alios,
1872 2408 1973 2441 ullam

1228 2465 1464 2512 praelationem
1497 2469 1763 2507 praetensuruni,
1801 2463 1851 2495 vel
1883 2461 1973 2495 obla-

1269 2549 1278 2574 1
1302 2547 1369 2574 Male
1389 2545 1453 2574 edit.
1470 2544 1553 2572 Main.
1570 2544 1637 2580 legit
1651 2543 1812 2579 receptione
1827 2550 1875 2578 pro
1890 2550 1973 2578 repe-

1231 2593 1333 2622 titione
1350 2592 1386 2626 (n.
1401 2591 1450 2623 in).

1265 2637 1282 2663 2
1301 2636 1400 2664 Forsan
1416 2634 1560 2671 legendum
1576 2634 1657 2663 intra
1670 2641 1718 2670 pro
1735 2633 1819 2662 iuxta
1834 2632 1871 2668 (n.
1887 2631 1936 2668 T.)-

2005 2041 2103 2062 Formula
2119 2041 2162 2060 vnn

1978 2074 2019 2088 non
2055 2067 2162 2087 ambiendi

1979 2100 2016 2121 pro
2031 2094 2122 2115 elui-icis.
