2279 3260
156 232 206 259 An.
223 231 252 258 C.
275 231 342 259 1676

185 2289 223 2316 gt,
235 2291 263 2310 De
275 2290 340 2310 forma

158 2317 279 2337 celebrandi
305 2322 340 2337 ca-

158 2343 245 2368 pitulum
279 2349 338 2369 gene-

158 2370 209 2389 rate.

974 232 1116 258 CLEMENS
1137 233 1156 258 X
1180 234 1228 259 1³1².

348 280 473 314 vinciae
499 281 536 314 ad
562 282 736 325 capitulum
766 282 903 314 adducat
933 292 990 324 pro
1017 283 1082 314 ele-
1101 291 1108 305 ,-

350 334 508 367 ctionibus
531 334 695 375 faciendis,
715 341 747 367 et
771 335 886 367 ceteris
912 335 949 366 ad
975 335 1080 377 ipsum

350 387 588 431 spectantibus:
615 388 713 420 debet
736 392 844 420 autem
877 387 982 419 socius
1013 397 1081 419 csse

350 441 498 473 minister
521 440 654 473 alicuius
679 446 855 474 conventus
880 442 928 473 vel
953 439 1081 482 collegii

349 503 425 525 suae
452 493 648 535 provinciae,
671 493 903 536 praeditusque
926 492 1080 531 doctrina,

350 544 549 577 observantia
575 550 606 577 et
630 545 829 588 experientia
855 546 886 577 iu
911 544 1078 586 regimine,

350 597 520 640 nullusque
545 598 664 640 poterit
687 608 757 630 esse
783 598 888 630 socius
906 597 938 629 in
956 596 1082 629 duobus

350 649 497 692 capitulis
523 649 730 682 immediatis.

394 712 428 735 11.
458 702 558 735 Factis
575 703 607 735 in
626 702 764 745 capitulo
783 702 924 744 generali
939 700 1083 734 omnium

349 755 568 797 praelatorum
602 754 830 795 electionibus,
858 765 894 787 ex
926 753 1082 786 ministris

350 807 478 839 noviter
492 807 602 840 electis
621 807 784 849 eligantur
801 817 858 850 per
881 811 1007 839 secreta
1020 806 1084 837 suf-

349 859 451 902 fragia
467 866 498 892 et
515 860 669 893 canonice
697 859 776 892 socii
798 870 856 902 pro
873 858 1014 902 capitulo
1031 868 1084 900 ge-

349 913 452 946 nerali
474 913 656 946 immediate
682 918 847 955 sequente,
866 918 897 945 et
914 912 952 944 ad
969 911 1083 944 unius-

350 966 505 1009 cuiusque
530 966 718 999 electionem
744 970 866 998 tautum
892 968 1085 997 concurrant

351 1018 507 1061 quinque,
533 1017 683 1050 nimirum
708 1023 798 1061 pater
824 1016 999 1060 generalis,
1020 1017 1083 1048 duo

349 1070 536 1103 definitores
572 1069 757 1112 provinciae
790 1080 849 1113 pro
885 1079 947 1113 qua
980 1068 1083 1102 socius

349 1121 491 1164 eligitur,
507 1122 714 1165 provincialis
729 1122 872 1155 eiusdem
886 1121 1083 1165 provinciae,

349 1180 382 1207 et
405 1175 513 1208 socius
537 1175 625 1208 illius
645 1175 698 1218 qui
723 1181 799 1208 tunc
823 1175 958 1218 expirat.

393 1237 442 1261 111.
470 1227 559 1265 Quod
585 1228 610 1260 si
635 1238 693 1271 per
716 1233 871 1268 mortem,
897 1227 1086 1260 inhabilita-

350 1285 416 1312 tem
451 1284 506 1313 aut
537 1280 632 1314 aliam
668 1281 782 1313 iustam
815 1292 943 1313 causam
978 1280 1084 1313 socius

351 1334 473 1366 electus
492 1343 557 1366 non
575 1333 677 1376 possit
697 1334 854 1366 interesse
872 1334 1012 1376 capitulo
1029 1334 1086 1365 im-

350 1385 492 1418 mediate
517 1385 680 1428 sequenti,
700 1396 759 1429 pro
785 1396 848 1429 quo
875 1386 931 1417 fnit
954 1387 1084 1426 electus,

351 1444 428 1471 tunc
452 1438 506 1471 fiat
530 1439 644 1472 electio
670 1439 741 1472 novi
763 1439 839 1472 socii
865 1445 938 1471 ante
963 1439 1086 1482 capitu-

350 1492 429 1532 lum,
457 1497 602 1535 tempore
627 1492 805 1524 sufficiente
824 1497 857 1524 ut
876 1492 922 1524 illi
940 1497 1016 1524 nota
1032 1486 1086 1523 fiat

351 1545 468 1578 electio
493 1550 524 1577 et
554 1545 644 1578 adire
680 1545 783 1588 possit
813 1546 852 1578 ad
886 1545 1083 1588 capitulum3

352 1598 391 1631 ad
416 1598 501 1630 hanc
525 1603 631 1630 autem
667 1598 861 1630 electionem
893 1604 1088 1631 concurrent

352 1651 508 1683 canonice
527 1656 559 1683 et
586 1662 644 1694 per
669 1656 795 1684 secreta
820 1650 967 1693 sutfragia
984 1652 1086 1684 solum

352 1708 445 1747 pater
468 1704 642 1746 generalis,
663 1704 725 1736 duo
747 1702 934 1736 definitores
959 1709 990 1736 et
1012 1715 1087 1747 pro-

352 1755 497 1789 vincialis
528 1756 614 1789 illius
646 1756 827 1799 provinciae
860 1767 918 1800 pro
945 1768 1007 1800 qua
1030 1757 1085 1790 eli-

353 1808 437 1850 gitur
450 1809 568 1848 socius,
587 1808 674 1841 iuxta
691 1810 790 1842 Breve
816 1809 916 1842 felicis
937 1810 1087 1842 recorda-

352 1860 449 1893 tionis
475 1861 647 1894 Alexandri
678 1862 728 1894 vlt
761 1862 945 1904 expeditum
981 1863 1031 1895 die
1056 1873 1087 1896 1v

351 1911 505 1946 februarii
534 1924 617 1946 anno
645 1924 748 1947 MDCLX
776 1914 935 1957 incipiens
958 1915 1010 1948 Ad
1029 1926 1086 1958 pa-

350 1966 469 1999 storale
491 1967 675 2010 fizstiqinm,
697 1973 757 2000 ete.

396 2029 438 2052 1v.
465 2019 496 2052 Si
523 2020 594 2062 quis
619 2020 767 2053 minister
784 2022 832 2053 rel
858 2021 942 2054 alter
960 2021 1086 2065 religio·

353 2081 406 2104 sus
431 2072 553 2115 aliquid
579 2072 901 2106 animadvertendum
928 2076 978 2108 vel
999 2080 1087 2108 nota-

354 2124 441 2157 tione
460 2125 592 2168 dignum
608 2126 726 2158 habeat
742 2126 969 2160 remittendum
984 2128 1022 2160 ad
1037 2138 1087 2161 ca-

354 2177 501 2219 pitulum,
524 2178 628 2211 tradat
648 2179 737 2212 socio
752 2190 827 2212 suae
841 2180 1023 2222 provinciae
1037 2182 1086 2214 vel

353 2240 411 2262 suo
428 2231 630 2274 provinciali,
647 2237 681 2264 ut
698 2243 781 2265 unus
799 2234 848 2266 vel
866 2234 949 2266 alter
962 2238 1083 2277 portet.
1106 2200 1111 2295 ξ

396 2293 418 2316 1.
445 2283 537 2316 Feria
560 2288 647 2318 sexta
671 2291 745 2318 ante
770 2286 964 2319 dominicam
993 2298 1109 2330 quatu,

353 2341 416 2369 tam
440 2336 583 2369 Paschae
609 2338 648 2371 ad
675 2349 843 2381 vesperam
878 2350 1010 2382 praeses
1036 2352 1109 2373 cet—³

352 2388 446 2431 pituli
482 2396 657 2432 congreget
681 2401 794 2424 omnes
818 2392 1024 2435 capitulares,
1056 2398 1088 2426 et

352 2441 499 2484 imponat
520 2441 585 2474 illis
606 2443 645 2475 ad
665 2450 876 2488 praeceptum
900 2445 933 2478 in
958 2446 1086 2490 scriptis
1107 2461 1109 2467 ¹

353 2494 496 2527 iubendo
520 2495 618 2537 quod,
650 2496 675 2528 si
699 2497 770 2539 quis
795 2498 924 2531 sciverit
950 2500 1086 2533 alicuius

353 2547 538 2590 capitularis
566 2546 831 2590 impedimentum
848 2558 981 2596 propter
1001 2554 1087 2597 quod

352 2609 419 2633 non
445 2600 561 2634 debeat
587 2600 709 2633 admitti
735 2603 772 2635 ad
799 2605 984 2648 capitulum,
1010 2606 1088 2641 illud

1123 282 1306 316 manifestet
1330 283 1436 316 statim
1463 290 1536 317 ante
1563 286 1680 329 ipsum.
1714 287 1805 325 Quod
1832 287 1857 319 si

1126 336 1204 368 facta
1229 336 1396 369 sufficienti
1422 338 1625 381 probatione,
1648 340 1858 382 impedimen-

1125 393 1190 421 tum
1215 389 1335 432 aliquid
1362 390 1528 423 inventum
1557 392 1660 433 fuerit,
1687 393 1724 424 ad
1751 393 1859 425 defini-

1125 441 1241 474 torium
1274 443 1450 485 pertinebit
1484 444 1648 477 dece-larare
1682 445 1858 477 inbabileut

1111 503 1196 538 'esse
1223 494 1395 529 habentem
1431 496 1492 528 tale
1525 496 1799 539 impedimentum,
1827 502 1859 529 et

1125 545 1212 578 illum
1238 558 1255 579 a
1279 547 1419 590 capitulo
1441 549 1598 581 excludat.
1620 549 1739 582 Deinde
1757 550 1859 592 depu-

1126 604 1170 631 tet
1194 600 1412 633 definitorium
1432 602 1510 635 duos
1536 603 1726 645 capitulares
1751 603 1789 635 ad
1815 604 1859 635 le—

1126 652 1245 693 gendas
1271 653 1425 696 epistolas
1450 660 1481 687 ct
1505 655 1720 687 advertentias
1745 655 1783 687 ad
1813 666 1860 688 ca-

1125 703 1264 745 pitulum
1291 706 1413 745 missas,
1440 718 1518 750 quas
1543 701 1682 740 fideliter
1707 719 1765 741 suo
1787 714 1861 741 tem-

1125 766 1205 798 pore
1230 758 1380 799 referent,
1396 764 1426 791 et
1450 759 1658 792 manifestent
1682 760 1776 793 etiam
1806 772 1861 794 vo-

1126 809 1250 842 calibus
1275 811 1518 852 graduationem
1541 813 1706 846 domorum
1727 814 1767 846 ab
1787 813 1860 857 ipso

1127 861 1240 895 factam
1265 864 1410 906 praecise
1435 865 1473 897 ad
1500 865 1668 908 eligendos
1695 866 1861 899 ministros

1127 925 1187 957 pro
1214 915 1289 948 illis.

1171 978 1206 1000 11.
1227 968 1378 1011 Sequenti
1399 969 1449 1003 die
1468 971 1604 1011 sabbati,
1625 982 1740 1015 nempe
1759 972 1861 1015 prima

1128 1019 1270 1061 capituli,
1286 1021 1429 1054 diluculo
1455 1027 1614 1062 cantetur,
1641 1024 1863 1057 assistentibus

1129 1071 1280 1105 omnibus
1295 1074 1468 1116 religiosis,
1481 1075 1576 1107 missa
1587 1076 1740 1108 solemnis
1751 1077 1789 1109 de
1799 1076 1864 1119 spi»

1127 1123 1190 1156 ritu
1215 1124 1342 1167 Sancto,
1369 1137 1440 1159 cum
1459 1128 1768 1162 commemoratione
1786 1130 1864 1162 Rea-

1129 1180 1178 1209 tae
1211 1177 1327 1210 Mariae
1357 1178 1497 1222 Virginis
1524 1185 1555 1212 et
1580 1186 1764 1214 sanctorum
1791 1193 1863 1215 nos-

1129 1233 1250 1263 trorum
1275 1231 1552 1274 patriarcharum3
1580 1233 1731 1277 idemque
1769 1235 1864 1268 etiam

1129 1282 1182 1314 fiat
1206 1283 1239 1314 in
1265 1283 1416 1316 omnibus
1441 1285 1652 1318 conventibus
1670 1291 1702 1319 et
1720 1288 1865 1330 collegiis

1128 1334 1257 1368 Ordinis
1293 1347 1353 1379 pro
1390 1337 1474 1370 felici
1507 1338 1637 1381 capituli
1665 1346 1792 1381 eventu,
1830 1351 1866 1373 ac

1129 1388 1316 1431 propterea¹
1335 1390 1367 1422 iu
1382 1391 1530 1423 omnibus
1544 1392 1693 1425 domibus
1711 1399 1778 1426 toto
1793 1399 1866 1427 ten]-

1129 1451 1206 1483 pore
1243 1442 1374 1485 capituli
1401 1445 1581 1477 communis
1607 1451 1638 1478 et
1662 1447 1866 1489 particularis

1129 1495 1184 1526 fiat
1209 1495 1312 1528 oratio
1345 1502 1380 1529 ut
1408 1497 1492 1529 Deus
1516 1498 1679 1531 illuminet
1709 1500 1866 1543 capitula-

1131 1558 1181 1580 res
1206 1548 1245 1580 ad
1282 1549 1344 1581 hoc
1379 1556 1413 1582 ut
1438 1551 1649 1584 conformiter
1681 1552 1788 1586 omnia
1821 1554 1866 1586 fa-

1130 1600 1215 1633 ciant
1240 1607 1271 1634 et
1296 1609 1472 1645 operentur
1495 1605 1534 1637 ad
1561 1605 1714 1638 maiorem
1739 1605 1865 1638 Domini

1131 1654 1267 1695 gloriam
1298 1661 1331 1687 et
1361 1656 1529 1699 religionis
1564 1658 1737 1691 utilitatem
1761 1663 1792 1691 et
1817 1659 1866 1691 in—

1131 1713 1343 1741 crementum.

1180 1770 1227 1793 111.
1266 1761 1369 1794 Finita
1408 1763 1525 1804 missa,
1564 1775 1694 1807 praeses
1733 1765 1865 1809 capituli

1131 1813 1272 1855 (etiamsi
1290 1815 1370 1847 forte
1395 1815 1511 1859 aliquis
1531 1818 1578 1849 vel
1598 1817 1696 1861 aliqui
1717 1829 1752 1851 ex
1771 1829 1865 1852 voca-

1131 1865 1214 1898 libus
1239 1876 1304 1898 non
1330 1868 1557 1911 pervenerint)
1584 1869 1694 1902 iubeat
1718 1871 1788 1903 fieri
1824 1872 1866 1904 si-

1131 1929 1228 1960 gnum
1259 1929 1331 1951 cum
1366 1921 1511 1964 cymbalo
1544 1923 1583 1955 ad
1608 1923 1785 1966 capitulum
1811 1936 1865 1967 gc«

1129 1974 1250 2013 nerale,
1276 1978 1307 2005 et
1331 1984 1442 2006 omnes
1467 1974 1639 2017 greniiales
1677 1978 1865 2020 congregati

1129 2025 1161 2057 in
1191 2026 1264 2058 aula
1288 2027 1459 2069 capitulari
1492 2029 1640 2072 sequenti
1667 2030 1781 2063 ordine
1815 2041 1864 2064 see·

1130 2078 1244 2111 deant:

1173 2141 1216 2164 1v.
1243 2132 1348 2165 Primo
1385 2134 1456 2166 loco
1482 2139 1575 2177 pater
1607 2137 1779 2178 generalis,
1814 2138 1864 2170 vel

1129 2195 1262 2227 praeses
1275 2186 1405 2229 capituli
1427 2187 1459 2219 in
1477 2187 1543 2219 eius
1557 2187 1728 2229 detectum,
1748 2189 1864 2222 deinde

1130 2237 1314 2271 definitores
1347 2239 1459 2271 ordine
1486 2251 1562 2273 suae
1588 2241 1771 2282 electionis,
1796 2253 1866 2286 pos⁴

1130 2295 1181 2322 tea
1204 2291 1419 2333 provinciales
1444 2292 1531 2325 iuxta
1555 2294 1775 2337 antiquitatem
1794 2306 1865 2328 sua-

1130 2354 1200 2376 rum
1240 2345 1499 2387 provinciarum,
1537 2357 1573 2378 ac
1609 2347 1747 2391 denique
1778 2348 1865 2381 iuxta

1131 2397 1274 2430 eamdem
1289 2397 1367 2430 socii
1385 2399 1599 2441 praefatarum
1616 2401 1862 2443 provinciarum;

1130 2449 1185 2493 qui
1210 2450 1339 2493 quidem
1360 2451 1440 2484 ordo
1461 2452 1685 2485 observabitur
1702 2458 1768 2486 toto
1787 2459 1866 2487 tem-

1107 2512 1211 2545 ipore
1237 2503 1369 2546 capituli
1407 2509 1494 2537 extra
1519 2506 1622 2538 aulam
1654 2506 1865 2548 capitularem

1133 2561 1194 2588 tam
1219 2555 1252 2588 in
1278 2556 1409 2589 sedibus
1441 2569 1533 2601 quam
1560 2559 1590 2590 in
1616 2559 1862 2601 praesidentiis,

1169 2620 1179 2645 1
1198 2618 1299 2646 Forsan
1315 2619 1457 2655 legendum
1474 2624 1625 2655 prat-luca
1644 2622 1684 2655 (u.
1702 2623 1749 2655 iu).

1757 228 1821 264 653
1868 238 1919 265 An.
1934 238 1964 265 c,
1986 236 2054 264 1676
