2279 3260
478 211 518 243 Ξῖ

523 210 541 243 ιθ

1027 220 1201 244 minutum
1227 219 1379 244 Romnum

1188 351 1211 384 E

431 482 653 516 E‹:clesiastica
687 483 871 516 immunitas
904 489 934 517 et
967 482 1106 522 libertaS,
1132 480 1197 515 368
1221 480 1258 522 b3
1291 480 1455 515 decretum
1488 490 1599 516 contra
1628 494 1683 517 eos
1708 485 1763 529 qui
1796 485 1829 518 in
1853 485 1972 521 Portu-

517 536 630 580 galliac
655 542 686 569 et
710 536 933 579 Algarbiorum
958 536 1066 579 regnis
1090 534 1177 567 illam
1203 534 1406 578 perturbant,
1428 535 1523 575 mictu,
1549 536 1798 572 ecclesiasticam
1821 539 1977 573 immuni-

519 596 615 623 tatem
640 589 863 632 perturbantes
887 595 967 632 quot
990 588 1103 633 poenis
1127 587 1318 628 subdantur,
1345 587 1422 620 ibid.

430 643 553 676 Electio
577 643 688 676 decani
715 642 865 675 ecclcsiae
897 642 1082 675 Bisuntinae
1107 640 1264 679 irritatur,
1290 646 1320 674 et
1344 641 1498 684 eligentes
1524 643 1843 678 excommunicantur
1867 650 1898 680 et
1921 645 1978 679 ab·

521 697 697 735 solvuntur,
722 695 781 727 5111
811 695 846 732 [12
871 694 934 727 575
959 695 976 725 b
1001 700 1030 727 et
1057 703 1120 736 seq.

432 750 674 792 Eleemosynam
700 748 854 781 maiorem
889 754 994 791 petere
1018 757 1082 780 non
1120 753 1254 789 possunt
1279 746 1408 790 parochi
1440 747 1480 780 ab
1506 747 1542 780 iis
1573 748 1630 791 qui
1656 749 1785 793 sepeliri
1808 749 1919 784 volunt
1943 750 1978 784 in

518 802 660 836 ecclesiis
683 801 893 844 regularium,
920 811 1013 844 qaam
1037 800 1063 832 si
1088 799 1119 832 in
1145 798 1320 842 parochiali
1346 799 1571 843 sepelirentur,
1595 799 1660 834 §298
1684 801 1700 834 b
1725 809 1756 836 et
1779 813 1842 846 seq.

429 856 669 899 Eleemosynam
696 865 754 897 pro
779 855 1026 887 Tcrraesanctac
1055 852 1302 885 necessitatibus
1335 858 1366 885 et
1396 853 1619 896 redemptione
1650 854 1847 898 captivorum
1871 856 1920 890 bis
1944 856 1978 889 in

518 919 602 941 anno
629 913 777 941 tenentur
801 905 1031 939 commendare
1057 904 1295 949 praedicatores
1318 905 1407 938 verbi
1434 905 1504 945 Dei⁷
1532 905 1597 939 599
1620 918 1640 940 a
1665 913 1695 941 et
1718 918 1781 952 seq.

430 961 617 994 Emmanuel
642 971 659 993 a
685 960 778 993 Costa
803 960 933 992 Susarte
959 958 1095 992 clericus
1119 957 1386 1000 Porialegoensis,
1412 957 1475 991 487
1502 959 1537 1000 Ι);
1560 959 1661 1003 ipsius
1685 971 1781 995 causa
1805 962 1846 995 ab
1868 963 1978 1008 inqui-

518 1014 633 1047 sitione
658 1013 872 1056 Portugalliae
894 1013 933 1045 ad
958 1011 1204 1061 inquisitionem
1229 1011 1407 1044 Romanam
1433 1018 1598 1054 avocatur,
1624 1014 1703 1047 ibid.
1732 1021 1762 1048 et
1788 1026 1852 1060 seq.

429 1068 579 1111 Episcopi
605 1066 786 1100 dioecesani
812 1065 995 1099 benedictio
1025 1076 1042 1097 a
1068 1064 1271 1107 regularibus
1304 1065 1442 1106 petenda
1468 1071 1514 1098 cst
1539 1067 1571 1099 in
1605 1067 1749 1102 ecclesiis
1773 1070 1823 1102 sui
1849 1069 1976 1104 Ordinis

519 1122 564 1154 vel
590 1121 664 1154 alibi
691 1119 882 1164 praedicare
914 1119 1104 1159 volentibus,
1128 1117 1169 1149 55
1194 1116 1209 1148 b
1234 1123 1265 1150 et
1289 1127 1371 1159 seq.;
1397 1118 1527 1160 quando
1553 1125 1583 1152 et
1607 1131 1687 1163 quas
1710 1121 1751 1154 ob
1777 1132 1889 1156 causas
1912 1125 1979 1167 epi-

518 1184 635 1217 scopus
660 1173 825 1206 licentiam
851 1171 1058 1215 praedicandi
1084 1170 1287 1213 regularibus
1311 1180 1496 1203 concessam
1522 1174 1721 1216 suspendere
1746 1175 1858 1214 valeat,
1890 1175 1932 1209 56
1950 1178 1976 1217 b3

518 1228 689 1271 episcopus
715 1226 890 1270 generatim
923 1224 1093 1269 prohibere
1128 1233 1194 1255 non
1227 1228 1329 1266 potest
1365 1224 1564 1265 regularibus
1592 1236 1631 1257 ne
1663 1227 1696 1258 in
1729 1228 1873 1261 ecclesiis
1904 1239 1977 1262 suo—

517 1292 589 1314 rum
613 1281 768 1314 Ordinum
794 1279 989 1322 praedicent,
1014 1277 1114 1314 ibatis,
1139 1285 1244 1318 neque
1268 1274 1421 1308 omnibus
1443 1276 1538 1308 simul
1563 1278 1661 1310 unius
1682 1286 1857 1313 conventus
1883 1291 1978 1324 regu-

518 1334 638 1368 laribus
663 1333 900 1367 consessoribus
925 1330 1107 1365 inconsulta
1132 1327 1212 1360 Sede
1237 1327 1420 1370 Apostolica
1447 1329 1590 1363 adimere
1615 1331 1800 1365 facultatem
1825 1333 1976 1367 audiendi

519 1387 751 1427 consessiones,
778 1385 820 1419 58
845 1396 876 1417 a.

426 1441 577 1485 Episcopi
613 1441 645 1473 in
676 1438 818 1472 ecclesiis
843 1437 1051 1470 eremitarum
1082 1433 1371 1468 Camaldulentium
1406 1434 1662 1472 Montiscoronae
1699 1438 1864 1474 celebrare
1899 1441 1976 1483 ipsis

516 1493 622 1526 invitis
646 1501 711 1524 non
737 1496 882 1534 possunt,
911 1489 952 1522 70
977 1500 1009 1521 a.

427 1546 575 1591 Episcopi
601 1545 764 1578 indiarum
790 1550 900 1576 exacte
924 1542 1093 1576 observent
1109 1539 1356 1573 constitutiones
1382 1544 1574 1585 apostolicas
1598 1551 1629 1579 et
1653 1545 1780 1579 decreta
1799 1557 1976 1592 congrega-

516 1599 614 1633 tionis
638 1599 677 1631 de
702 1596 912 1641 Propaganda
936 1593 1122 1642 Fide‚148=2
1149 1594 1165 1625 b
1190 1599 1220 1626 et
1244 1603 1329 1636 seq.·,
1355 1595 1476 1629 nullam
1502 1598 1622 1632 habent
1655 1599 1910 1633 iurisdictionem
1942 1601 1975 1635 in

515 1653 649 1688 vicarios
684 1651 891 1695 apostolicos,
916 1643 1095 1692 eorumdue
1119 1646 1293 1690 operarios,
1313 1656 1370 1681 nec
1397 1655 1560 1695 tamquam
1581 1651 1782 1695 Apostolicae
1806 1652 1896 1686 Sedis
1921 1653 1976 1694 de-

516 1707 626 1751 legati,
647 1704 713 1738 484
737 1716 757 1737 α
782 1711 812 1738 et
836 1715 915 1747 seq„
942 1709 973 1737 et
996 1702 1062 1737 486
1086 1713 1106 1735 α
1131 1710 1161 1736 et
1187 1702 1214 1734 b.

426 1761 574 1806 Episcopi
607 1759 717 1792 vicarii
753 1757 919 1802 apostolici
954 1757 1122 1797 Sinarum,
1150 1765 1222 1796 etc„
1259 1761 1443 1794 eximuntur
1467 1770 1483 1792 a
1508 1758 1728 1793 iurisdictione
1759 1759 1977 1804 Inquisitioms

516 1814 657 1851 Goanae,
682 1810 749 1844 4402
773 1822 793 1843 α
819 1817 849 1843 et
874 1811 909 1845 b:
934 1817 964 1844 et
989 1821 1006 1842 a
1030 1810 1250 1846 iurisdictione
1275 1813 1519 1847 Ordinariorum
1543 1813 1577 1844 in
1602 1812 1715 1853 Indiis,
1741 1812 1808 1846 484
1831 1824 1861 1845 a.

426 1868 575 1911 Episcopi
611 1873 642 1900 et
665 1865 829 1908 generales
859 1864 1046 1907 quorumvis
1071 1864 1226 1899 Ordinum
1253 1868 1451 1911 regularium
1476 1865 1587 1899 saltem
1605 1865 1654 1898 bis
1678 1865 1712 1898 in
1736 1876 1821 1899 anno
1846 1867 1975 1900 Terrae-

514 1925 643 1953 sanctae
668 1918 873 1952 necessitates
907 1923 937 1950 et
961 1917 1216 1962 redemptionem
1242 1920 1441 1964 captivorum
1467 1918 1685 1952 commendari
1711 1925 1845 1960 cui-ent,
1870 1919 1933 1953 599
1958 1921 1975 1951 b

513 1982 543 2007 et
569 1985 630 2017 seq.

424 2029 585 2071 Episcopo
611 2025 809 2060 Maioricensi
831 2024 1003 2058 committit
1026 2024 1174 2059 Pontifex
1199 2033 1234 2059 ut
1259 2026 1402 2060 studium
1427 2035 1504 2059 suae
1528 2024 1665 2057 civitatis
1682 2024 1715 2056 in
1735 2024 1975 2059 universitatem

515 2082 630 2125 erigat,
657 2079 722 2113 395
748 2079 764 2110 b
789 2085 818 2111 et
842 2090 903 2122 seq.

424 2136 621 2178 Episcopum
646 2132 869 2171 consecrandi,
896 2142 969 2165 cum
995 2133 1175 2167 assistentia
1201 2133 1341 2167 duorum
1366 2132 1562 2176 simplicium
1588 2132 1793 2164 sacerdotum
1819 2132 1867 2164 vel
1891 2133 1972 2173 sine,

515 2187 608 2220 datur
633 2186 767 2218 facultas
795 2184 835 2217 ad
861 2191 986 2227 tempus
1010 2186 1152 2218 nonullis
1177 2186 1302 2219 vicariis
1327 2186 1522 2229 apostolici5‚
1545 2185 1610 2218 445
1630 2196 1660 2218 a.

424 2240 550 2273 Erectio
576 2249 735 2273 novorum
761 2239 902 2271 locorum
939 2238 1000 2271 sub
1036 2238 1128 2272 titulo
1163 2239 1280 2272 Montis
1315 2238 1428 2272 Ursini
1459 2240 1594 2283 quintae
1628 2239 1818 2278 erectionis,
1843 2238 1907 2271 247
1932 2251 1972 2280 α;

515 2293 634 2326 erectio
659 2302 816 2325 novorum
842 2291 1023 2324 officiorum
1048 2291 1188 2325 militum
1209 2293 1341 2335 piorum
1357 2320 1366 2333 ‚
1393 2291 1458 2325 376
1482 2292 1499 2323 b
1524 2297 1555 2324 et
1578 2301 1662 2334 seq.;
1694 2291 1813 2325 erectio
1844 2291 1974 2335 hospitii

515 2347 546 2379 in
571 2346 656 2380 Urbe
677 2355 733 2389 pro
758 2345 882 2378 noviter
906 2345 945 2377 ad
963 2344 1061 2378 fidem
1077 2347 1252 2386 conversis,
1273 2346 1339 2379 545
1363 2356 1383 2378 a
1408 2351 1439 2378 et
1461 2356 1524 2388 seq.

424 2401 584 2433 Eremitae
611 2399 872 2432 Camaldulenses
897 2398 1012 2431 Montis
1036 2398 1189 2439 Coronae,
1218 2398 1259 2432 70
1284 2410 1326 2440 α’,
1351 2398 1428 2443 ipsis
1451 2398 1558 2432 invitis
1583 2397 1723 2442 episcopi
1748 2398 1893 2432 locorum
1918 2399 1974 2433 Or-

513 2453 630 2486 dinarii
655 2452 690 2485 in
725 2462 838 2485 eorum
870 2451 1000 2486 ecclesis
1034 2451 1142 2485 divina
1177 2453 1338 2487 celebrare
1361 2461 1428 2485 non
1450 2457 1596 2496 possunt,
1625 2450 1667 2484 70
1691 2461 1730 2491 a;
1754 2450 1890 2495 priores,
1905 2452 1974 2485 sine

513 2506 643 2551 speciali
669 2506 796 2539 licentia
819 2505 913 2539 toties
941 2506 1066 2549 quoties
1090 2506 1309 2549 impetranda,
1340 2504 1457 2539 eremis
1482 2503 1591 2547 egredi
1615 2509 1647 2538 et
1672 2508 1861 2547 pernoctare
1885 2510 1973 2538 extra

512 2561 582 2593 illas
615 2569 680 2593 non
709 2565 867 2602 possunt,
895 2557 958 2591 107
991 2558 1008 2590 b
1041 2565 1071 2592 et
1095 2569 1175 2602 seq.;
1201 2558 1352 2592 eremitae
1382 2558 1593 2602 designantur
1617 2557 1650 2591 in
1675 2557 1820 2602 qualibet
1842 2567 1972 2600 eremo,

513 2614 568 2658 qui
605 2613 647 2646 ob
682 2619 851 2657 urgentem
887 2612 1108 2647 necessitatem
1134 2622 1191 2655 per
1211 2611 1352 2656 spatium
1379 2612 1614 2656 quinquaginta
1637 2611 1825 2646 milliarium
1849 2611 1972 2656 possint
