2279 3260
160 240 213 265 An.
235 239 264 265 C.
282 239 346 266 1671

197 928 347 952 Trnmnmpto-

164 959 208 973 run)
225 954 283 973 fidi-s,

192 1347 278 1367 Nomina
289 1347 347 1367 sami-

167 1374 256 1394 liariniu.

979 239 1120 264 CLEMENS
1143 241 1161 263 X
1186 241 1233 264 ΡΡ.

355 287 512 330 specifica,
541 297 692 329 expressa
717 291 748 318 et
773 287 955 324 individua,
982 298 1017 318 ac
1048 288 1087 319 de

353 340 450 372 verbo
476 340 513 371 ad
540 339 680 378 verbum,
700 350 762 370 nou
789 345 894 370 autem
920 350 978 381 per
1003 340 1089 371 clau-

354 393 439 424 sulas
466 392 634 433 generales
652 391 737 423 idem
755 391 980 434 importantcs,
1003 402 1089 423 uten-

356 444 398 475 tio
425 454 480 475 seu
505 442 636 485 quaevis
662 443 723 475 alia
749 443 913 486 expressio
940 444 1089 475 habenda

355 501 408 528 aut
431 496 538 538 aliqua
564 495 723 538 exquisita
746 496 848 528 forma
873 497 910 528 ad
939 497 999 528 hoc
1025 506 1090 528 ser-

357 549 459 581 vanda
485 550 579 587 soret,
611 549 739 581 illorum
764 549 906 580 onmium
931 554 959 581 et
987 549 1091 591 singu-

356 603 460 634 lorum
495 607 622 633 tenores
651 601 876 644 praesentibus
903 612 960 644 pro
993 603 1089 644 plene

357 659 388 686 et
408 653 602 686 sufficienter
627 654 784 696 expressis
818 659 846 686 et
880 654 1010 686 insertis
1035 654 1091 686 ha-

355 706 480 745 hentes,
501 707 563 739 illis
581 706 658 739 alias
679 707 711 738 in
729 716 786 739 suo
805 708 922 739 robore
944 717 1092 749 perman-

357 759 451 798 suris,
468 760 504 791 ad
524 759 776 802 praemissorum
794 758 951 797 ellectum,
969 759 1092 801 specia-

358 810 432 843 liter
451 817 482 843 et
506 821 658 853 expresse
678 811 890 852 derogamus,
913 811 1090 853 ceterisque

358 863 526 895 contrariis
553 863 822 906 quibuscumque.

401 918 415 957 ς’
442 915 472 947 5.
507 915 659 947 Volumus
688 920 793 947 autem
819 920 853 946 ut
873 915 1093 957 praesentium

359 967 576 1010 transumptis,
603 968 698 999 etiam
725 967 902 1009 impressis,
928 968 1094 999 manuali-

358 1021 448 1053 euius
476 1021 591 1052 notarii
624 1021 747 1063 publici
776 1021 979 1063 subscriptis,
1000 1026 1032 1052 et
1055 1021 1094 1052 si-

358 1074 436 1116 gillo
462 1084 622 1116 personae
648 1074 679 1105 in
705 1073 922 1106 ecclesiastica
939 1073 1095 1115 dignitate

358 1126 552 1159 constitutae
570 1125 712 1164 munitis,
731 1126 843 1158 eadem
866 1136 998 1168 prorsus
1015 1125 1095 1158 fides

358 1179 552 1211 adhibeatur
568 1178 600 1210 in
620 1178 737 1210 iudicio
755 1183 786 1210 et
804 1183 895 1210 extra
908 1178 997 1218 illud,
1014 1190 1096 1222 quae

357 1232 568 1264 adhiberetur
596 1231 672 1274 ipsis
698 1232 925 1275 praesentibus
946 1232 970 1264 si
993 1233 1098 1265 forent

358 1284 521 1317 exhibitae
547 1285 595 1316 vel
614 1289 776 1317 ostensae.

402 1338 417 1380 ᾗ
441 1337 472 1369 6.
500 1337 637 1369 Nomina
661 1342 765 1369 autem
792 1338 1015 1370 samiliarium'
1043 1349 1099 1371 no-

359 1395 500 1422 strorum
519 1395 594 1421 sunt
619 1400 700 1432 quae
725 1391 1097 1433 sequuntur,videlicetz

359 1442 561 1474 venerabiles
587 1442 704 1474 fratres
737 1443 920 1475 Alexander
948 1443 1099 1476 Crescen-

360 1494 422 1526 tius
461 1495 645 1538 patriarcha
671 1496 926 1537 Alexandrinus,
960 1497 1099 1529 cubiculi

360 1546 472 1587 nostri,
492 1547 711 1580 Bernardinus
732 1548 869 1580 Hoccius
887 1549 1102 1591 archiepisco-

360 1609 418 1642 pus
442 1599 666 1638 Damascenus,
684 1600 793 1642 palatii
812 1601 912 1632 nostri
935 1602 1100 1643 apostolici

360 1652 537 1695 respective
556 1653 720 1695 praefecti,
741 1653 925 1696 Stephanus
941 1655 978 1686 dc
995 1656 1102 1697 Augu-

360 1704 451 1736 stinis
476 1705 740 1747 archiepiscopus
759 1706 943 1746 Heracleae,
962 1708 1102 1740 eleemo-

360 1757 505 1800 synarius
530 1763 673 1790 secretus
700 1764 822 1799 noster,
850 1765 881 1791 et
904 1760 1019 1802 Ioseph
1042 1761 1101 1793 Eu-

359 1810 468 1842 sanius
488 1810 660 1853 episcopus
680 1811 978 1853 Helenopolitaiuis,
997 1824 1102 1846 sacra-

359 1862 398 1894 rii
424 1863 528 1895 nostri
554 1863 757 1905 praefectus,
776 1875 811 1896 ac
830 1864 937 1897 dilecti
964 1866 1019 1898 filii
1038 1877 1102 1899 ma-

359 1915 452 1958 gistri
488 1916 624 1948 Ioannes
661 1915 845 1948 Gualterius
877 1917 1000 1950 Slusius
1025 1919 1101 1952 Leo-

360 1968 489 2008 diensis,
511 1968 702 2001 secretarius
737 1969 883 2002 Brevium
915 1977 1099 2004 nostrorum

360 2027 572 2061 secretorum,
601 2027 632 2053 et
656 2021 796 2064 Prosper
821 2023 978 2056 Bottinius
1004 2025 1100 2058 Luca-

359 2084 427 2113 nus,
447 2074 582 2113 auditor,
602 2075 634 2106 in
654 2076 789 2117 utraque
808 2075 973 2118 signatura
991 2081 1099 2111 nostra

359 2126 586 2166 referendarii,
613 2127 749 2169 praelati
776 2128 942 2161 domestici
974 2131 1096 2171 nostri,

359 2189 486 2211 necnon
506 2179 665 2222 Iosephus
685 2180 912 2221 Yallemanius,
932 2182 1095 2225 pincerna,

359 2232 547 2264 Franciscus
565 2232 706 2273 Polinus,
722 2233 871 2266 ''Nicolaus
888 2234 1023 2267 Gentilis
1042 2236 1098 2269 Ca-

357 2285 563 2325 merinensis,
587 2286 836 2327 architriclinus,
869 2287 1001 2321 Carolus
1027 2290 1096 2322 Bal-

358 2338 490 2370 duccius
515 2338 722 2378 Tusculanae,
742 2340 919 2379 vestiarius,
942 2342 1095 2374 Ascanius

356 2497 464 2530 Simon
501 2497 673 2539 Baglionus
710 2498 920 2539 Pisaurensis,
949 2506 1095 2533 notarum

356 2560 548 2583 arcanarum
566 2550 769 2591 secretarius,
787 2551 934 2584 Floridus
952 2553 1095 2587 Salvato-

392 2617 403 2640 1
427 2612 494 2639 Edit⁴
514 2612 592 2638 Main.
610 2612 676 2646 legit
690 2613 876 2646 familiarum
893 2615 933 2649 (n.
950 2620 997 2646 T.).

459 2669 536 2696 Buzt.
555 2669 632 2696 Rom.
650 2684 684 2688 —
703 2669 760 2696 Vol.
778 2668 883 2697 XVIII.
1029 2671 1060 2697 37

1131 288 1196 319 rius
1220 287 1361 320 Civitatis
1391 287 1532 327 (bustelli,
1553 290 1696 321 medicus
1716 296 1867 329 secretus,

1131 340 1316 373 Dominicus
1335 341 1424 372 panti
1444 341 1656 380 Pisaurensis,
1673 342 1868 384 Pomponius

1131 392 1273 425 Cavallus
1292 394 1557 433 Ravennatensis,
1572 394 1708 426 loannes
1726 396 1867 436 Angelus

1132 445 1170 476 ab
1189 446 1331 488 Altemps
1353 446 1528 485 Romanae,
1548 447 1662 478 Marius
1679 447 1869 480 Thaddaeus

1119 497 1308 539 ‚llcinensis
1335 499 1451 531 Marius
1470 500 1602 542 Spinola
1619 500 1794 539 larinensis,
1821 501 1870 532 lit-

1134 555 1276 583 terarum
1301 557 1483 585 nostrarum
1510 552 1540 585 in
1567 553 1669 585 forma
1694 553 1804 585 Brevis
1830 554 1867 584 ad

1133 601 1294 645 principes
1312 605 1674 644 secretarius,Nic-olaus
1687 605 1871 638 Piccolou‘ii-

1134 665 1213 686 neus
1228 656 1387 696 Senensis,
1397 658 1586 690 secretarius
1603 658 1787 691 libellorum
1802 668 1871 700 sup-

1134 708 1252 749 plicum
1273 710 1364 741 nobis
1383 715 1614 752 porrectorum,
1635 711 1781 743 Octavius
1801 711 1871 743 Fal-

1135 761 1283 793 conerius
1309 762 1528 802 Florentinae,
1551 763 1664 795 Petrus
1689 764 1728 795 de
1753 763 1870 796 Ioanne

1135 812 1359 854 Siracusanae,
1390 815 1539 847 Nicolaus
1565 815 1723 847 Antonius
1749 816 1806 848 Fili
1833 816 1871 848 ab

1136 866 1317 905 Altamura,
1351 867 1443 909 Ilugo
1474 869 1634 900 llubertus
1661 869 1699 901 de
1725 868 1873 901 Serrient

1136 917 1464 962 Gratianopolitanae,
1484 926 1514 953 et
1534 921 1710 953 Gulielmus
1730 921 1807 953 baro
1833 921 1872 954 de

1138 970 1380 1013 Furstenbergh
1424 972 1641 1013 Coloniensis,
1684 974 1872 1006 cubicularii

1138 1024 1253 1056 secreti
1283 1025 1402 1064 nostri,
1434 1036 1468 1057 ac
1500 1026 1632 1059 Sanctes
1664 1027 1701 1059 de
1727 1027 1872 1059 Pilastris

1138 1077 1340 1109 subdatarius
1366 1083 1485 1117 noster,
1508 1079 1680 1111 Riccardus
1697 1079 1873 1112 Crucianus

1139 1130 1383 1168 Camerinensis,
1403 1132 1617 1171 caudatarius,
1637 1133 1793 1165 Antonius
1814 1133 1875 1165 Ma-

1140 1183 1187 1215 ria
1211 1183 1413 1216 Martorellus
1431 1184 1635 1225 Tusculanae,
1655 1187 1801 1225 crucifer,
1828 1187 1876 1219 Io-

1141 1237 1262 1279 sephus
1283 1236 1417 1269 Barbius
1443 1237 1677 1271 Camerinensis
1702 1244 1734 1271 et
1764 1240 1877 1272 Ferdi-

1142 1290 1266 1321 nandus
1287 1289 1475 1322 Consalvius
1490 1291 1698 1330 Auximanae,
1719 1294 1877 1335 cappella-

1142 1343 1173 1375 ni
1186 1343 1304 1375 secreti
1319 1343 1429 1383 nostri,
1442 1343 1631 1377 Franciscus
1647 1345 1801 1385 Ceriolus,
1816 1357 1878 1378 ma-

1142 1396 1241 1438 gister
1266 1397 1382 1429 domus
1408 1402 1550 1436 nostrae,
1570 1398 1677 1431 Brimo
1696 1399 1876 1431 Bellozzius

1144 1449 1321 1481 ⁴lsculanae
1338 1476 1345 1489 ‚
1372 1449 1485 1481 Petrus
1511 1451 1608 1483 Baros
1638 1451 1875 1492 Turnaccnsis,

1143 1502 1345 1544 Evangelista
1362 1502 1507 1535 Caesaris
1522 1504 1697 1543 Romanae,
1714 1504 1822 1537 Simon
1838 1506 1877 1537 de

1144 1554 1261 1586 Amicis
1286 1554 1530 1595 Camerinensis,
1553 1555 1760 1588 Sebastianus
1786 1557 1879 1589 Miro-

1144 1607 1204 1640 lius
1237 1607 1379 1640 Civitatis
1411 1608 1610 1641 Castellanae
1644 1614 1676 1641 et
1707 1609 1878 1642 Bartholo-

1144 1672 1252 1693 maeus
1278 1662 1316 1693 de
1338 1661 1443 1693 Leone
1462 1661 1682 1694 Cordubensis
1700 1663 1878 1704 respective

1144 1714 1308 1746 civitatum
1343 1716 1390 1747 vel
1429 1715 1642 1755 dioecesum,
1678 1715 1788 1748 clerici
1821 1727 1877 1748 seu

1144 1767 1401 1810 p1·esbyteri,vel
1429 1767 1508 1805 laici,
1533 1767 1671 1800 cubiculi
1700 1768 1800 1800 nostri
1826 1779 1878 1800 au-

1144 1819 1277 1851 ditores.

1187 1872 1299 1904 Datum
1330 1873 1468 1910 Romae,
1497 1873 1581 1915 apud
1606 1872 1637 1904 S.
1663 1872 1792 1905 Mariam
1817 1873 1879 1905 Ma-

1143 1925 1254 1965 iorem,
1274 1926 1332 1957 sul)
1350 1927 1470 1958 annulo
1497 1925 1678 1964 Piscatoris,
1701 1926 1751 1958 dic
1773 1936 1803 1958 xl
1825 1926 1879 1958 de-

1143 1978 1281 2010 cembris
1307 1988 1453 2017 MDCLxxi,
1475 1977 1678 2021 pontificatus
1703 1979 1803 2011 nostri
1825 1990 1879 2011 an-

1143 2042 1184 2063 no
1210 2042 1244 2064 11.

1177 2093 1234 2119 Dat.
1253 2093 1295 2119 die
1318 2094 1344 2119 lt
1368 2092 1521 2119 decembris
1545 2093 1619 2126 1671,
1637 2093 1733 2127 pontif.
1749 2101 1819 2120 anno
1836 2101 1864 2119 ιι.

1428 2253 1587 2285 LXXXIX.

1116 2365 1117 2382 ;
1140 2342 1302 2376 Concessio
1341 2342 1623 2385 indulgentiarum
1670 2343 1878 2376 visitantibus

357 2389 563 2432 Paganessus,
590 2390 765 2423 Venantius
790 2392 980 2434 Benignius,
1007 2394 1117 2427 Octa->

357 2444 467 2475 vianus
493 2443 640 2476 Cambius
666 2444 916 2486 Camerinensis,
938 2448 1094 2480 Antonius
1115 2481 1116 2486 ,

1181 2395 1328 2427 ecclesias
1354 2396 1487 2429 Ordt'nis
1510 2397 1614 2427 suncti
1637 2396 1819 2439 Augyustiiei
1844 2397 1878 2427 in

1182 2448 1305 2487 diebu&
1331 2448 1448 2491 quitum·
1473 2449 1660 2491 festivitates
1693 2452 1877 2480 &melorum

1182 2503 1206 2534 A
1217 2502 1344 2543 uyustin
1352 2502 1362 2533 ι’
1373 2528 1378 2539 ,
1404 2502 1548 2533 Mouicae
1560 2529 1566 2540 ,
1580 2494 1722 2533 *Nicolne'
1743 2501 1878 2533 Tclenti-

1184 2555 1287 2593 nuu's,
1323 2559 1350 2586 et
1380 2555 1519 2586 Tltomae
1548 2555 1585 2587 de
1609 2555 1777 2586 Vz'llcznova
1801 2554 1878 2586 cele-

1183 2607 1329 2639 brantur.

1764 232 1827 266 289
1874 241 1922 267 An.
1944 239 1972 266 c.
1990 241 2055 267 1671
