<?xml version="1.0" encoding="UTF-8"?>
<!DOCTYPE html PUBLIC "-//W3C//DTD XHTML 1.0 Transitional//EN"
    "http://www.w3.org/TR/xhtml1/DTD/xhtml1-transitional.dtd">
<html xmlns="http://www.w3.org/1999/xhtml" xml:lang="en" lang="en">
 <head>
  <title>
</title>
<meta http-equiv="Content-Type" content="text/html;charset=utf-8" />
  <meta name='ocr-system' content='tesseract 3.04.00' />
  <meta name='ocr-capabilities' content='ocr_page ocr_carea ocr_par ocr_line ocrx_word'/>
</head>
<body>
  <div class='ocr_page' id='page_1' title='image "./bullarumdiplomat18cath_0573.png"; bbox 0 0 2279 3260; ppageno 0'>
   <div class='ocr_carea' id='block_1_1' title="bbox 139 233 328 276">
    <p class='ocr_par' dir='ltr' id='par_1_1' title="bbox 139 233 328 276">
     <span class='ocr_line' id='line_1_1' title="bbox 139 233 328 276; baseline 0.011 -15"><span class='ocrx_word' id='word_1_1' title='bbox 139 233 191 261; x_wconf 74' lang='lat' dir='ltr'>An.</span> <span class='ocrx_word' id='word_1_2' title='bbox 208 233 236 276; x_wconf 80' lang='lat' dir='ltr'>c.</span> <span class='ocrx_word' id='word_1_3' title='bbox 261 234 328 263; x_wconf 70' lang='lat' dir='ltr'>iei5</span> 
     </span>
    </p>
   </div>
   <div class='ocr_carea' id='block_1_2' title="bbox 142 1031 324 1052">
    <p class='ocr_par' dir='ltr' id='par_1_2' title="bbox 142 1031 324 1052">
     <span class='ocr_line' id='line_1_2' title="bbox 142 1031 324 1052; baseline 0.005 -1"><span class='ocrx_word' id='word_1_4' title='bbox 142 1031 253 1052; x_wconf 70' lang='lat' dir='ltr'>oustantia</span> <span class='ocrx_word' id='word_1_5' title='bbox 265 1031 324 1052; x_wconf 81' lang='lat' dir='ltr'>tollit.</span> 
     </span>
    </p>
   </div>
   <div class='ocr_carea' id='block_1_3' title="bbox 329 281 1077 2539">
    <p class='ocr_par' dir='ltr' id='par_1_3' title="bbox 329 281 1068 1005">
     <span class='ocr_line' id='line_1_3' title="bbox 331 281 1064 328; baseline -0.01 -10"><span class='ocrx_word' id='word_1_6' title='bbox 331 284 436 317; x_wconf 89' lang='lat' dir='ltr'>missis</span> <span class='ocrx_word' id='word_1_7' title='bbox 461 294 520 328; x_wconf 87' lang='lat' dir='ltr'>per</span> <span class='ocrx_word' id='word_1_8' title='bbox 544 292 763 327; x_wconf 75' lang='lat' dir='ltr'>quoscumque</span> <span class='ocrx_word' id='word_1_9' title='bbox 794 282 916 314; x_wconf 65' lang='lat' dir='ltr'>iudices</span> <span class='ocrx_word' id='word_1_10' title='bbox 942 281 1064 313; x_wconf 81' lang='lat' dir='ltr'>ordina-</span> 
     </span>
     <span class='ocr_line' id='line_1_4' title="bbox 331 335 1066 379; baseline -0.007 -9"><span class='ocrx_word' id='word_1_11' title='bbox 331 338 396 370; x_wconf 91' lang='lat' dir='ltr'>rios</span> <span class='ocrx_word' id='word_1_12' title='bbox 422 342 453 370; x_wconf 87' lang='lat' dir='ltr'>ct</span> <span class='ocrx_word' id='word_1_13' title='bbox 478 337 644 379; x_wconf 80' lang='lat' dir='ltr'>delegatos</span> <span class='ocrx_word' id='word_1_14' title='bbox 660 362 667 376; x_wconf 94' lang='lat'>,</span> <span class='ocrx_word' id='word_1_15' title='bbox 696 335 791 368; x_wconf 79' lang='lat' dir='ltr'>etiam</span> <span class='ocrx_word' id='word_1_16' title='bbox 816 345 982 367; x_wconf 78' lang='lat' dir='ltr'>causarum</span> <span class='ocrx_word' id='word_1_17' title='bbox 1015 344 1066 376; x_wconf 71' lang='lat' dir='ltr'>pa-</span> 
     </span>
     <span class='ocr_line' id='line_1_5' title="bbox 329 386 1062 433; baseline -0.008 -10"><span class='ocrx_word' id='word_1_18' title='bbox 329 390 397 423; x_wconf 87' lang='lat' dir='ltr'>latii</span> <span class='ocrx_word' id='word_1_19' title='bbox 424 389 595 433; x_wconf 87' lang='lat' dir='ltr'>apostolici</span> <span class='ocrx_word' id='word_1_20' title='bbox 627 388 802 429; x_wconf 70' lang='lat' dir='ltr'>auditores,</span> <span class='ocrx_word' id='word_1_21' title='bbox 831 399 866 420; x_wconf 88' lang='lat' dir='ltr'>ac</span> <span class='ocrx_word' id='word_1_22' title='bbox 889 388 920 420; x_wconf 82' lang='lat' dir='ltr'>S.</span> <span class='ocrx_word' id='word_1_23' title='bbox 955 388 991 419; x_wconf 70' lang='lat' dir='ltr'>lt.</span> <span class='ocrx_word' id='word_1_24' title='bbox 1028 386 1062 418; x_wconf 85' lang='lat' dir='ltr'>E.</span> 
     </span>
     <span class='ocr_line' id='line_1_6' title="bbox 330 441 1064 486; baseline -0.005 -10"><span class='ocrx_word' id='word_1_25' title='bbox 330 443 492 486; x_wconf 78' lang='lat' dir='ltr'><strong>praefatae</strong></span> <span class='ocrx_word' id='word_1_26' title='bbox 514 442 706 482; x_wconf 78' lang='lat' dir='ltr'>cardinales,</span> <span class='ocrx_word' id='word_1_27' title='bbox 727 442 823 475; x_wconf 88' lang='lat' dir='ltr'>etiam</span> <span class='ocrx_word' id='word_1_28' title='bbox 844 442 882 474; x_wconf 88' lang='lat' dir='ltr'>de</span> <span class='ocrx_word' id='word_1_29' title='bbox 907 442 1008 473; x_wconf 85' lang='lat' dir='ltr'>latere</span> <span class='ocrx_word' id='word_1_30' title='bbox 1027 441 1064 472; x_wconf 91' lang='lat' dir='ltr'>le-</span> 
     </span>
     <span class='ocr_line' id='line_1_7' title="bbox 332 493 1066 538; baseline -0.004 -10"><span class='ocrx_word' id='word_1_31' title='bbox 332 501 431 538; x_wconf 51' lang='lat' dir='ltr'>gatos</span> <span class='ocrx_word' id='word_1_32' title='bbox 446 500 477 528; x_wconf 89' lang='lat' dir='ltr'>et</span> <span class='ocrx_word' id='word_1_33' title='bbox 491 495 699 538; x_wconf 88' lang='lat' dir='ltr'>Apostolicae</span> <span class='ocrx_word' id='word_1_34' title='bbox 713 495 804 528; x_wconf 85' lang='lat' dir='ltr'>Sedis</span> <span class='ocrx_word' id='word_1_35' title='bbox 818 495 959 534; x_wconf 83' lang='lat' dir='ltr'>nuntios,</span> <span class='ocrx_word' id='word_1_36' title='bbox 970 493 1066 526; x_wconf 85' lang='lat' dir='ltr'>alios-</span> 
     </span>
     <span class='ocr_line' id='line_1_8' title="bbox 332 546 1067 592; baseline -0.004 -11"><span class='ocrx_word' id='word_1_37' title='bbox 332 559 368 581; x_wconf 90' lang='lat' dir='ltr'>ve</span> <span class='ocrx_word' id='word_1_38' title='bbox 393 548 557 592; x_wconf 85' lang='lat' dir='ltr'>quoslibet</span> <span class='ocrx_word' id='word_1_39' title='bbox 580 559 781 592; x_wconf 82' lang='lat' dir='ltr'>quacumque</span> <span class='ocrx_word' id='word_1_40' title='bbox 813 546 1067 591; x_wconf 68' lang='lat' dir='ltr'>praeeminentia</span> 
     </span>
     <span class='ocr_line' id='line_1_9' title="bbox 333 600 1067 644; baseline -0.004 -11"><span class='ocrx_word' id='word_1_41' title='bbox 333 606 364 634; x_wconf 88' lang='lat' dir='ltr'>et</span> <span class='ocrx_word' id='word_1_42' title='bbox 386 606 545 644; x_wconf 72' lang='lat' dir='ltr'>potestate</span> <span class='ocrx_word' id='word_1_43' title='bbox 566 601 733 644; x_wconf 78' lang='lat' dir='ltr'>fungentes</span> <span class='ocrx_word' id='word_1_44' title='bbox 751 606 782 634; x_wconf 89' lang='lat' dir='ltr'>et</span> <span class='ocrx_word' id='word_1_45' title='bbox 799 601 972 639; x_wconf 77' lang='lat' dir='ltr'>suncturos,</span> <span class='ocrx_word' id='word_1_46' title='bbox 993 600 1067 631; x_wconf 90' lang='lat' dir='ltr'>sub-</span> 
     </span>
     <span class='ocr_line' id='line_1_10' title="bbox 332 652 1067 696; baseline -0.005 -9"><span class='ocrx_word' id='word_1_47' title='bbox 332 656 396 687; x_wconf 79' lang='lat' dir='ltr'>lata</span> <span class='ocrx_word' id='word_1_48' title='bbox 419 655 464 687; x_wconf 85' lang='lat' dir='ltr'>eis</span> <span class='ocrx_word' id='word_1_49' title='bbox 502 659 535 688; x_wconf 89' lang='lat' dir='ltr'>et</span> <span class='ocrx_word' id='word_1_50' title='bbox 567 665 679 687; x_wconf 89' lang='lat' dir='ltr'>eorum</span> <span class='ocrx_word' id='word_1_51' title='bbox 713 654 846 687; x_wconf 90' lang='lat' dir='ltr'>cuilibet</span> <span class='ocrx_word' id='word_1_52' title='bbox 880 652 988 696; x_wconf 83' lang='lat' dir='ltr'>quavis</span> <span class='ocrx_word' id='word_1_53' title='bbox 1011 652 1067 684; x_wconf 86' lang='lat' dir='ltr'>ali-</span> 
     </span>
     <span class='ocr_line' id='line_1_11' title="bbox 332 706 1066 750; baseline -0.005 -10"><span class='ocrx_word' id='word_1_54' title='bbox 332 714 381 740; x_wconf 87' lang='lat' dir='ltr'>ter</span> <span class='ocrx_word' id='word_1_55' title='bbox 406 708 570 740; x_wconf 87' lang='lat' dir='ltr'>iudicandi</span> <span class='ocrx_word' id='word_1_56' title='bbox 595 712 626 740; x_wconf 88' lang='lat' dir='ltr'>et</span> <span class='ocrx_word' id='word_1_57' title='bbox 650 706 886 750; x_wconf 86' lang='lat' dir='ltr'>interpretandi</span> <span class='ocrx_word' id='word_1_58' title='bbox 917 706 1066 738; x_wconf 72' lang='lat' dir='ltr'>facultate</span> 
     </span>
     <span class='ocr_line' id='line_1_12' title="bbox 331 758 1068 800; baseline -0.007 -6"><span class='ocrx_word' id='word_1_59' title='bbox 331 766 364 794; x_wconf 88' lang='lat' dir='ltr'>et</span> <span class='ocrx_word' id='word_1_60' title='bbox 387 760 588 800; x_wconf 83' lang='lat' dir='ltr'>auctoritate,</span> <span class='ocrx_word' id='word_1_61' title='bbox 630 760 757 793; x_wconf 80' lang='lat' dir='ltr'>definiri</span> <span class='ocrx_word' id='word_1_62' title='bbox 789 765 822 792; x_wconf 85' lang='lat' dir='ltr'>et</span> <span class='ocrx_word' id='word_1_63' title='bbox 845 758 981 791; x_wconf 89' lang='lat' dir='ltr'>iudicari</span> <span class='ocrx_word' id='word_1_64' title='bbox 1013 758 1068 789; x_wconf 88' lang='lat' dir='ltr'>de-</span> 
     </span>
     <span class='ocr_line' id='line_1_13' title="bbox 331 811 1068 854; baseline -0.005 -9"><span class='ocrx_word' id='word_1_65' title='bbox 331 813 428 854; x_wconf 87' lang='lat' dir='ltr'>bere,</span> <span class='ocrx_word' id='word_1_66' title='bbox 467 823 503 845; x_wconf 89' lang='lat' dir='ltr'>ae</span> <span class='ocrx_word' id='word_1_67' title='bbox 531 812 658 845; x_wconf 86' lang='lat' dir='ltr'>irritum</span> <span class='ocrx_word' id='word_1_68' title='bbox 684 817 716 844; x_wconf 86' lang='lat' dir='ltr'>et</span> <span class='ocrx_word' id='word_1_69' title='bbox 735 812 830 844; x_wconf 87' lang='lat' dir='ltr'>inane</span> <span class='ocrx_word' id='word_1_70' title='bbox 851 811 875 844; x_wconf 84' lang='lat' dir='ltr'>si</span> <span class='ocrx_word' id='word_1_71' title='bbox 897 821 991 843; x_wconf 86' lang='lat' dir='ltr'>secus</span> <span class='ocrx_word' id='word_1_72' title='bbox 1016 820 1068 843; x_wconf 85' lang='lat' dir='ltr'>su-</span> 
     </span>
     <span class='ocr_line' id='line_1_14' title="bbox 331 863 1065 909; baseline -0.005 -10"><span class='ocrx_word' id='word_1_73' title='bbox 331 876 390 909; x_wconf 86' lang='lat' dir='ltr'>per</span> <span class='ocrx_word' id='word_1_74' title='bbox 411 865 460 898; x_wconf 87' lang='lat' dir='ltr'>his</span> <span class='ocrx_word' id='word_1_75' title='bbox 486 876 504 898; x_wconf 90' lang='lat' dir='ltr'>a</span> <span class='ocrx_word' id='word_1_76' title='bbox 528 875 704 909; x_wconf 84' lang='lat' dir='ltr'>quoquam,</span> <span class='ocrx_word' id='word_1_77' title='bbox 729 864 841 908; x_wconf 85' lang='lat' dir='ltr'>quavis</span> <span class='ocrx_word' id='word_1_78' title='bbox 867 863 1065 902; x_wconf 84' lang='lat' dir='ltr'>auctoritate,</span> 
     </span>
     <span class='ocr_line' id='line_1_15' title="bbox 332 916 1068 960; baseline -0.005 -9"><span class='ocrx_word' id='word_1_79' title='bbox 332 919 472 952; x_wconf 80' lang='lat' dir='ltr'>scienter</span> <span class='ocrx_word' id='word_1_80' title='bbox 502 920 551 952; x_wconf 86' lang='lat' dir='ltr'>vel</span> <span class='ocrx_word' id='word_1_81' title='bbox 584 918 779 960; x_wconf 71' lang='lat' dir='ltr'>ignoranter,</span> <span class='ocrx_word' id='word_1_82' title='bbox 816 916 988 959; x_wconf 77' lang='lat' dir='ltr'>contigerit</span> <span class='ocrx_word' id='word_1_83' title='bbox 1023 921 1068 948; x_wconf 91' lang='lat' dir='ltr'>at-</span> 
     </span>
     <span class='ocr_line' id='line_1_16' title="bbox 334 972 463 1005; baseline -0.008 -1"><span class='ocrx_word' id='word_1_84' title='bbox 334 972 463 1005; x_wconf 86' lang='lat' dir='ltr'>tentari.</span> 
     </span>
    </p>

    <p class='ocr_par' dir='ltr' id='par_1_4' title="bbox 334 1022 1077 2539">
     <span class='ocr_line' id='line_1_17' title="bbox 379 1022 1069 1067; baseline -0.006 -10"><span class='ocrx_word' id='word_1_85' title='bbox 379 1025 393 1067; x_wconf 64' lang='lat' dir='ltr'>g</span> <span class='ocrx_word' id='word_1_86' title='bbox 417 1024 449 1057; x_wconf 84' lang='lat'>8.</span> <span class='ocrx_word' id='word_1_87' title='bbox 475 1024 543 1057; x_wconf 87' lang='lat' dir='ltr'>Non</span> <span class='ocrx_word' id='word_1_88' title='bbox 567 1023 769 1056; x_wconf 73' lang='lat' dir='ltr'>obstantibus</span> <span class='ocrx_word' id='word_1_89' title='bbox 797 1022 1008 1065; x_wconf 77' lang='lat' dir='ltr'>praemissis,</span> <span class='ocrx_word' id='word_1_90' title='bbox 1034 1032 1069 1053; x_wconf 89' lang='lat' dir='ltr'>ac</span> 
     </span>
     <span class='ocr_line' id='line_1_18' title="bbox 335 1074 1070 1116; baseline -0.005 -7"><span class='ocrx_word' id='word_1_91' title='bbox 335 1075 617 1109; x_wconf 81' lang='lat' dir='ltr'>constitutionibus</span> <span class='ocrx_word' id='word_1_92' title='bbox 639 1080 670 1107; x_wconf 84' lang='lat' dir='ltr'>et</span> <span class='ocrx_word' id='word_1_93' title='bbox 694 1074 954 1107; x_wconf 85' lang='lat' dir='ltr'>ordinationibus</span> <span class='ocrx_word' id='word_1_94' title='bbox 979 1084 1070 1116; x_wconf 87' lang='lat' dir='ltr'>apos-</span> 
     </span>
     <span class='ocr_line' id='line_1_19' title="bbox 334 1126 1072 1170; baseline -0.005 -9"><span class='ocrx_word' id='word_1_95' title='bbox 334 1128 451 1168; x_wconf 87' lang='lat' dir='ltr'>tolicis,</span> <span class='ocrx_word' id='word_1_96' title='bbox 482 1137 622 1167; x_wconf 77' lang='lat' dir='ltr'>necnon,</span> <span class='ocrx_word' id='word_1_97' title='bbox 660 1132 817 1170; x_wconf 82' lang='lat' dir='ltr'>quatenus</span> <span class='ocrx_word' id='word_1_98' title='bbox 842 1137 923 1170; x_wconf 84' lang='lat' dir='ltr'>opus</span> <span class='ocrx_word' id='word_1_99' title='bbox 943 1126 992 1165; x_wconf 79' lang='lat' dir='ltr'>sit,</span> <span class='ocrx_word' id='word_1_100' title='bbox 1017 1126 1072 1158; x_wconf 85' lang='lat' dir='ltr'>Or-</span> 
     </span>
     <span class='ocr_line' id='line_1_20' title="bbox 336 1179 1070 1219; baseline -0.004 -5"><span class='ocrx_word' id='word_1_101' title='bbox 336 1181 420 1214; x_wconf 80' lang='lat' dir='ltr'>dinis</span> <span class='ocrx_word' id='word_1_102' title='bbox 460 1186 492 1214; x_wconf 87' lang='lat' dir='ltr'>et</span> <span class='ocrx_word' id='word_1_103' title='bbox 524 1180 691 1213; x_wconf 83' lang='lat' dir='ltr'>custodiae</span> <span class='ocrx_word' id='word_1_104' title='bbox 727 1179 922 1219; x_wconf 81' lang='lat' dir='ltr'>huiusmodi,</span> <span class='ocrx_word' id='word_1_105' title='bbox 960 1179 1070 1212; x_wconf 82' lang='lat' dir='ltr'>aliisve</span> 
     </span>
     <span class='ocr_line' id='line_1_21' title="bbox 337 1231 1070 1276; baseline -0.003 -10"><span class='ocrx_word' id='word_1_106' title='bbox 337 1233 502 1276; x_wconf 82' lang='lat' dir='ltr'>quibusvis</span> <span class='ocrx_word' id='word_1_107' title='bbox 518 1259 526 1273; x_wconf 92' lang='lat'>,</span> <span class='ocrx_word' id='word_1_108' title='bbox 553 1232 649 1266; x_wconf 85' lang='lat' dir='ltr'>etiam</span> <span class='ocrx_word' id='word_1_109' title='bbox 681 1232 874 1271; x_wconf 85' lang='lat' dir='ltr'>iuramento,</span> <span class='ocrx_word' id='word_1_110' title='bbox 901 1231 1070 1265; x_wconf 85' lang='lat' dir='ltr'>confirma-</span> 
     </span>
     <span class='ocr_line' id='line_1_22' title="bbox 339 1284 1071 1328; baseline -0.004 -9"><span class='ocrx_word' id='word_1_111' title='bbox 339 1286 427 1319; x_wconf 82' lang='lat' dir='ltr'>tione</span> <span class='ocrx_word' id='word_1_112' title='bbox 444 1285 633 1328; x_wconf 72' lang='lat' dir='ltr'>apostoliea,</span> <span class='ocrx_word' id='word_1_113' title='bbox 648 1286 697 1318; x_wconf 92' lang='lat' dir='ltr'>vel</span> <span class='ocrx_word' id='word_1_114' title='bbox 715 1285 827 1328; x_wconf 85' lang='lat' dir='ltr'>quavis</span> <span class='ocrx_word' id='word_1_115' title='bbox 842 1284 993 1317; x_wconf 82' lang='lat' dir='ltr'>firmitate</span> <span class='ocrx_word' id='word_1_116' title='bbox 1011 1285 1071 1317; x_wconf 84' lang='lat' dir='ltr'>alia</span> 
     </span>
     <span class='ocr_line' id='line_1_23' title="bbox 338 1337 1069 1378; baseline -0.005 -6"><span class='ocrx_word' id='word_1_117' title='bbox 338 1338 520 1378; x_wconf 81' lang='lat' dir='ltr'>roboratis,</span> <span class='ocrx_word' id='word_1_118' title='bbox 552 1337 678 1370; x_wconf 86' lang='lat' dir='ltr'>statutis</span> <span class='ocrx_word' id='word_1_119' title='bbox 711 1342 742 1370; x_wconf 91' lang='lat' dir='ltr'>et</span> <span class='ocrx_word' id='word_1_120' title='bbox 766 1337 1069 1376; x_wconf 67' lang='lat' dir='ltr'>consuetudinum,</span> 
     </span>
     <span class='ocr_line' id='line_1_24' title="bbox 339 1389 1071 1432; baseline -0.004 -8"><span class='ocrx_word' id='word_1_121' title='bbox 339 1392 437 1425; x_wconf 87' lang='lat' dir='ltr'>etiam</span> <span class='ocrx_word' id='word_1_122' title='bbox 461 1389 779 1427; x_wconf 76' lang='lat' dir='ltr'>immemorabilihus,</span> <span class='ocrx_word' id='word_1_123' title='bbox 794 1389 972 1432; x_wconf 79' lang='lat' dir='ltr'>privilegiis</span> <span class='ocrx_word' id='word_1_124' title='bbox 992 1400 1071 1431; x_wconf 91' lang='lat' dir='ltr'>quo-</span> 
     </span>
     <span class='ocr_line' id='line_1_25' title="bbox 339 1442 1071 1488; baseline -0.005 -11"><span class='ocrx_word' id='word_1_125' title='bbox 339 1455 413 1488; x_wconf 87' lang='lat' dir='ltr'>que,</span> <span class='ocrx_word' id='word_1_126' title='bbox 432 1443 567 1476; x_wconf 88' lang='lat' dir='ltr'>indultis</span> <span class='ocrx_word' id='word_1_127' title='bbox 584 1447 615 1475; x_wconf 87' lang='lat' dir='ltr'>et</span> <span class='ocrx_word' id='word_1_128' title='bbox 632 1443 749 1475; x_wconf 85' lang='lat' dir='ltr'>litteris</span> <span class='ocrx_word' id='word_1_129' title='bbox 769 1442 957 1485; x_wconf 86' lang='lat' dir='ltr'>apostolicis</span> <span class='ocrx_word' id='word_1_130' title='bbox 975 1442 1071 1474; x_wconf 85' lang='lat' dir='ltr'>etiam</span> 
     </span>
     <span class='ocr_line' id='line_1_26' title="bbox 339 1493 1072 1537; baseline -0.005 -8"><span class='ocrx_word' id='word_1_131' title='bbox 339 1496 427 1530; x_wconf 86' lang='lat' dir='ltr'>dieto</span> <span class='ocrx_word' id='word_1_132' title='bbox 441 1495 553 1528; x_wconf 91' lang='lat' dir='ltr'>Ordini</span> <span class='ocrx_word' id='word_1_133' title='bbox 567 1495 703 1537; x_wconf 85' lang='lat' dir='ltr'>eiusque</span> <span class='ocrx_word' id='word_1_134' title='bbox 721 1493 946 1537; x_wconf 85' lang='lat' dir='ltr'>superioribus</span> <span class='ocrx_word' id='word_1_135' title='bbox 959 1499 991 1526; x_wconf 87' lang='lat' dir='ltr'>et</span> <span class='ocrx_word' id='word_1_136' title='bbox 1003 1494 1072 1537; x_wconf 82' lang='lat' dir='ltr'>qui-</span> 
     </span>
     <span class='ocr_line' id='line_1_27' title="bbox 338 1546 1072 1590; baseline -0.005 -8"><span class='ocrx_word' id='word_1_137' title='bbox 338 1549 445 1582; x_wconf 88' lang='lat' dir='ltr'>busvis</span> <span class='ocrx_word' id='word_1_138' title='bbox 469 1548 540 1581; x_wconf 86' lang='lat' dir='ltr'>aliis</span> <span class='ocrx_word' id='word_1_139' title='bbox 564 1547 714 1590; x_wconf 83' lang='lat' dir='ltr'>personis</span> <span class='ocrx_word' id='word_1_140' title='bbox 741 1552 772 1579; x_wconf 88' lang='lat' dir='ltr'>et</span> <span class='ocrx_word' id='word_1_141' title='bbox 795 1546 894 1588; x_wconf 55' lang='lat' dir='ltr'>locis„</span> <span class='ocrx_word' id='word_1_142' title='bbox 920 1547 977 1579; x_wconf 90' lang='lat' dir='ltr'>sub</span> <span class='ocrx_word' id='word_1_143' title='bbox 1003 1546 1072 1589; x_wconf 89' lang='lat' dir='ltr'>qui-</span> 
     </span>
     <span class='ocr_line' id='line_1_28' title="bbox 337 1599 1071 1644; baseline -0.007 -9"><span class='ocrx_word' id='word_1_144' title='bbox 337 1602 535 1644; x_wconf 85' lang='lat' dir='ltr'>buscumque</span> <span class='ocrx_word' id='word_1_145' title='bbox 560 1600 732 1632; x_wconf 89' lang='lat' dir='ltr'>verborum</span> <span class='ocrx_word' id='word_1_146' title='bbox 757 1599 926 1631; x_wconf 86' lang='lat' dir='ltr'>tenoribus</span> <span class='ocrx_word' id='word_1_147' title='bbox 951 1605 983 1631; x_wconf 85' lang='lat' dir='ltr'>ct</span> <span class='ocrx_word' id='word_1_148' title='bbox 1009 1600 1071 1631; x_wconf 87' lang='lat' dir='ltr'>l&#39;or-</span> 
     </span>
     <span class='ocr_line' id='line_1_29' title="bbox 336 1651 1072 1696; baseline -0.004 -9"><span class='ocrx_word' id='word_1_149' title='bbox 336 1655 409 1695; x_wconf 89' lang='lat' dir='ltr'>mis,</span> <span class='ocrx_word' id='word_1_150' title='bbox 435 1665 470 1686; x_wconf 88' lang='lat' dir='ltr'>ac</span> <span class='ocrx_word' id='word_1_151' title='bbox 494 1664 567 1686; x_wconf 86' lang='lat' dir='ltr'>eum</span> <span class='ocrx_word' id='word_1_152' title='bbox 588 1652 753 1696; x_wconf 82' lang='lat' dir='ltr'>quibusvis</span> <span class='ocrx_word' id='word_1_153' title='bbox 779 1651 875 1684; x_wconf 87' lang='lat' dir='ltr'>etiam</span> <span class='ocrx_word' id='word_1_154' title='bbox 901 1652 1072 1694; x_wconf 82' lang='lat' dir='ltr'>derogato-</span> 
     </span>
     <span class='ocr_line' id='line_1_30' title="bbox 338 1704 1072 1747; baseline -0.004 -8"><span class='ocrx_word' id='word_1_155' title='bbox 338 1707 459 1739; x_wconf 80' lang='lat' dir='ltr'>riarum</span> <span class='ocrx_word' id='word_1_156' title='bbox 483 1705 711 1747; x_wconf 80' lang='lat' dir='ltr'>derogatoriis,</span> <span class='ocrx_word' id='word_1_157' title='bbox 744 1704 882 1747; x_wconf 85' lang='lat' dir='ltr'>aliisque</span> <span class='ocrx_word' id='word_1_158' title='bbox 915 1704 1072 1737; x_wconf 82' lang='lat' dir='ltr'>efficacio-</span> 
     </span>
     <span class='ocr_line' id='line_1_31' title="bbox 338 1756 1072 1799; baseline -0.003 -7"><span class='ocrx_word' id='word_1_159' title='bbox 338 1759 437 1799; x_wconf 86' lang='lat' dir='ltr'>ribus,</span> <span class='ocrx_word' id='word_1_160' title='bbox 455 1757 683 1791; x_wconf 82' lang='lat' dir='ltr'>efficacissimis</span> <span class='ocrx_word' id='word_1_161' title='bbox 702 1762 733 1789; x_wconf 90' lang='lat' dir='ltr'>et</span> <span class='ocrx_word' id='word_1_162' title='bbox 749 1756 890 1789; x_wconf 83' lang='lat' dir='ltr'>insolitis</span> <span class='ocrx_word' id='word_1_163' title='bbox 911 1757 1072 1797; x_wconf 74' lang='lat' dir='ltr'>clausulis,</span> 
     </span>
     <span class='ocr_line' id='line_1_32' title="bbox 338 1810 1073 1854; baseline -0.001 -10"><span class='ocrx_word' id='word_1_164' title='bbox 338 1812 603 1854; x_wconf 84' lang='lat' dir='ltr'>irritantibusque</span> <span class='ocrx_word' id='word_1_165' title='bbox 629 1816 661 1842; x_wconf 88' lang='lat' dir='ltr'>et</span> <span class='ocrx_word' id='word_1_166' title='bbox 685 1810 755 1843; x_wconf 88' lang='lat' dir='ltr'>aliis</span> <span class='ocrx_word' id='word_1_167' title='bbox 781 1811 928 1850; x_wconf 73' lang='lat' dir='ltr'>decretis,</span> <span class='ocrx_word' id='word_1_168' title='bbox 961 1810 994 1842; x_wconf 89' lang='lat' dir='ltr'>in</span> <span class='ocrx_word' id='word_1_169' title='bbox 1019 1821 1073 1853; x_wconf 81' lang='lat' dir='ltr'>ge-</span> 
     </span>
     <span class='ocr_line' id='line_1_33' title="bbox 338 1863 1071 1906; baseline -0.003 -9"><span class='ocrx_word' id='word_1_170' title='bbox 338 1875 417 1897; x_wconf 86' lang='lat' dir='ltr'>nere</span> <span class='ocrx_word' id='word_1_171' title='bbox 442 1865 491 1896; x_wconf 89' lang='lat' dir='ltr'>vel</span> <span class='ocrx_word' id='word_1_172' title='bbox 516 1863 634 1906; x_wconf 86' lang='lat' dir='ltr'>specie,</span> <span class='ocrx_word' id='word_1_173' title='bbox 660 1863 756 1896; x_wconf 82' lang='lat' dir='ltr'>etiarn</span> <span class='ocrx_word' id='word_1_174' title='bbox 774 1868 872 1902; x_wconf 87' lang='lat' dir='ltr'>motu,</span> <span class='ocrx_word' id='word_1_175' title='bbox 890 1863 1021 1895; x_wconf 77' lang='lat' dir='ltr'>scicntia</span> <span class='ocrx_word' id='word_1_176' title='bbox 1042 1869 1071 1896; x_wconf 88' lang='lat' dir='ltr'>et</span> 
     </span>
     <span class='ocr_line' id='line_1_34' title="bbox 338 1915 1074 1960; baseline -0.003 -11"><span class='ocrx_word' id='word_1_177' title='bbox 338 1916 507 1960; x_wconf 83' lang='lat' dir='ltr'>potestatis</span> <span class='ocrx_word' id='word_1_178' title='bbox 531 1915 734 1958; x_wconf 85' lang='lat' dir='ltr'>plenitudine</span> <span class='ocrx_word' id='word_1_179' title='bbox 774 1915 914 1958; x_wconf 85' lang='lat' dir='ltr'>paribus,</span> <span class='ocrx_word' id='word_1_180' title='bbox 941 1926 976 1947; x_wconf 89' lang='lat' dir='ltr'>ac</span> <span class='ocrx_word' id='word_1_181' title='bbox 1000 1926 1074 1948; x_wconf 88' lang='lat' dir='ltr'>cou-</span> 
     </span>
     <span class='ocr_line' id='line_1_35' title="bbox 338 1967 1073 2010; baseline -0.003 -8"><span class='ocrx_word' id='word_1_182' title='bbox 338 1968 596 2007; x_wconf 85' lang='lat' dir='ltr'>sistorialialiter‚</span> <span class='ocrx_word' id='word_1_183' title='bbox 611 1972 643 2000; x_wconf 87' lang='lat' dir='ltr'>et</span> <span class='ocrx_word' id='word_1_184' title='bbox 666 1967 743 2000; x_wconf 73' lang='lat' dir='ltr'>alias</span> <span class='ocrx_word' id='word_1_185' title='bbox 771 1968 1018 2010; x_wconf 81' lang='lat' dir='ltr'>quomodolibet</span> <span class='ocrx_word' id='word_1_186' title='bbox 1041 1968 1073 2000; x_wconf 90' lang='lat' dir='ltr'>in</span> 
     </span>
     <span class='ocr_line' id='line_1_36' title="bbox 339 2020 1074 2064; baseline -0.004 -8"><span class='ocrx_word' id='word_1_187' title='bbox 339 2022 539 2056; x_wconf 86' lang='lat' dir='ltr'>contrarium</span> <span class='ocrx_word' id='word_1_188' title='bbox 548 2020 805 2064; x_wconf 85' lang='lat' dir='ltr'>praemissorum</span> <span class='ocrx_word' id='word_1_189' title='bbox 816 2021 989 2061; x_wconf 80' lang='lat' dir='ltr'>concessis,</span> <span class='ocrx_word' id='word_1_190' title='bbox 1003 2032 1074 2054; x_wconf 86' lang='lat' dir='ltr'>con-</span> 
     </span>
     <span class='ocr_line' id='line_1_37' title="bbox 339 2073 1075 2113; baseline -0.001 -6"><span class='ocrx_word' id='word_1_191' title='bbox 339 2074 474 2107; x_wconf 84' lang='lat' dir='ltr'>firmatis</span> <span class='ocrx_word' id='word_1_192' title='bbox 512 2078 544 2106; x_wconf 87' lang='lat' dir='ltr'>et</span> <span class='ocrx_word' id='word_1_193' title='bbox 567 2073 749 2113; x_wconf 87' lang='lat' dir='ltr'>innovatis,</span> <span class='ocrx_word' id='word_1_194' title='bbox 785 2084 821 2105; x_wconf 86' lang='lat' dir='ltr'>ae</span> <span class='ocrx_word' id='word_1_195' title='bbox 855 2073 1004 2106; x_wconf 88' lang='lat' dir='ltr'>omnibus</span> <span class='ocrx_word' id='word_1_196' title='bbox 1044 2079 1075 2106; x_wconf 89' lang='lat' dir='ltr'>et</span> 
     </span>
     <span class='ocr_line' id='line_1_38' title="bbox 341 2125 1073 2169; baseline -0.001 -9"><span class='ocrx_word' id='word_1_197' title='bbox 341 2127 477 2169; x_wconf 78' lang='lat' dir='ltr'>singulis</span> <span class='ocrx_word' id='word_1_198' title='bbox 502 2137 583 2169; x_wconf 86' lang='lat' dir='ltr'>quae</span> <span class='ocrx_word' id='word_1_199' title='bbox 614 2126 647 2158; x_wconf 89' lang='lat' dir='ltr'>in</span> <span class='ocrx_word' id='word_1_200' title='bbox 672 2125 778 2169; x_wconf 84' lang='lat' dir='ltr'>quinis</span> <span class='ocrx_word' id='word_1_201' title='bbox 811 2125 928 2158; x_wconf 87' lang='lat' dir='ltr'>nostris</span> <span class='ocrx_word' id='word_1_202' title='bbox 959 2126 1073 2159; x_wconf 88' lang='lat' dir='ltr'>litteris</span> 
     </span>
     <span class='ocr_line' id='line_1_39' title="bbox 342 2177 1075 2222; baseline 0 -11"><span class='ocrx_word' id='word_1_203' title='bbox 342 2179 532 2222; x_wconf 87' lang='lat' dir='ltr'>supradictis</span> <span class='ocrx_word' id='word_1_204' title='bbox 552 2177 729 2211; x_wconf 75' lang='lat' dir='ltr'>voluimus&#39;</span> <span class='ocrx_word' id='word_1_205' title='bbox 750 2189 815 2211; x_wconf 88' lang='lat' dir='ltr'>non</span> <span class='ocrx_word' id='word_1_206' title='bbox 835 2179 984 2219; x_wconf 76' lang='lat' dir='ltr'>obstare3</span> <span class='ocrx_word' id='word_1_207' title='bbox 1006 2180 1075 2222; x_wconf 87' lang='lat' dir='ltr'>qui-</span> 
     </span>
     <span class='ocr_line' id='line_1_40' title="bbox 342 2232 1073 2275; baseline 0 -11"><span class='ocrx_word' id='word_1_208' title='bbox 342 2233 401 2264; x_wconf 89' lang='lat' dir='ltr'>bus</span> <span class='ocrx_word' id='word_1_209' title='bbox 431 2232 582 2264; x_wconf 87' lang='lat' dir='ltr'>omnibus</span> <span class='ocrx_word' id='word_1_210' title='bbox 615 2237 647 2264; x_wconf 84' lang='lat' dir='ltr'>et</span> <span class='ocrx_word' id='word_1_211' title='bbox 679 2232 834 2274; x_wconf 82' lang='lat' dir='ltr'>singulis,</span> <span class='ocrx_word' id='word_1_212' title='bbox 865 2232 989 2264; x_wconf 87' lang='lat' dir='ltr'>etiamsi</span> <span class='ocrx_word' id='word_1_213' title='bbox 1014 2243 1073 2275; x_wconf 87' lang='lat' dir='ltr'>pro</span> 
     </span>
     <span class='ocr_line' id='line_1_41' title="bbox 344 2283 1073 2327; baseline 0.003 -11"><span class='ocrx_word' id='word_1_214' title='bbox 344 2284 475 2317; x_wconf 89' lang='lat' dir='ltr'>illorum</span> <span class='ocrx_word' id='word_1_215' title='bbox 499 2283 668 2317; x_wconf 84' lang='lat' dir='ltr'>sufficienti</span> <span class='ocrx_word' id='word_1_216' title='bbox 693 2283 901 2327; x_wconf 79' lang='lat' dir='ltr'>derogatione</span> <span class='ocrx_word' id='word_1_217' title='bbox 927 2285 966 2316; x_wconf 90' lang='lat' dir='ltr'>de</span> <span class='ocrx_word' id='word_1_218' title='bbox 995 2285 1073 2326; x_wconf 84' lang='lat' dir='ltr'>illis,</span> 
     </span>
     <span class='ocr_line' id='line_1_42' title="bbox 345 2337 1076 2380; baseline 0.001 -10"><span class='ocrx_word' id='word_1_219' title='bbox 345 2346 522 2380; x_wconf 88' lang='lat' dir='ltr'>eorumque</span> <span class='ocrx_word' id='word_1_220' title='bbox 547 2337 621 2370; x_wconf 89' lang='lat' dir='ltr'>totis</span> <span class='ocrx_word' id='word_1_221' title='bbox 646 2337 812 2370; x_wconf 86' lang='lat' dir='ltr'>tenoribus</span> <span class='ocrx_word' id='word_1_222' title='bbox 839 2337 985 2380; x_wconf 86' lang='lat' dir='ltr'>specialis</span> <span class='ocrx_word' id='word_1_223' title='bbox 1009 2349 1076 2380; x_wconf 87' lang='lat' dir='ltr'>spc-</span> 
     </span>
     <span class='ocr_line' id='line_1_43' title="bbox 345 2389 1074 2433; baseline 0 -10"><span class='ocrx_word' id='word_1_224' title='bbox 345 2389 447 2431; x_wconf 84' lang='lat' dir='ltr'>cifica,</span> <span class='ocrx_word' id='word_1_225' title='bbox 464 2399 614 2433; x_wconf 83' lang='lat' dir='ltr'>expressa</span> <span class='ocrx_word' id='word_1_226' title='bbox 629 2394 660 2422; x_wconf 86' lang='lat' dir='ltr'>et</span> <span class='ocrx_word' id='word_1_227' title='bbox 672 2389 847 2430; x_wconf 87' lang='lat' dir='ltr'>individua,</span> <span class='ocrx_word' id='word_1_228' title='bbox 867 2401 902 2423; x_wconf 82' lang='lat' dir='ltr'>ac</span> <span class='ocrx_word' id='word_1_229' title='bbox 921 2391 959 2423; x_wconf 90' lang='lat' dir='ltr'>de</span> <span class='ocrx_word' id='word_1_230' title='bbox 977 2391 1074 2424; x_wconf 85' lang='lat' dir='ltr'>verbo</span> 
     </span>
     <span class='ocr_line' id='line_1_44' title="bbox 346 2442 1076 2486; baseline 0 -10"><span class='ocrx_word' id='word_1_231' title='bbox 346 2443 385 2476; x_wconf 84' lang='lat' dir='ltr'>ad</span> <span class='ocrx_word' id='word_1_232' title='bbox 408 2442 548 2483; x_wconf 86' lang='lat' dir='ltr'>verbum,</span> <span class='ocrx_word' id='word_1_233' title='bbox 584 2452 650 2475; x_wconf 89' lang='lat' dir='ltr'>non</span> <span class='ocrx_word' id='word_1_234' title='bbox 685 2448 791 2475; x_wconf 85' lang='lat' dir='ltr'>autem</span> <span class='ocrx_word' id='word_1_235' title='bbox 824 2453 883 2486; x_wconf 89' lang='lat' dir='ltr'>per</span> <span class='ocrx_word' id='word_1_236' title='bbox 918 2444 1076 2481; x_wconf 81' lang='lat' dir='ltr'>clausulas</span> 
     </span>
     <span class='ocr_line' id='line_1_45' title="bbox 346 2495 1077 2539; baseline 0.001 -10"><span class='ocrx_word' id='word_1_237' title='bbox 346 2496 513 2539; x_wconf 81' lang='lat' dir='ltr'>generales</span> <span class='ocrx_word' id='word_1_238' title='bbox 530 2495 616 2528; x_wconf 87' lang='lat' dir='ltr'>idem</span> <span class='ocrx_word' id='word_1_239' title='bbox 639 2496 862 2538; x_wconf 88' lang='lat' dir='ltr'>importantes,</span> <span class='ocrx_word' id='word_1_240' title='bbox 879 2496 1000 2530; x_wconf 86' lang='lat' dir='ltr'>mentio</span> <span class='ocrx_word' id='word_1_241' title='bbox 1021 2507 1077 2530; x_wconf 89' lang='lat' dir='ltr'>seu</span> 
     </span>
    </p>
   </div>
   <div class='ocr_carea' id='block_1_4' title="bbox 383 2609 940 2645">
    <p class='ocr_par' dir='ltr' id='par_1_5' title="bbox 383 2609 940 2645">
     <span class='ocr_line' id='line_1_46' title="bbox 383 2609 940 2645; baseline 0.002 -8"><span class='ocrx_word' id='word_1_242' title='bbox 383 2611 395 2640; x_wconf 91' lang='lat'><strong>1</strong></span> <span class='ocrx_word' id='word_1_243' title='bbox 417 2609 486 2637; x_wconf 89' lang='lat' dir='ltr'>Edit.</span> <span class='ocrx_word' id='word_1_244' title='bbox 507 2609 586 2637; x_wconf 83' lang='lat' dir='ltr'>Main.</span> <span class='ocrx_word' id='word_1_245' title='bbox 607 2609 672 2644; x_wconf 84' lang='lat' dir='ltr'>legit</span> <span class='ocrx_word' id='word_1_246' title='bbox 690 2610 821 2637; x_wconf 75' lang='lat' dir='ltr'>volumus</span> <span class='ocrx_word' id='word_1_247' title='bbox 839 2610 877 2644; x_wconf 77' lang='lat' dir='ltr'>(R.</span> <span class='ocrx_word' id='word_1_248' title='bbox 889 2610 940 2645; x_wconf 79' lang='lat' dir='ltr'><strong>T.).</strong></span> 
     </span>
    </p>
   </div>
   <div class='ocr_carea' id='block_1_5' title="bbox 958 231 1213 256">
    <p class='ocr_par' dir='ltr' id='par_1_6' title="bbox 958 231 1213 256">
     <span class='ocr_line' id='line_1_47' title="bbox 958 231 1213 256; baseline -0.004 -2"><span class='ocrx_word' id='word_1_249' title='bbox 958 231 1099 256; x_wconf 67' lang='lat' dir='ltr'>CLEMENS</span> <span class='ocrx_word' id='word_1_250' title='bbox 1125 233 1139 254; x_wconf 71' lang='lat' dir='ltr'>X</span> <span class='ocrx_word' id='word_1_251' title='bbox 1166 232 1213 254; x_wconf 57' lang='lat'>[¹1³.</span> 
     </span>
    </p>
   </div>
   <div class='ocr_carea' id='block_1_6' title="bbox 1087 878 1098 1913">
    <p class='ocr_par' dir='ltr' id='par_1_7' title="bbox 1087 878 1098 1913">
     <span class='ocr_line' id='line_1_48' title="bbox 1087 878 1098 1913; baseline 0 0"><span class='ocrx_word' id='word_1_252' title='bbox 1087 878 1098 1913; x_wconf 95' lang='lat' dir='ltr'> </span> 
     </span>
    </p>
   </div>
   <div class='ocr_carea' id='block_1_7' title="bbox 1735 218 1798 250">
    <p class='ocr_par' dir='ltr' id='par_1_8' title="bbox 1735 218 1798 250">
     <span class='ocr_line' id='line_1_49' title="bbox 1735 218 1798 250; baseline -0.032 -1"><span class='ocrx_word' id='word_1_253' title='bbox 1735 218 1798 250; x_wconf 50' lang='lat'>5:⁷35</span> 
     </span>
    </p>
   </div>
   <div class='ocr_carea' id='block_1_8' title="bbox 1107 276 1839 529">
    <p class='ocr_par' dir='ltr' id='par_1_9' title="bbox 1107 276 1839 529">
     <span class='ocr_line' id='line_1_50' title="bbox 1107 276 1837 321; baseline -0.007 -11"><span class='ocrx_word' id='word_1_254' title='bbox 1107 279 1235 321; x_wconf 71' lang='lat' dir='ltr'>quaevis</span> <span class='ocrx_word' id='word_1_255' title='bbox 1273 278 1334 310; x_wconf 83' lang='lat' dir='ltr'>alia</span> <span class='ocrx_word' id='word_1_256' title='bbox 1375 279 1539 320; x_wconf 63' lang='lat' dir='ltr'>expressio</span> <span class='ocrx_word' id='word_1_257' title='bbox 1580 283 1631 309; x_wconf 82' lang='lat' dir='ltr'>:uit</span> <span class='ocrx_word' id='word_1_258' title='bbox 1674 276 1837 319; x_wconf 72' lang='lat' dir='ltr'>qiiaelibct</span> 
     </span>
     <span class='ocr_line' id='line_1_51' title="bbox 1107 329 1837 374; baseline -0.004 -11"><span class='ocrx_word' id='word_1_259' title='bbox 1107 331 1165 364; x_wconf 79' lang='lat' dir='ltr'>alia</span> <span class='ocrx_word' id='word_1_260' title='bbox 1191 331 1349 374; x_wconf 78' lang='lat' dir='ltr'>exquisita</span> <span class='ocrx_word' id='word_1_261' title='bbox 1382 329 1482 363; x_wconf 71' lang='lat' dir='ltr'>l‘oriua</span> <span class='ocrx_word' id='word_1_262' title='bbox 1515 331 1552 362; x_wconf 84' lang='lat' dir='ltr'>ad</span> <span class='ocrx_word' id='word_1_263' title='bbox 1587 331 1647 361; x_wconf 78' lang='lat' dir='ltr'>lioc</span> <span class='ocrx_word' id='word_1_264' title='bbox 1682 329 1837 360; x_wconf 52' lang='lat' dir='ltr'>servanda</span> 
     </span>
     <span class='ocr_line' id='line_1_52' title="bbox 1109 381 1837 424; baseline -0.007 -8"><span class='ocrx_word' id='word_1_265' title='bbox 1109 385 1201 423; x_wconf 73' lang='lat' dir='ltr'>soret,</span> <span class='ocrx_word' id='word_1_266' title='bbox 1237 389 1365 417; x_wconf 78' lang='lat' dir='ltr'>tenores</span> <span class='ocrx_word' id='word_1_267' title='bbox 1399 383 1580 415; x_wconf 78' lang='lat' dir='ltr'>huiusmodi</span> <span class='ocrx_word' id='word_1_268' title='bbox 1615 381 1837 424; x_wconf 55' lang='lat' dir='ltr'>praesentibus</span> 
     </span>
     <span class='ocr_line' id='line_1_53' title="bbox 1109 433 1839 480; baseline -0.007 -11"><span class='ocrx_word' id='word_1_269' title='bbox 1109 448 1166 480; x_wconf 82' lang='lat' dir='ltr'>pro</span> <span class='ocrx_word' id='word_1_270' title='bbox 1185 439 1279 480; x_wconf 74' lang='lat' dir='ltr'>plene</span> <span class='ocrx_word' id='word_1_271' title='bbox 1297 443 1329 469; x_wconf 83' lang='lat' dir='ltr'>et</span> <span class='ocrx_word' id='word_1_272' title='bbox 1344 437 1539 469; x_wconf 80' lang='lat' dir='ltr'>sufficienter</span> <span class='ocrx_word' id='word_1_273' title='bbox 1557 435 1717 477; x_wconf 70' lang='lat' dir='ltr'>expressis</span> <span class='ocrx_word' id='word_1_274' title='bbox 1735 446 1770 465; x_wconf 86' lang='lat' dir='ltr'>ac</span> <span class='ocrx_word' id='word_1_275' title='bbox 1791 433 1839 465; x_wconf 79' lang='lat' dir='ltr'>in—</span> 
     </span>
     <span class='ocr_line' id='line_1_54' title="bbox 1108 486 1839 529; baseline -0.003 -8"><span class='ocrx_word' id='word_1_276' title='bbox 1108 490 1201 523; x_wconf 84' lang='lat' dir='ltr'>sertis</span> <span class='ocrx_word' id='word_1_277' title='bbox 1228 490 1394 529; x_wconf 49' lang='lat' dir='ltr'>habentes</span> <span class='ocrx_word' id='word_1_278' title='bbox 1413 488 1475 522; x_wconf 82' lang='lat' dir='ltr'>illis</span> <span class='ocrx_word' id='word_1_279' title='bbox 1492 488 1569 521; x_wconf 68' lang='lat' dir='ltr'>alia&gt;¹</span> <span class='ocrx_word' id='word_1_280' title='bbox 1597 488 1626 519; x_wconf 88' lang='lat' dir='ltr'>iu</span> <span class='ocrx_word' id='word_1_281' title='bbox 1648 498 1705 519; x_wconf 80' lang='lat' dir='ltr'>suo</span> <span class='ocrx_word' id='word_1_282' title='bbox 1723 486 1839 519; x_wconf 75' lang='lat' dir='ltr'>robore</span> 
     </span>
    </p>
   </div>
   <div class='ocr_carea' id='block_1_9' title="bbox 1100 533 1838 585">
    <p class='ocr_par' dir='ltr' id='par_1_10' title="bbox 1100 533 1838 585">
     <span class='ocr_line' id='line_1_55' title="bbox 1100 533 1838 585; baseline -0.007 -10"><span class='ocrx_word' id='word_1_283' title='bbox 1100 533 1336 585; x_wconf 64' lang='lat' dir='ltr'>&#39;pet-mansuris,</span> <span class='ocrx_word' id='word_1_284' title='bbox 1350 543 1387 575; x_wconf 85' lang='lat' dir='ltr'>ad</span> <span class='ocrx_word' id='word_1_285' title='bbox 1415 541 1658 585; x_wconf 80' lang='lat' dir='ltr'>praemissorum</span> <span class='ocrx_word' id='word_1_286' title='bbox 1680 539 1838 578; x_wconf 78' lang='lat' dir='ltr'>ctl&#39;cetum,</span> 
     </span>
    </p>
   </div>
   <div class='ocr_carea' id='block_1_10' title="bbox 1109 593 1847 1163">
    <p class='ocr_par' dir='ltr' id='par_1_11' title="bbox 1109 593 1842 744">
     <span class='ocr_line' id='line_1_56' title="bbox 1111 593 1840 637; baseline -0.01 -9"><span class='ocrx_word' id='word_1_287' title='bbox 1111 597 1169 628; x_wconf 79' lang='lat' dir='ltr'>liae</span> <span class='ocrx_word' id='word_1_288' title='bbox 1183 597 1249 628; x_wconf 75' lang='lat' dir='ltr'>vire</span> <span class='ocrx_word' id='word_1_289' title='bbox 1264 596 1435 634; x_wconf 81' lang='lat' dir='ltr'>dumtaxat,</span> <span class='ocrx_word' id='word_1_290' title='bbox 1450 593 1633 637; x_wconf 66' lang='lat' dir='ltr'>specialiter</span> <span class='ocrx_word' id='word_1_291' title='bbox 1647 598 1678 625; x_wconf 86' lang='lat' dir='ltr'>et</span> <span class='ocrx_word' id='word_1_292' title='bbox 1690 602 1840 634; x_wconf 68' lang='lat' dir='ltr'>expresse</span> 
     </span>
     <span class='ocr_line' id='line_1_57' title="bbox 1109 644 1842 689; baseline -0.007 -9"><span class='ocrx_word' id='word_1_293' title='bbox 1109 649 1322 689; x_wconf 45' lang='lat' dir='ltr'>derogamus,</span> <span class='ocrx_word' id='word_1_294' title='bbox 1361 647 1541 689; x_wconf 75' lang='lat' dir='ltr'>celerisque</span> <span class='ocrx_word' id='word_1_295' title='bbox 1576 645 1748 678; x_wconf 67' lang='lat' dir='ltr'>vomu-ariis</span> <span class='ocrx_word' id='word_1_296' title='bbox 1773 644 1842 687; x_wconf 76' lang='lat' dir='ltr'>qui-</span> 
     </span>
     <span class='ocr_line' id='line_1_58' title="bbox 1110 703 1318 744; baseline 0 -11"><span class='ocrx_word' id='word_1_297' title='bbox 1110 703 1318 744; x_wconf 80' lang='lat' dir='ltr'>buscuuique.</span> 
     </span>
    </p>

    <p class='ocr_par' dir='ltr' id='par_1_12' title="bbox 1109 748 1844 943">
     <span class='ocr_line' id='line_1_59' title="bbox 1152 748 1843 793; baseline -0.007 -9"><span class='ocrx_word' id='word_1_298' title='bbox 1152 753 1265 784; x_wconf 82' lang='lat' dir='ltr'>Datum</span> <span class='ocrx_word' id='word_1_299' title='bbox 1300 752 1431 790; x_wconf 63' lang='lat' dir='ltr'>Romae,</span> <span class='ocrx_word' id='word_1_300' title='bbox 1460 751 1544 793; x_wconf 81' lang='lat' dir='ltr'>apud</span> <span class='ocrx_word' id='word_1_301' title='bbox 1572 751 1601 782; x_wconf 73' lang='lat' dir='ltr'>S.</span> <span class='ocrx_word' id='word_1_302' title='bbox 1626 749 1755 781; x_wconf 78' lang='lat' dir='ltr'>Mariani</span> <span class='ocrx_word' id='word_1_303' title='bbox 1781 748 1843 780; x_wconf 81' lang='lat' dir='ltr'>Ma-</span> 
     </span>
     <span class='ocr_line' id='line_1_60' title="bbox 1109 802 1843 845; baseline -0.004 -7"><span class='ocrx_word' id='word_1_304' title='bbox 1109 806 1231 845; x_wconf 77' lang='lat' dir='ltr'>iorem,</span> <span class='ocrx_word' id='word_1_305' title='bbox 1260 805 1320 837; x_wconf 80' lang='lat' dir='ltr'>sub</span> <span class='ocrx_word' id='word_1_306' title='bbox 1353 805 1473 836; x_wconf 83' lang='lat' dir='ltr'>annulo</span> <span class='ocrx_word' id='word_1_307' title='bbox 1499 803 1690 843; x_wconf 67' lang='lat' dir='ltr'>Piscatoris,</span> <span class='ocrx_word' id='word_1_308' title='bbox 1725 802 1775 834; x_wconf 70' lang='lat' dir='ltr'>dio</span> <span class='ocrx_word' id='word_1_309' title='bbox 1801 812 1843 834; x_wconf 87' lang='grc' dir='ltr'>νιι</span> 
     </span>
     <span class='ocr_line' id='line_1_61' title="bbox 1111 854 1844 899; baseline -0.008 -8"><span class='ocrx_word' id='word_1_310' title='bbox 1111 858 1262 891; x_wconf 79' lang='lat' dir='ltr'>februarii</span> <span class='ocrx_word' id='word_1_311' title='bbox 1301 867 1461 897; x_wconf 73' lang='lat' dir='ltr'>ubeLxxv,</span> <span class='ocrx_word' id='word_1_312' title='bbox 1506 856 1711 899; x_wconf 70' lang='lat' dir='ltr'>pontificatus</span> <span class='ocrx_word' id='word_1_313' title='bbox 1745 854 1844 887; x_wconf 82' lang='lat' dir='ltr'>nostri</span> 
     </span>
     <span class='ocr_line' id='line_1_62' title="bbox 1111 921 1256 943; baseline -0.007 0"><span class='ocrx_word' id='word_1_314' title='bbox 1111 922 1196 943; x_wconf 84' lang='lat' dir='ltr'>anno</span> <span class='ocrx_word' id='word_1_315' title='bbox 1228 921 1256 943; x_wconf 89' lang='lat' dir='ltr'>v.</span> 
     </span>
    </p>

    <p class='ocr_par' dir='ltr' id='par_1_13' title="bbox 1546 961 1798 994">
     <span class='ocr_line' id='line_1_63' title="bbox 1546 961 1798 994; baseline -0.004 -1"><span class='ocrx_word' id='word_1_316' title='bbox 1546 961 1568 993; x_wconf 83' lang='lat' dir='ltr'>l.</span> <span class='ocrx_word' id='word_1_317' title='bbox 1597 961 1632 993; x_wconf 76' lang='lat' dir='ltr'>G.</span> <span class='ocrx_word' id='word_1_318' title='bbox 1660 962 1798 994; x_wconf 69' lang='lat' dir='ltr'>Stusws.</span> 
     </span>
    </p>

    <p class='ocr_par' dir='ltr' id='par_1_14' title="bbox 1148 1022 1792 1057">
     <span class='ocr_line' id='line_1_64' title="bbox 1148 1022 1792 1057; baseline -0.005 -7"><span class='ocrx_word' id='word_1_319' title='bbox 1148 1024 1205 1050; x_wconf 80' lang='lat' dir='ltr'>Dat.</span> <span class='ocrx_word' id='word_1_320' title='bbox 1223 1023 1265 1050; x_wconf 93' lang='lat' dir='ltr'>die</span> <span class='ocrx_word' id='word_1_321' title='bbox 1283 1024 1296 1049; x_wconf 81' lang='lat'><em>7</em></span> <span class='ocrx_word' id='word_1_322' title='bbox 1311 1023 1442 1050; x_wconf 79' lang='lat' dir='ltr'>februarii</span> <span class='ocrx_word' id='word_1_323' title='bbox 1464 1023 1541 1057; x_wconf 84' lang='lat'>1675,</span> <span class='ocrx_word' id='word_1_324' title='bbox 1563 1022 1659 1057; x_wconf 83' lang='lat' dir='ltr'>poutif.</span> <span class='ocrx_word' id='word_1_325' title='bbox 1679 1030 1751 1049; x_wconf 88' lang='lat' dir='ltr'>anuo</span> <span class='ocrx_word' id='word_1_326' title='bbox 1769 1029 1792 1047; x_wconf 89' lang='lat' dir='ltr'>v.</span> 
     </span>
    </p>

    <p class='ocr_par' dir='ltr' id='par_1_15' title="bbox 1114 1084 1847 1163">
     <span class='ocr_line' id='line_1_65' title="bbox 1148 1084 1847 1119; baseline -0.003 -7"><span class='ocrx_word' id='word_1_327' title='bbox 1148 1085 1311 1119; x_wconf 65' lang='lat' dir='ltr'>Reyt&#39;scrata</span> <span class='ocrx_word' id='word_1_328' title='bbox 1326 1085 1358 1111; x_wconf 75' lang='lat' dir='ltr'>in</span> <span class='ocrx_word' id='word_1_329' title='bbox 1374 1085 1536 1112; x_wconf 63' lang='lat' dir='ltr'>Secretaria</span> <span class='ocrx_word' id='word_1_330' title='bbox 1560 1085 1706 1117; x_wconf 73' lang='lat' dir='ltr'>Brevium,</span> <span class='ocrx_word' id='word_1_331' title='bbox 1724 1084 1754 1110; x_wconf 78' lang='lat' dir='ltr'>iu.</span> <span class='ocrx_word' id='word_1_332' title='bbox 1774 1084 1847 1111; x_wconf 65' lang='lat' dir='ltr'>libro</span> 
     </span>
     <span class='ocr_line' id='line_1_66' title="bbox 1114 1128 1636 1163; baseline -0.004 -7"><span class='ocrx_word' id='word_1_333' title='bbox 1114 1128 1219 1156; x_wconf 74' lang='lat' dir='ltr'>mensis</span> <span class='ocrx_word' id='word_1_334' title='bbox 1237 1128 1393 1163; x_wconf 68' lang='lat' dir='ltr'>februarii,</span> <span class='ocrx_word' id='word_1_335' title='bbox 1411 1134 1487 1161; x_wconf 79' lang='lat' dir='ltr'>p.11,</span> <span class='ocrx_word' id='word_1_336' title='bbox 1507 1128 1558 1162; x_wconf 77' lang='lat' dir='ltr'>fol.</span> <span class='ocrx_word' id='word_1_337' title='bbox 1578 1128 1636 1154; x_wconf 71' lang='lat'><strong>167.</strong></span> 
     </span>
    </p>
   </div>
   <div class='ocr_carea' id='block_1_11' title="bbox 1413 1269 1551 1302">
    <p class='ocr_par' dir='ltr' id='par_1_16' title="bbox 1413 1269 1551 1302">
     <span class='ocr_line' id='line_1_67' title="bbox 1413 1269 1551 1302; baseline -0.007 0"><span class='ocrx_word' id='word_1_338' title='bbox 1413 1269 1551 1302; x_wconf 76' lang='lat' dir='ltr'>CLXXV.</span> 
     </span>
    </p>
   </div>
   <div class='ocr_carea' id='block_1_12' title="bbox 1113 1349 1853 2068">
    <p class='ocr_par' dir='ltr' id='par_1_17' title="bbox 1113 1349 1853 2068">
     <span class='ocr_line' id='line_1_68' title="bbox 1113 1349 1851 1393; baseline 0.004 -14"><span class='ocrx_word' id='word_1_339' title='bbox 1113 1351 1137 1384; x_wconf 84' lang='lat' dir='ltr'><em>A</em></span> <span class='ocrx_word' id='word_1_340' title='bbox 1144 1349 1314 1393; x_wconf 73' lang='lat' dir='ltr'>pprohalio</span> <span class='ocrx_word' id='word_1_341' title='bbox 1338 1353 1366 1381; x_wconf 76' lang='lat' dir='ltr'>ct</span> <span class='ocrx_word' id='word_1_342' title='bbox 1391 1349 1593 1390; x_wconf 74' lang='lat' dir='ltr'>confirmatio</span> <span class='ocrx_word' id='word_1_343' title='bbox 1616 1349 1851 1391; x_wconf 71' lang='lat' dir='ltr'>fmzdtzlinnmn</span> 
     </span>
     <span class='ocr_line' id='line_1_69' title="bbox 1158 1402 1851 1443; baseline -0.004 -7"><span class='ocrx_word' id='word_1_344' title='bbox 1158 1408 1185 1436; x_wconf 77' lang='lat' dir='ltr'>et</span> <span class='ocrx_word' id='word_1_345' title='bbox 1211 1404 1405 1435; x_wconf 57' lang='lat' dir='ltr'>evectionum</span> <span class='ocrx_word' id='word_1_346' title='bbox 1430 1402 1532 1434; x_wconf 69' lang='lat' dir='ltr'>decem</span> <span class='ocrx_word' id='word_1_347' title='bbox 1552 1406 1765 1434; x_wconf 70' lang='lat' dir='ltr'>conventuum</span> <span class='ocrx_word' id='word_1_348' title='bbox 1782 1404 1851 1443; x_wconf 78' lang='lat' dir='ltr'>sra-</span> 
     </span>
     <span class='ocr_line' id='line_1_70' title="bbox 1159 1454 1851 1488; baseline -0.003 0"><span class='ocrx_word' id='word_1_349' title='bbox 1159 1460 1245 1488; x_wconf 81' lang='lat' dir='ltr'>trum</span> <span class='ocrx_word' id='word_1_350' title='bbox 1270 1455 1545 1487; x_wconf 72' lang='lat' dir='ltr'>Discalceatorum</span> <span class='ocrx_word' id='word_1_351' title='bbox 1573 1454 1707 1487; x_wconf 60' lang='lat' dir='ltr'>Ordinis</span> <span class='ocrx_word' id='word_1_352' title='bbox 1730 1454 1762 1486; x_wconf 90' lang='lat' dir='ltr'>S.</span> <span class='ocrx_word' id='word_1_353' title='bbox 1786 1454 1851 1486; x_wconf 56' lang='lat' dir='ltr'>Au&lt;</span> 
     </span>
     <span class='ocr_line' id='line_1_71' title="bbox 1158 1506 1851 1551; baseline -0.003 -11"><span class='ocrx_word' id='word_1_354' title='bbox 1158 1509 1284 1551; x_wconf 59' lang='lat' dir='ltr'>(sustitit</span> <span class='ocrx_word' id='word_1_355' title='bbox 1309 1508 1344 1539; x_wconf 67' lang='lat' dir='ltr'>rin</span> <span class='ocrx_word' id='word_1_356' title='bbox 1369 1517 1466 1550; x_wconf 73' lang='lat' dir='ltr'>reyno</span> <span class='ocrx_word' id='word_1_357' title='bbox 1500 1507 1737 1549; x_wconf 65' lang='lat' dir='ltr'>Porluyallz&#39;ae,</span> <span class='ocrx_word' id='word_1_358' title='bbox 1762 1510 1790 1538; x_wconf 76' lang='lat' dir='ltr'>et</span> <span class='ocrx_word' id='word_1_359' title='bbox 1815 1506 1851 1538; x_wconf 71' lang='lat' dir='ltr'>ic-</span> 
     </span>
     <span class='ocr_line' id='line_1_72' title="bbox 1159 1559 1851 1601; baseline -0.003 -9"><span class='ocrx_word' id='word_1_360' title='bbox 1159 1562 1262 1593; x_wconf 75' lang='lat' dir='ltr'>lorum</span> <span class='ocrx_word' id='word_1_361' title='bbox 1286 1560 1399 1592; x_wconf 76' lang='lat' dir='ltr'>erectio</span> <span class='ocrx_word' id='word_1_362' title='bbox 1424 1560 1459 1591; x_wconf 71' lang='lat' dir='ltr'>in</span> <span class='ocrx_word' id='word_1_363' title='bbox 1490 1569 1606 1591; x_wconf 72' lang='lat' dir='ltr'>noram</span> <span class='ocrx_word' id='word_1_364' title='bbox 1637 1559 1851 1601; x_wconf 60' lang='lat' dir='ltr'>commessatio-</span> 
     </span>
     <span class='ocr_line' id='line_1_73' title="bbox 1159 1612 1852 1654; baseline -0.003 -9"><span class='ocrx_word' id='word_1_365' title='bbox 1159 1624 1230 1645; x_wconf 77' lang='lat' dir='ltr'>nem</span> <span class='ocrx_word' id='word_1_366' title='bbox 1254 1613 1312 1645; x_wconf 79' lang='lat' dir='ltr'>sub</span> <span class='ocrx_word' id='word_1_367' title='bbox 1348 1612 1443 1644; x_wconf 76' lang='lat' dir='ltr'>titulo</span> <span class='ocrx_word' id='word_1_368' title='bbox 1477 1612 1700 1654; x_wconf 69' lang='lat' dir='ltr'>Concepliouis</span> <span class='ocrx_word' id='word_1_369' title='bbox 1731 1612 1852 1643; x_wconf 77' lang='lat' dir='ltr'>Beatae</span> 
     </span>
     <span class='ocr_line' id='line_1_74' title="bbox 1159 1664 1852 1708; baseline -0.003 -10"><span class='ocrx_word' id='word_1_370' title='bbox 1159 1667 1283 1699; x_wconf 64' lang='lat' dir='ltr'>illariac</span> <span class='ocrx_word' id='word_1_371' title='bbox 1307 1665 1451 1708; x_wconf 73' lang='lat' dir='ltr'>Viryz&#39;nis</span> <span class='ocrx_word' id='word_1_372' title='bbox 1475 1664 1719 1701; x_wconf 52' lang='lat' dir='ltr'>Immaculata&amp;</span> <span class='ocrx_word' id='word_1_373' title='bbox 1746 1674 1852 1707; x_wconf 67' lang='lat' dir='ltr'>royen-</span> 
     </span>
     <span class='ocr_line' id='line_1_75' title="bbox 1158 1718 1853 1761; baseline -0.003 -10"><span class='ocrx_word' id='word_1_374' title='bbox 1158 1720 1234 1752; x_wconf 77' lang='lat' dir='ltr'>(lum</span> <span class='ocrx_word' id='word_1_375' title='bbox 1258 1719 1298 1751; x_wconf 81' lang='lat' dir='ltr'>ab</span> <span class='ocrx_word' id='word_1_376' title='bbox 1322 1729 1386 1751; x_wconf 78' lang='lat' dir='ltr'>mm</span> <span class='ocrx_word' id='word_1_377' title='bbox 1411 1719 1533 1751; x_wconf 71' lang='lat' dir='ltr'>vicario</span> <span class='ocrx_word' id='word_1_378' title='bbox 1550 1718 1696 1761; x_wconf 67' lang='lat' dir='ltr'>yenerali</span> <span class='ocrx_word' id='word_1_379' title='bbox 1724 1718 1762 1750; x_wconf 76' lang='lat' dir='ltr'>cle</span> <span class='ocrx_word' id='word_1_380' title='bbox 1784 1727 1853 1750; x_wconf 68' lang='lat' dir='ltr'>sea)-</span> 
     </span>
     <span class='ocr_line' id='line_1_76' title="bbox 1159 1771 1851 1813; baseline -0.004 -8"><span class='ocrx_word' id='word_1_381' title='bbox 1159 1773 1254 1805; x_wconf 77' lang='lat' dir='ltr'>enm&#39;o</span> <span class='ocrx_word' id='word_1_382' title='bbox 1285 1773 1321 1804; x_wconf 71' lang='lat' dir='ltr'>in</span> <span class='ocrx_word' id='word_1_383' title='bbox 1351 1773 1541 1803; x_wconf 70' lang='lat' dir='ltr'>seoeenm‘nm</span> <span class='ocrx_word' id='word_1_384' title='bbox 1574 1771 1740 1813; x_wconf 67' lang='lat' dir='ltr'>ctiqemlo,</span> <span class='ocrx_word' id='word_1_385' title='bbox 1779 1781 1851 1803; x_wconf 51' lang='lat' dir='ltr'>cum¹</span> 
     </span>
     <span class='ocr_line' id='line_1_77' title="bbox 1160 1824 1849 1866; baseline -0.004 -8"><span class='ocrx_word' id='word_1_386' title='bbox 1160 1825 1450 1858; x_wconf 73' lang='lat' dir='ltr'>commmzz&#39;cau&#39;one</span> <span class='ocrx_word' id='word_1_387' title='bbox 1487 1824 1740 1866; x_wconf 65' lang='lat' dir='ltr'>pririleqiorum</span> <span class='ocrx_word' id='word_1_388' title='bbox 1775 1834 1849 1856; x_wconf 82' lang='lat' dir='ltr'>con-</span> 
     </span>
     <span class='ocr_line' id='line_1_78' title="bbox 1159 1875 1853 1920; baseline -0.003 -11"><span class='ocrx_word' id='word_1_389' title='bbox 1159 1877 1358 1920; x_wconf 68' lang='lat' dir='ltr'>qreslate&#39;onis</span> <span class='ocrx_word' id='word_1_390' title='bbox 1400 1877 1539 1919; x_wconf 76' lang='lat' dir='ltr'>fratrum</span> <span class='ocrx_word' id='word_1_391' title='bbox 1578 1875 1853 1908; x_wconf 72' lang='lat' dir='ltr'>Discalccatorum</span> 
     </span>
     <span class='ocr_line' id='line_1_79' title="bbox 1163 1928 1853 1969; baseline -0.004 -7"><span class='ocrx_word' id='word_1_392' title='bbox 1163 1930 1289 1969; x_wconf 78' lang='lat' dir='ltr'>ltaliae,</span> <span class='ocrx_word' id='word_1_393' title='bbox 1317 1930 1409 1961; x_wconf 63' lang='lat' dir='ltr'>cuius</span> <span class='ocrx_word' id='word_1_394' title='bbox 1426 1933 1550 1961; x_wconf 73' lang='lat' dir='ltr'>statuta</span> <span class='ocrx_word' id='word_1_395' title='bbox 1566 1933 1594 1960; x_wconf 79' lang='lat' dir='ltr'>et</span> <span class='ocrx_word' id='word_1_396' title='bbox 1611 1928 1853 1960; x_wconf 71' lang='lat' dir='ltr'>constitutiones</span> 
     </span>
     <span class='ocr_line' id='line_1_80' title="bbox 1161 1980 1853 2023; baseline -0.004 -9"><span class='ocrx_word' id='word_1_397' title='bbox 1161 1983 1248 2014; x_wconf 78' lang='lat' dir='ltr'>dicta</span> <span class='ocrx_word' id='word_1_398' title='bbox 1272 1992 1354 2013; x_wconf 73' lang='lat' dir='ltr'>nova</span> <span class='ocrx_word' id='word_1_399' title='bbox 1378 1981 1586 2023; x_wconf 65' lang='lat' dir='ltr'>consyreslatio</span> <span class='ocrx_word' id='word_1_400' title='bbox 1618 1980 1759 2023; x_wconf 73' lang='lat' dir='ltr'>dictique</span> <span class='ocrx_word' id='word_1_401' title='bbox 1781 1989 1853 2011; x_wconf 79' lang='lat' dir='ltr'>con-</span> 
     </span>
     <span class='ocr_line' id='line_1_81' title="bbox 1162 2032 1668 2068; baseline -0.006 0"><span class='ocrx_word' id='word_1_402' title='bbox 1162 2039 1272 2068; x_wconf 73' lang='lat' dir='ltr'>ventus</span> <span class='ocrx_word' id='word_1_403' title='bbox 1296 2034 1462 2066; x_wconf 71' lang='lat' dir='ltr'>observare</span> <span class='ocrx_word' id='word_1_404' title='bbox 1489 2032 1668 2066; x_wconf 76' lang='lat' dir='ltr'>tenentur¹.</span> 
     </span>
    </p>
   </div>
   <div class='ocr_carea' id='block_1_13' title="bbox 1241 2113 1724 2193">
    <p class='ocr_par' dir='ltr' id='par_1_18' title="bbox 1241 2113 1724 2193">
     <span class='ocr_line' id='line_1_82' title="bbox 1344 2113 1632 2147; baseline 0 -7"><span class='ocrx_word' id='word_1_405' title='bbox 1344 2114 1478 2141; x_wconf 81' lang='lat' dir='ltr'>Clemens</span> <span class='ocrx_word' id='word_1_406' title='bbox 1499 2114 1576 2147; x_wconf 83' lang='lat' dir='ltr'>Papa</span> <span class='ocrx_word' id='word_1_407' title='bbox 1596 2113 1632 2146; x_wconf 82' lang='lat' dir='ltr'>X,</span> 
     </span>
     <span class='ocr_line' id='line_1_83' title="bbox 1241 2157 1724 2193; baseline -0.002 -7"><span class='ocrx_word' id='word_1_408' title='bbox 1241 2159 1276 2186; x_wconf 90' lang='lat' dir='ltr'>ad</span> <span class='ocrx_word' id='word_1_409' title='bbox 1293 2161 1467 2193; x_wconf 85' lang='lat' dir='ltr'>perpetuam</span> <span class='ocrx_word' id='word_1_410' title='bbox 1485 2157 1529 2185; x_wconf 82' lang='lat' dir='ltr'>rei</span> <span class='ocrx_word' id='word_1_411' title='bbox 1545 2158 1724 2185; x_wconf 84' lang='lat' dir='ltr'>memoriam.</span> 
     </span>
    </p>
   </div>
   <div class='ocr_carea' id='block_1_14' title="bbox 1118 2228 1855 2433">
    <p class='ocr_par' dir='ltr' id='par_1_19' title="bbox 1118 2228 1855 2433">
     <span class='ocr_line' id='line_1_84' title="bbox 1161 2228 1855 2271; baseline -0.001 -8"><span class='ocrx_word' id='word_1_412' title='bbox 1161 2229 1349 2263; x_wconf 86' lang='lat' dir='ltr'>Sollicitudo</span> <span class='ocrx_word' id='word_1_413' title='bbox 1374 2228 1544 2271; x_wconf 85' lang='lat' dir='ltr'>pastoralis</span> <span class='ocrx_word' id='word_1_414' title='bbox 1575 2228 1680 2269; x_wconf 86' lang='lat' dir='ltr'>officii,</span> <span class='ocrx_word' id='word_1_415' title='bbox 1706 2239 1769 2271; x_wconf 87' lang='lat' dir='ltr'>quo</span> <span class='ocrx_word' id='word_1_416' title='bbox 1800 2229 1855 2262; x_wconf 86' lang='lat' dir='ltr'>Ec-</span> 
     </span>
     <span class='ocr_line' id='line_1_85' title="bbox 1118 2281 1855 2324; baseline -0.004 -8"><span class='ocrx_word' id='word_1_417' title='bbox 1118 2284 1232 2316; x_wconf 86' lang='lat' dir='ltr'>clesiae</span> <span class='ocrx_word' id='word_1_418' title='bbox 1264 2281 1442 2315; x_wconf 83' lang='lat' dir='ltr'>catholicae</span> <span class='ocrx_word' id='word_1_419' title='bbox 1475 2281 1626 2324; x_wconf 80' lang='lat' dir='ltr'>regimini</span> <span class='ocrx_word' id='word_1_420' title='bbox 1658 2281 1763 2313; x_wconf 74' lang='lat' dir='ltr'>divina</span> <span class='ocrx_word' id='word_1_421' title='bbox 1795 2282 1855 2315; x_wconf 87' lang='lat' dir='ltr'>dis-</span> 
     </span>
     <span class='ocr_line' id='line_1_86' title="bbox 1118 2334 1853 2380; baseline -0.004 -11"><span class='ocrx_word' id='word_1_422' title='bbox 1118 2336 1279 2380; x_wconf 89' lang='lat' dir='ltr'>positione</span> <span class='ocrx_word' id='word_1_423' title='bbox 1304 2335 1538 2378; x_wconf 79' lang='lat' dir='ltr'>praesidemus,</span> <span class='ocrx_word' id='word_1_424' title='bbox 1552 2344 1609 2367; x_wconf 86' lang='lat' dir='ltr'>nos</span> <span class='ocrx_word' id='word_1_425' title='bbox 1627 2334 1790 2375; x_wconf 81' lang='lat' dir='ltr'>admonet,</span> <span class='ocrx_word' id='word_1_426' title='bbox 1811 2340 1853 2375; x_wconf 89' lang='lat' dir='ltr'>ut,</span> 
     </span>
     <span class='ocr_line' id='line_1_87' title="bbox 1119 2387 1855 2433; baseline 0 -12"><span class='ocrx_word' id='word_1_427' title='bbox 1119 2394 1287 2433; x_wconf 86' lang='lat' dir='ltr'>paternam</span> <span class='ocrx_word' id='word_1_428' title='bbox 1312 2388 1542 2430; x_wconf 73' lang='lat' dir='ltr'>religiosorum</span> <span class='ocrx_word' id='word_1_429' title='bbox 1566 2387 1708 2420; x_wconf 88' lang='lat' dir='ltr'>virorum</span> <span class='ocrx_word' id='word_1_430' title='bbox 1734 2387 1855 2421; x_wconf 84' lang='lat' dir='ltr'>Altissi-</span> 
     </span>
    </p>
   </div>
   <div class='ocr_carea' id='block_1_15' title="bbox 1120 2475 1856 2636">
    <p class='ocr_par' dir='ltr' id='par_1_20' title="bbox 1120 2475 1856 2636">
     <span class='ocr_line' id='line_1_88' title="bbox 1157 2475 1855 2511; baseline -0.001 -8"><span class='ocrx_word' id='word_1_431' title='bbox 1157 2477 1166 2502; x_wconf 93' lang='lat'>1</span> <span class='ocrx_word' id='word_1_432' title='bbox 1190 2477 1266 2503; x_wconf 86' lang='lat' dir='ltr'>Circa</span> <span class='ocrx_word' id='word_1_433' title='bbox 1286 2476 1356 2502; x_wconf 85' lang='lat' dir='ltr'>hane</span> <span class='ocrx_word' id='word_1_434' title='bbox 1372 2476 1510 2503; x_wconf 82' lang='lat' dir='ltr'>materiam</span> <span class='ocrx_word' id='word_1_435' title='bbox 1531 2476 1609 2511; x_wconf 78' lang='lat' dir='ltr'>plura</span> <span class='ocrx_word' id='word_1_436' title='bbox 1628 2475 1712 2502; x_wconf 82' lang='lat' dir='ltr'>habes</span> <span class='ocrx_word' id='word_1_437' title='bbox 1732 2483 1814 2510; x_wconf 84' lang='lat' dir='ltr'>supra</span> <span class='ocrx_word' id='word_1_438' title='bbox 1829 2475 1855 2502; x_wconf 91' lang='lat' dir='ltr'>in</span> 
     </span>
     <span class='ocr_line' id='line_1_89' title="bbox 1120 2520 1853 2554; baseline -0.003 -6"><span class='ocrx_word' id='word_1_439' title='bbox 1120 2521 1232 2548; x_wconf 78' lang='lat' dir='ltr'>constit.</span> <span class='ocrx_word' id='word_1_440' title='bbox 1253 2527 1318 2547; x_wconf 73' lang='lat' dir='ltr'><strong>XLIX</strong></span> <span class='ocrx_word' id='word_1_441' title='bbox 1342 2520 1425 2548; x_wconf 62' lang='lat' dir='ltr'>Alios</span> <span class='ocrx_word' id='word_1_442' title='bbox 1448 2522 1622 2547; x_wconf 65' lang='lat' dir='ltr'>emanarunt</span> <span class='ocrx_word' id='word_1_443' title='bbox 1635 2542 1641 2552; x_wconf 90' lang='lat'>,</span> <span class='ocrx_word' id='word_1_444' title='bbox 1658 2522 1720 2551; x_wconf 82' lang='lat' dir='ltr'>elc.;</span> <span class='ocrx_word' id='word_1_445' title='bbox 1737 2522 1763 2546; x_wconf 84' lang='lat' dir='ltr'>et</span> <span class='ocrx_word' id='word_1_446' title='bbox 1783 2526 1853 2554; x_wconf 80' lang='lat' dir='ltr'>LVH,</span> 
     </span>
     <span class='ocr_line' id='line_1_90' title="bbox 1121 2564 1856 2599; baseline 0 -7"><span class='ocrx_word' id='word_1_447' title='bbox 1121 2565 1167 2592; x_wconf 70' lang='lat' dir='ltr'>Ex</span> <span class='ocrx_word' id='word_1_448' title='bbox 1186 2565 1315 2592; x_wconf 79' lang='lat' dir='ltr'>iniuncto</span> <span class='ocrx_word' id='word_1_449' title='bbox 1335 2565 1434 2599; x_wconf 73' lang='lat' dir='ltr'>nobis,</span> <span class='ocrx_word' id='word_1_450' title='bbox 1456 2564 1536 2592; x_wconf 87' lang='lat' dir='ltr'>huius</span> <span class='ocrx_word' id='word_1_451' title='bbox 1558 2564 1704 2598; x_wconf 79' lang='lat' dir='ltr'>Pontificis,</span> <span class='ocrx_word' id='word_1_452' title='bbox 1725 2571 1794 2599; x_wconf 84' lang='lat' dir='ltr'>quae</span> <span class='ocrx_word' id='word_1_453' title='bbox 1813 2571 1856 2592; x_wconf 83' lang='lat' dir='ltr'>re-</span> 
     </span>
     <span class='ocr_line' id='line_1_91' title="bbox 1122 2611 1261 2636; baseline 0 0"><span class='ocrx_word' id='word_1_454' title='bbox 1122 2611 1261 2636; x_wconf 87' lang='lat' dir='ltr'>vocantur.</span> 
     </span>
    </p>
   </div>
   <div class='ocr_carea' id='block_1_16' title="bbox 1846 221 2029 250">
    <p class='ocr_par' dir='ltr' id='par_1_21' title="bbox 1846 221 2029 250">
     <span class='ocr_line' id='line_1_92' title="bbox 1846 221 2029 250; baseline -0.016 0"><span class='ocrx_word' id='word_1_455' title='bbox 1846 227 1895 250; x_wconf 68' lang='lat' dir='ltr'>Ar..</span> <span class='ocrx_word' id='word_1_456' title='bbox 1917 223 1943 249; x_wconf 77' lang='lat' dir='ltr'>C.</span> <span class='ocrx_word' id='word_1_457' title='bbox 1965 221 2029 248; x_wconf 64' lang='grc' dir='ltr'>14)Ἱῦ</span> 
     </span>
    </p>
   </div>
   <div class='ocr_carea' id='block_1_17' title="bbox 1890 2237 2009 2259">
    <p class='ocr_par' dir='ltr' id='par_1_22' title="bbox 1890 2237 2009 2259">
     <span class='ocr_line' id='line_1_93' title="bbox 1890 2237 2009 2259; baseline -0.017 0"><span class='ocrx_word' id='word_1_458' title='bbox 1890 2237 2009 2259; x_wconf 78' lang='lat' dir='ltr'>Exordium.</span> 
     </span>
    </p>
   </div>
  </div>
 </body>
</html>
