2279 3260
212 255 260 279 An.
283 253 311 279 C.
336 255 398 280 t‹=7t

248 2254 320 2274 Eidem
332 2254 404 2276 Manli.

308 2281 404 2300 coneedit

221 2307 291 2326 onmia.
321 2307 403 2330 ttftvllss·

317 2333 404 2352 alioruin

223 2358 331 2378 Montium.

222 2283 272 2302 etc..

447 244 510 277 ⁹250

406 301 634 344 positar-iorum
652 329 658 341 ,
686 314 720 334 ac
754 313 813 345 pro
851 301 1076 334 observatione
1110 304 1141 331 ct

407 353 658 396 adiiiipl=·inento
679 355 819 386 omnium
841 359 873 385 et
889 354 1090 394 singulorum
1108 351 1140 382 in
1160 350 1161 355 ¹

408 406 568 449 praesenti
587 407 699 439 cedula
721 405 951 448 iuotusproprii
970 410 1001 437 et
1025 404 1141 436 insu-11>

408 464 515 491 mento
540 469 597 491 seu
633 458 854 490 instrumentis
887 458 1027 499 desuper
1056 453 1162 487 cele?

408 512 540 544 brandis
550 508 1139 550 contentmannseucontinendorum)
1161 503 1162 511 ¹

408 574 522 606 aeque,
549 563 773 606 principaliter
790 566 819 593 et
838 562 867 592 in
890 560 1040 599 solidum,
1058 565 1089 592 et
1109 559 1140 591 in

409 617 508 648 forma
525 615 675 647 Gamerae
695 620 820 646 nostrae
841 614 860 644 A
869 612 1053 656 postolicae,
1070 622 1141 644 cum

409 669 596 706 iuramento,
612 672 641 699 et
662 666 731 698 aliis
749 665 884 698 cautelis
900 664 1091 697 necessariis
1111 669 1143 696 et
1162 668 1163 671 ’

409 720 611 762 opportunis,
628 718 824 761 promittant,
842 721 871 750 et
885 718 1050 755 accedant,
1065 722 1095 750 et
1108 728 1141 749 se

409 773 568 815 obligent)
579 771 646 803 sine
665 777 768 802 tamen
784 770 984 813 praeiudicio
999 780 1142 812 ‹luorum-

409 835 545 866 cumque
579 824 694 855 iurium
727 832 870 854 camerac
902 829 1031 855 nostrae
1065 832 1144 864 quo-

409 877 587 909 modolibet
611 876 642 907 in
669 881 700 907 ct
717 886 814 918 super
834 874 958 907 civitate
984 880 1015 907 et
1039 879 1143 907 castro

409 929 583 973 praedictis
615 928 869 971 competentium
903 933 933 961 et
957 928 1146 970 competitu-

410 993 533 1021 rorum,
547 987 609 1013 tam
623 982 654 1013 in
670 991 875 1023 quocumque
894 991 966 1013 casu
984 985 1013 1013 et
1031 986 1145 1012 eventu

409 1034 598 1067 cadueitatis
616 1039 646 1066 et
667 1033 883 1067 devolutionis
900 1034 1145 1075 illorum,qua1n

410 1099 447 1120 ex
473 1088 585 1130 quovis
607 1087 710 1130 capite
739 1088 844 1119 forsan
870 1087 1037 1128 hucusque
1053 1096 1146 1118 even-

411 1146 452 1181 to,
479 1146 510 1173 et
543 1141 630 1183 quod
661 1141 692 1172 in
726 1140 866 1171 futurum
898 1139 1011 1182 quovis
1048 1139 1145 1171 modo

411 1194 541 1226 evenire
566 1193 681 1235 possit,
709 1203 744 1225 ac
777 1191 980 1234 purificatum
1004 1197 1035 1224 et
1059 1191 1147 1234 puri-

411 1246 572 1278 ficandum
598 1246 637 1277 ad
662 1246 803 1278 savorem
828 1245 971 1277 eiusdem
996 1244 1146 1277 Gamerae

412 1305 443 1332 et
457 1299 547 1332 Sedis
566 1298 787 1341 Apostolicae)
806 1297 901 1330 etiam
916 1296 1040 1340 quoad¹
1054 1308 1146 1339 prae-

412 1352 565 1384 stationes
586 1352 618 1383 in
644 1362 719 1383 casu
744 1350 938 1383 venditionis
961 1350 1147 1383 eorumdem

412 1405 547 1437 civitatis
573 1410 604 1436 et
628 1404 733 1443 castri,
751 1414 845 1446 quam
863 1403 959 1435 etiam
983 1414 1019 1435 ex
1039 1403 1147 1445 quavis

412 1457 474 1489 alia
498 1459 595 1490 causa
615 1462 645 1489 et
663 1456 833 1488 occasione
866 1456 1100 1499 promissiones
1117 1461 1147 1487 et

413 1507 642 1549 obligationes,
669 1510 862 1547 contractus,
881 1506 1093 1537 instrumenta
1118 1511 1148 1538 et

413 1561 474 1592 alia
498 1560 573 1592 inde
600 1559 767 1599 facienda,
796 1569 897 1601 aeque
923 1568 958 1590 ae
979 1558 1003 1590 si
1029 1558 1061 1590 in
1076 1569 1147 1601 (pia-
1168 1576 1169 1601 ἶ

412 1613 457 1645 vis
482 1612 625 1655 legitima
658 1617 689 1644 et
720 1612 821 1654 magis
853 1611 1008 1654 requisita
1046 1609 1169 1643 forma?

414 1672 445 1698 et
469 1676 539 1697 cum
565 1664 669 1697 solitis
695 1664 954 1697 solemnitatibus
980 1664 1061 1696 saeta
1078 1664 1149 1696 suis-

414 1723 496 1759 sent,
524 1718 642 1750 validas
668 1718 735 1750 sore
756 1723 787 1750 et
812 1728 891 1757 esse,
917 1728 1055 1760 suosque
1080 1718 1149 1761 plc-

414 1771 521 1804 narios
547 1770 676 1803 effectus
702 1770 824 1810 sortiri,
851 1771 978 1812 vimque
1003 1775 1035 1801 et
1051 1771 1150 1802 robur

415 1829 593 1868 perpetuae
618 1822 777 1855 firmitatis
794 1823 942 1856 obtinere
962 1823 1081 1856 debere
1100 1823 1149 1855 de·
1169 1837 1171 1842 ,

415 1877 576 1910 cernim'us
592 1882 624 1909 et
640 1877 849 1916 declaramus,
869 1881 900 1909 et
917 1888 952 1909 ex
971 1887 1056 1908 nunc
1074 1887 1149 1909 con·
1170 1883 1171 1902 ³

415 1930 578 1969 firmamus
616 1935 649 1962 et
684 1930 899 1972 approbamus
914 1956 921 1968 ‚
956 1934 1149 1972 nostraeque
1170 1932 1172 1958 Ξ

416 1981 572 2014 firmitatis
590 1982 690 2014 robur
707 1981 887 2021 amicimus,
906 1992 1020 2014 omnes
1042 1987 1073 2014 et
1090 1982 1150 2014 sin-

416 2036 507 2077 gulos
538 2034 614 2067 iuris
657 2039 688 2066 et
724 2034 798 2066 facti
838 2045 873 2066 ac
913 2034 1150 2068 solemnitatum

417 2087 559 2120 defectus
584 2086 679 2119 etiam
700 2086 924 2118 substantiales
942 2092 973 2119 et
990 2087 1149 2127 formales,

415 2140 440 2172 si
466 2139 521 2182 qui
546 2139 784 2178 intervenerint,
812 2138 988 2182 apostolica
1012 2140 1151 2172 auctori-

416 2197 478 2224 tate
503 2192 701 2234 supplemus.

460 2244 474 2286 g
499 2243 530 2276 9.
558 2244 729 2276 Praeterea
747 2243 851 2276 eidem
869 2243 978 2283 Menti,
997 2244 1150 2287 illiusque

417 2296 612 2340 depositario
640 2302 670 2329 et
694 2297 863 2337 montistis,
884 2297 1021 2339 aliisque
1045 2308 1150 2339 perso-

416 2350 465 2381 nis
493 2350 747 2392 quibuscumque
772 2360 831 2392 pro
849 2355 993 2392 tempore
1019 2350 1150 2382 existen-

417 2402 519 2437 tibus,
547 2401 695 2434 omnibus
727 2408 757 2434 et
786 2401 921 2443 singulis
948 2401 1123 2443 privilegiis
1142 2428 1149 2441 ,

416 2455 633 2495 facultatibus,
655 2454 921 2493 immunitatibus,
941 2454 1150 2495 libertatibus,

417 2507 685 2551 exemptionibus,
712 2506 994 2551 praeeminentiis,
1020 2518 1152 2550 praero-

417 2560 552 2603 gativis,
577 2559 729 2601 indultis,
762 2560 899 2602 aliisque
930 2559 1090 2592 favoribus
1122 2567 1151 2592 et

456 2625 465 2650 1
488 2623 634 2658 Sequentia
654 2622 746 2648 lectori
767 2621 821 2648 scio
843 2620 1002 2648 dimittimus
1019 2622 1057 2656 (R.
1075 2621 1124 2657 T.).

986 253 1163 277 BULLAntun
1188 250 1337 276 nonmtnit

1183 298 1294 340 gratiis
1322 299 1486 340 universis,
1513 300 1630 342 quibus
1655 300 1775 331 Montes
1800 305 1916 331 restau-

1184 350 1241 382 rati
1268 351 1390 393 primae
1416 357 1447 384 et
1465 353 1575 385 tertiae
1591 352 1779 392 erectionis,
1799 351 1917 394 aliique

1160 439 1162 452 ,
1183 402 1303 435 Montes
1323 410 1452 437 nostrae
1472 405 1635 445 Gamerae,
1655 416 1691 437 ac
1710 405 1868 438 baronum
1888 408 1919 436 et

1185 455 1437 495 universitatum,
1459 462 1489 489 et
1509 457 1561 489 alii
1588 457 1783 500 quicumque
1804 457 1919 489 Roma-

1184 517 1243 539 nae
1269 507 1380 539 Curia(=
1415 518 1479 540 non
1506 509 1674 547 vacabdcs,
1692 515 1754 542 tam
1780 519 1817 541 ex
1844 519 1921 541 con—

1161 588 1163 599 ,
1184 559 1384 591 cessionibus
1409 560 1608 602 apostolicis,
1637 572 1730 604 quam
1763 560 1801 593 de
1827 560 1918 600 iure,

1184 622 1241 643 usu
1266 613 1314 644 vel
1340 612 1592 653 consuetudine,
1617 624 1653 645 ae
1684 614 1762 646 alias
1787 624 1920 656 quomo-

1186 663 1309 696 dolibet
1334 669 1486 703 utuntur,
1514 664 1662 697 fruuntur
1695 671 1726 698 et
1750 666 1920 708 potiuntur

1186 720 1217 747 et
1241 716 1397 758 gaudent,
1430 727 1466 748 ac
1490 716 1545 756 uti,
1572 716 1642 757 frui,
1668 717 1763 760 potiri
1788 722 1819 750 et
1843 727 1920 759 gau-

1187 769 1263 801 dere
1288 775 1425 812 possunt
1448 775 1480 801 et
1504 775 1656 812 poterunt
1675 771 1922 813 quomodolibet

1187 821 1218 853 in
1233 822 1382 861 futurum,
1394 822 1552 863 similiter,
1563 822 1794 865 parisormiter,
1807 828 1839 855 et
1851 822 1922 855 sine

1187 876 1251 907 ulla
1272 885 1404 917 prorsus
1430 873 1620 915 differentia,
1654 875 1701 907 uti
1731 875 1802 915 frui,
1826 875 1922 918 potiri
1947 872 1950 875 ’

1188 932 1219 959 ct
1242 928 1380 969 gaudere
1398 927 1500 960 libere
1526 933 1557 960 et
1581 927 1667 960 licite
1692 929 1830 969 valeant,
1850 939 1925 961 con-

1188 979 1341 1012 ccdimus.

1231 1032 1245 1075 ἓ
1271 1032 1322 1064 10.
1350 1032 1413 1065 Nec
1438 1043 1504 1065 non
1530 1043 1565 1065 ex
1592 1032 1830 1076 praedictorum
1848 1033 1925 1066 civi-
1949 1045 1994 1064 tura
2013 1045 2116 1064 montana

1935 1077 2046 1091 001168553-

1188 1084 1260 1116 tatis
1284 1089 1315 1117 et
1340 1085 1432 1117 castri
1459 1085 1626 1125 fructibus,
1646 1085 1834 1125 redditibus,
1851 1096 1925 1129 pro-

1188 1136 1343 1177 ventibus,
1358 1148 1394 1169 ac
1410 1137 1639 1170 emolumentis
1654 1138 1923 1181 quibuscumque,

1166 1223 1167 1238 ἶ
1189 1189 1285 1221 certis
1311 1194 1343 1221 et
1367 1190 1515 1230 incertis,
1541 1195 1605 1222 tam
1630 1190 1804 1223 ordinariis
1828 1201 1925 1233 quam

1191 1242 1466 1282 extraordinariis,
1487 1242 1603 1274 dictam
1621 1253 1759 1275 annuam
1771 1253 1924 1276 summam

1190 1300 1349 1327 scutorum
1365 1294 1535 1327 duodecim
1548 1294 1684 1327 millium
1700 1300 1848 1328 monetae
1866 1306 1925 1338 pro

1190 1347 1349 1379 solutione
1365 1348 1523 1379 fruetuum
1549 1353 1581 1379 et
1606 1347 1687 1380 dotis
1707 1348 1781 1380 dicti
1802 1348 1926 1387 Montis,

1191 1400 1230 1432 ab
1255 1399 1404 1432 omnibus
1431 1404 1462 1431 et
1487 1400 1746 1443 quibuscumque
1771 1401 1927 1434 oneribus

1192 1452 1343 1492 liberam,
1378 1452 1574 1493 immunem,
1606 1458 1808 1495 exemptam,
1840 1453 1926 1486 dicto

1192 1504 1299 1545 Monti,
1313 1504 1461 1547 illiusque
1479 1505 1616 1547 collegio
1635 1510 1667 1538 et
1683 1505 1926 1548 montistis,pro

1191 1559 1247 1589 sua
1265 1557 1352 1597 dote,
1369 1562 1399 1590 et
1414 1557 1570 1590 fructibus
1593 1563 1623 1590 et
1637 1558 1874 1599 emolumentis,
1892 1564 1928 1591 ut

1192 1620 1297 1653 supra,
1308 1611 1487 1653 respective
1501 1610 1707 1652 assignamus,
1718 1611 1928 1645 concedimus

1192 1668 1224 1695 et
1256 1663 1476 1706 applicamus·y
1504 1668 1536 1695 et
1566 1674 1624 1706 pro
1657 1664 1721 1696 illis
1747 1664 1926 1706 exigendis,

1193 1715 1362 1756 habendis,
1389 1716 1609 1759 percipiendis
1636 1721 1667 1749 et
1692 1717 1928 1759 consequendis

1193 1768 1294 1802 dictos
1320 1769 1498 1809 montistas,
1522 1770 1695 1812 collegium
1720 1775 1751 1802 et
1769 1770 1930 1813 deposita-

1193 1820 1286 1861 rium,
1302 1826 1364 1854 tam
1397 1822 1441 1853 uti
1471 1821 1617 1864 singulos
1643 1833 1739 1865 quam
1751 1821 1927 1859 universos,

1193 1880 1420 1918 procuratores
1446 1875 1674 1908 irrevocabiles
1705 1880 1737 1908 et
1768 1875 1927 1914 dominos

1193 1933 1227 1960 ut
1251 1927 1283 1960 in
1308 1938 1376 1959 rem
1402 1928 1576 1970 propriam,
1591 1938 1661 1960 cum
1686 1932 1846 1970 potestate
1865 1927 1929 1959 exi-

1194 1980 1299 2023 gendi,
1327 1984 1358 2012 et
1381 1990 1451 2012 eum
1485 1981 1627 2012 clausula
1659 1985 1690 2012 et
1715 1979 1828 2012 effectu
1854 1990 1930 2012 con-

1194 2033 1305 2074 stituti,
1332 2038 1363 2065 et
1388 2034 1536 2065 facultate
1563 2032 1786 2072 substituendi,
1806 2038 1838 2066 et
1858 2033 1928 2066 aliis

1196 2086 1396 2118 facultatibus
1421 2085 1624 2128 opportunis,
1642 2085 1869 2118 constituimus
1896 2092 1927 2119 et

1194 2140 1394 2182 deputamus.

1237 2193 1252 2235 g
1277 2192 1328 2224 ¹111.
1348 2191 1384 2223 Et
1405 2191 1618 2224 nihilominus
1636 2202 1695 2234 pro
1716 2192 1836 2235 potiori
1855 2203 1928 2225 cau-
1965 2200 2017 2223 oum
2034 2200 2053 2219 in
2071 2205 2121 2219 casu

1939 2227 2121 2247 commu-nunnus.

1196 2246 1256 2278 tela
1282 2244 1485 2277 decernimus
1503 2248 1533 2276 et
1558 2245 1770 2284 declaramus,
1793 2245 1877 2288 quod
1895 2245 1928 2278 in

1195 2303 1343 2330 eventum
1368 2308 1431 2329 non
1449 2297 1682 2330 observationis
1707 2304 1761 2330 aut
1785 2308 1851 2331 non
1876 2299 1929 2331 ad-

1195 2350 1394 2393 implementi
1427 2351 1689 2393 praemissorum,
1715 2352 1763 2384 vel
1796 2351 1928 2384 alicuius

1195 2414 1319 2444 eorum,
1347 2413 1382 2435 ac
1407 2403 1501 2435 etiam
1529 2404 1559 2435 in
1593 2414 1704 2436 omnes
1730 2409 1761 2436 et
1786 2404 1929 2447 singulos

1195 2466 1285 2488 casus
1316 2455 1590 2488 contraventiouis
1627 2462 1657 2489 et
1681 2456 1930 2499 impedimenti,

1196 2518 1250 2540 seu
1276 2507 1484 2540 invaliditatis
1509 2513 1536 2540 et
1564 2508 1770 2541 rescissiouis
1788 2508 1834 2541 et¹
1853 2521 1931 2552 quc-

1196 2571 1331 2603 cumque
1365 2560 1492 2602 capite,
1527 2561 1673 2601 ratione,
1707 2567 1874 2604 praetextu
1898 2567 1929 2595 et

1232 2623 1243 2648 1
1266 2621 1357 2648 Potius
1376 2621 1434 2657 tege
1455 2625 1480 2648 et
1501 2630 1547 2657 pro
1567 2630 1600 2649 ex
1620 2626 1654 2657 tn.
1672 2623 1719 2658 τ.).

1924 251 1974 278 An.
1992 250 2024 278 C.
2039 251 2103 278 167¹
