2279 3260
134 229 182 255 An.
203 229 233 255 C.
255 230 313 256 167¹

174 289 317 309 Fundationes

372 278 385 317 ξ
410 278 440 309 li.
469 278 618 310 Volentes
642 283 674 309 ut
702 277 907 309 fundationes
937 282 1059 317 septem

133 317 212 343 neptum
253 315 316 335 cotte-

134 346 213 365 sstnrtttu
231 347 314 361 ΕΒΙῚὊΠ·

327 329 536 371 collegiorum
558 329 702 361 eiusdem
729 328 865 360 civitatis
891 327 974 359 iuxta
995 327 1061 369 pri-

132 369 409 414 335„.''.'.{‚²f²..m¹'÷‘31mam
431 392 542 414 eorum
568 381 801 413 institutionem
827 386 973 412 accurate
996 390 1061 411 ser-

131 420 268 440 ⁸²¹¹⁰¹¹⁰⁰⁶¹¹''
326 439 448 465 ventur.
468 434 510 465 De
528 433 748 476 capitaneatus
770 439 874 465 autem
894 438 1059 475 portarum

325 485 458 527 aliisque
483 486 594 517 officiis
621 485 723 517 dietae
741 485 884 523 (nitatis,
907 495 964 527 per
981 484 1059 516 resia

326 537 510 578 gnationem
535 539 585 570 vel
611 537 734 569 obitum
754 543 805 569 aut
828 538 905 569 alias
925 547 1060 579 quomo-

325 589 446 622 dolibet
463 600 547 622 nune
572 594 602 622 et
620 601 678 632 pro
697 596 841 633 tempore
864 589 1058 628 vacantibus,

325 642 362 674 ad
382 653 463 684 quae
478 642 657 675 nominatio
675 653 731 674 seu
750 642 969 685 praesentatio
987 652 1060 684 per-

324 705 475 727 sonarum
500 695 690 727 idonearum
712 695 816 727 cidem
838 694 954 726 civitati
973 694 1057 725 iuxta

324 746 491 788 privilegia
517 747 545 779 ei
565 748 704 789 desuper
728 757 881 779 concessa
904 756 959 777 seu
981 746 1059 778 alias

323 800 466 842 legitime
493 806 676 843 competere
703 800 920 842 dignoscitur,
946 799 988 830 ita
1019 799 1057 831 de

323 858 432 885 cetero
465 853 591 895 disponi
625 854 795 892 volumus,
821 858 856 884 ut
879 852 1057 884 nominatio

323 905 451 948 quidem
477 916 530 937 seu
560 905 775 948 praesentatio
809 904 991 936 officialium
1018 904 1055 936 ad

322 957 458 990 dilectos
484 957 567 990 filios
592 958 762 990 consilium
782 957 884 989 dictae
911 956 1055 995 civitatis,

321 1010 475 1042 admissio
493 1021 571 1042 vero
597 1020 650 1042 seu
669 1010 828 1043 institutio
848 1009 885 1040 ad
905 1008 1055 1040 dilectum

320 1061 421 1094 silium
432 1067 577 1094 nostrum
596 1062 753 1094 Palatium
766 1061 917 1093 basilicae.
935 1060 983 1092 Ss.
1003 1060 1055 1092 XII

319 1115 550 1157 Apostolorum
568 1114 598 1146 S.
626 1115 663 1146 R.
686 1114 720 1146 E.
748 1114 974 1157 presbyterum
993 1124 1055 1144 car-

320 1167 461 1200 dinalem
487 1167 641 1199 Alterium
674 1171 902 1209 nuncupatum,
930 1166 1055 1198 nzoder-

319 1231 394 1254 num
410 1225 441 1252 et
460 1230 518 1263 pro
538 1225 682 1262 tempore
705 1219 892 1252 existentem
908 1225 1054 1252 nostrum

319 1278 357 1305 et
375 1272 582 1315 Apostolicae
601 1271 692 1304 Sedis
713 1272 745 1303 in
763 1271 890 1303 civitate
911 1272 1054 1313 praefata

318 1331 350 1358 et
373 1325 525 1358 comitatu
545 1329 657 1357 nostro
679 1324 877 1367 Venayssino
896 1324 933 1356 de
952 1325 1053 1356 latere

316 1377 664 1421 legatum‚respertive
685 1382 847 1420 spectent:
870 1383 901 1409 et
916 1378 1053 1420 proinde

317 1432 361 1463 sic
383 1441 442 1473 pro
464 1436 610 1473 tempore
629 1430 810 1462 nominatos
829 1440 883 1461 seu
901 1440 1055 1472 praesen-

317 1488 407 1523 tutos
423 1488 454 1516 et
471 1483 503 1515 in
521 1483 629 1525 specie
655 1482 805 1515 dilectum
824 1482 922 1515 silium
940 1493 1053 1525 cogno-

315 1535 470 1567 minatum
496 1535 628 1573 Robert,
655 1535 706 1577 qui
738 1535 776 1566 ad
803 1534 940 1566 officium
967 1536 1053 1578 capi—

317 1592 461 1620 taneatus
498 1587 611 1619 Portae
637 1586 667 1619 S.
695 1586 858 1619 'Michaelis
883 1587 985 1619 dietae
1012 1588 1053 1619 ci-

318 1639 423 1672 vitatis
441 1640 479 1671 de
494 1639 656 1682 praesenti
675 1650 790 1671 vacans
808 1650 867 1682 per
885 1640 1052 1672 consilinm

316 1692 518 1735 praedictum
538 1691 724 1724 nominatus
743 1702 799 1723 seu
825 1698 1051 1734 praesentatus

316 1745 498 1788 reperitur,
523 1744 547 1777 si
582 1745 690 1777 idonei
725 1746 856 1784 suerint,
883 1746 920 1777 ad
947 1746 1051 1778 officia

317 1798 500 1830 huiusmodi
526 1797 660 1837 admitti,
687 1808 743 1829 seu
770 1797 801 1829 in
827 1798 890 1830 illis
916 1798 1050 1838 institui,

315 1851 490 1893 solitasque
505 1850 725 1893 provisionum
740 1850 863 1883 litteras
882 1851 919 1882 ad
942 1862 1050 1883 eorum

315 1905 455 1936 savorem
484 1903 662 1945 respective
688 1903 831 1945 expediri
849 1905 1047 1937 mandamus.

190 1967 304 1987 Confirmat

121 2020 206 2066 giiii&
215 2020 301 2071 Αὲῖἒὲ.
315 2005 434 2038 Urbani
459 2005 563 2047 Papae
580 2004 643 2036 VIII
661 2005 926 2047 praedecessoris
947 2007 1048 2038 nostri

121 2101 160 2121 toz,
176 2097 304 2122 vicoteaatos
535 2109 539 2114 ·
1026 2112 1031 2117 .

121 2127 141 2143 ai
162 2124 295 2149 archiepisco
315 2121 430 2145 norum
451 2109 638 2142 Pontificum
654 2110 945 2152 praedecessorum
964 2122 1049 2153 pari-

121 2168 363 2227 ·3·'=1·¹11v:35·3pu310-te1²
395 2167 579 2194 nostrorum
615 2161 646 2193 in
680 2161 775 2194 simili
808 2163 909 2194 forma
939 2163 1048 2196 Brevis

120 2256 372 2301 ἷὲἰιὲ““ὲῗιῗυιῗι“ζῖἶ(]ι·ο
397 2267 482 2310 Papa
505 2266 572 2299 Vll¹
598 2267 695 2299 etiam
719 2268 971 2310 praedecessore
995 2280 1049 2302 no-

311 2383 455 2407 MDCanl
484 2378 665 2405 emanatum
690 2372 912 2414 confirmatas,
940 2376 1046 2418 quoad

310 2427 403 2459 illum
430 2425 601 2457 articulum
623 2436 684 2468 quo
703 2426 888 2469 disponitur
912 2429 997 2470 quod
1016 2428 1045 2460 in

312 2538 361 2565 tos
388 2537 420 2564 et
447 2532 712 2574 archiepiscopos
736 2533 982 2573 Avenionenses‚
1011 2546 1046 2566 ac

349 2596 360 2620 1
382 2593 453 2620 Edit.
475 2592 554 2619 nain.
575 2592 640 2627 logii
663 2593 730 2619 νη]
748 2595 786 2628 (n.
803 2594 851 2628 T.).

120 1993 165 2013 mm
178 1999 200 2013 as
224 1993 302 2013 Urbani
358 1956 373 1999 ᾖ
407 1955 439 1987 4.
472 1955 642 1987 Postremo
677 1955 779 1987 felicis
814 1956 1050 1989 recordationis

168 2001 176 2013 Γ

120 2074 205 2098 praeter
243 2061 399 2096 nega-'anno
417 2067 563 2090 iunchni
584 2057 750 2100 expeditas
768 2058 912 2101 aliasque
934 2058 1049 2091 Roma-

120 2156 172 2179 pm,
187 2156 246 2170 nemo
275 2151 301 2169 sit

120 2234 175 2253 qm
192 2234 211 2248 ιη
223 2215 448 2254 infirm-litteras,
468 2225 485 2246 a
502 2214 695 2246 recolendae
712 2215 887 2247 memoriae
914 2216 1048 2248 Alexan-

312 2326 378 2352 stro
404 2330 463 2362 per
478 2319 733 2362 chirographum
751 2320 801 2353 die
824 2331 877 2353 xrx
895 2321 1046 2354 februarii

311 2480 396 2512 dicta
422 2479 555 2518 civitate,
581 2483 710 2521 praeter
734 2480 869 2520 legatos,
890 2481 1048 2523 vicelega-

399 2648 478 2676 Bull.
501 2647 573 2674 Rom
601 2662 634 2666 —
653 2648 714 2673 Vol.
732 2647 838 2676 XVIII.

987 2647 1021 2676 36

952 228 1094 253 CLEMENS
1117 230 1132 250 K
1158 229 1205 251 FP.

1741 218 1798 251 981

1105 276 1265 317 praefatos
1280 277 1448 317 generales
1466 287 1625 308 armornm
1641 276 1760 307 ibidem
1781 287 1837 318 pro

1106 333 1249 370 tempore
1277 328 1462 366 existentes,
1488 338 1584 359 nenio
1610 328 1649 359 ab
1682 328 1838 359 oneribus

1105 385 1136 411 et
1161 380 1298 412 cuiusvis
1316 380 1442 421 generis
1464 379 1738 422 ii‘i'ipositionilms,
1758 391 1838 422 quae

1105 431 1135 463 in
1154 432 1299 474 ingressu
1315 432 1418 464 dictae
1437 431 1572 463 civitatis
1591 431 1839 470 solvuntur,i1n-

1104 484 1286 516 munis-seu
1313 489 1480 526 exemptus
1507 483 1630 523 existat,
1649 483 1837 515 auctoritate

1104 527 1255 578 praefata,
1271 537 1455 569 earumdem
1477 542 1590 568 tenore
1606 535 1836 578 praesentium,

1103 589 1327 621 confirmamus
1349 589 1470 631 pariter
1500 593 1530 620 et
1562 587 1792 630 approluimuS.

1146 641 1160 683 ἓ
1185 641 1215 673 5.
1239 642 1456 673 Decet—nentes
1476 641 1560 683 ipsas
1582 645 1771 683 praesentes
1789 640 1839 672 lit-

1103 698 1187 725 teras
1213 704 1341 736 semper
1362 693 1483 731 firmas,
1505 693 1626 725 validas
1644 697 1676 724 et
1693 691 1839 724 efficaces

1103 746 1238 778 existere
1270 752 1301 778 et
1332 747 1419 787 sore,
1446 757 1587 788 suosque
1613 745 1777 788 plenarios
1810 750 1841 777 et

1102 798 1245 840 integros
1274 798 1407 830 effectus
1429 798 1535 831 sortiri
1562 803 1593 830 et
1618 798 1780 837 obtinere,
1803 808 1840 829 ac

1102 862 1138 883 ac
1156 851 1227 889 illis,
1247 851 1285 882 ad
1313 862 1392 893 quos
1412 856 1536 893 spectat
1562 856 1593 882 et
1617 861 1675 893 pro
1695 856 1838 892 tempore

1102 904 1370 945 quandomunque
1397 903 1565 945 spectabit,
1585 903 1615 934 in
1636 903 1785 935 omnibus
1808 907 1840 935 et

1101 966 1158 997 per
1184 955 1291 987 onmia
1316 955 1503 997 plenissime
1531 954 1716 996 suflragari,
1743 959 1775 987 et
1799 955 1837 986 ab

1101 1007 1164 1040 illis
1189 1007 1363 1050 respective
1390 1007 1620 1040 inviolabiliter
1652 1007 1835 1047 observari,

1100 1060 1211 1102 sicque
1244 1065 1275 1091 et
1300 1070 1365 1092 non
1390 1060 1467 1092 alias
1499 1060 1531 1091 in
1563 1059 1750 1102 praemissis
1779 1070 1838 1101 per

1100 1123 1321 1155 quoscumque
1340 1113 1464 1145 iudices
1484 1113 1666 1145 ordinarios
1696 1117 1726 1144 et
1751 1112 1838 1144 dele-

1099 1171 1200 1207 gatos,
1218 1166 1314 1198 etiam
1336 1176 1503 1198 causarum
1530 1165 1639 1208 palatii
1666 1165 1836 1208 apostolici

1099 1219 1271 1258 auditores,
1283 1229 1318 1251 ac
1328 1218 1358 1251 S.
1374 1219 1410 1250 R.
1423 1219 1458 1251 E.
1471 1218 1695 1257 camerarium,
1710 1222 1742 1251 et
1756 1218 1837 1250 alios

1099 1271 1281 1303 cardinales
1306 1271 1402 1303 etiam
1429 1272 1467 1303 de
1492 1272 1593 1303 latere
1619 1272 1764 1313 legatos,
1784 1282 1838 1304 eo-

1100 1334 1235 1366 rumque
1249 1323 1454 1365 vicelegatos,
1470 1333 1596 1355 necnon
1616 1322 1766 1355 Gamerae
1783 1333 1837 1355 no-

1098 1382 1182 1409 strae
1201 1377 1405 1419 Apostolicae
1432 1376 1667 1418 praesidentes,
1688 1376 1834 1415 clericos,

1097 1429 1242 1472 aliosque
1268 1429 1422 1462 officiales
1448 1433 1480 1460 et
1503 1428 1680 1467 ministro&
1708 1428 1835 1460 sublata

1097 1481 1141 1513 eis
1167 1487 1198 1513 et,
1222 1491 1335 1514 eorum
1367 1481 1500 1513 cuilibet.
1525 1480 1635 1523 quavis
1670 1480 1763 1512 aliter
1787 1480 1834 1512 iu-

1097 1533 1222 1566 dicandi
1252 1539 1284 1565 et
1304 1532 1540 1576 interpretandi
1563 1533 1711 1565 facultate
1730 1537 1761 1565 et
1781 1543 1834 1564 au-

1096 1586 1251 1622 ctoritate,
1269 1586 1405 1618 iudicari
1431 1590 1460 1617 et
1489 1585 1615 1618 definiri
1642 1585 1773 1625 debere,
1797 1596 1832 1617 ac

1095 1638 1220 1670 irritum
1252 1643 1284 1670 et
1308 1638 1402 1670 inane
1434 1637 1458 1669 si
1491 1648 1582 1670 secus
1614 1638 1787 1680 superbis
1815 1648 1831 1669 a

1095 1701 1278 1733 quoquam,
1306 1690 1417 1732 quavis
1450 1690 1659 1729 auctoritate,
1691 1690 1832 1722 scienter

1094 1745 1142 1776 vel
1168 1744 1364 1785 ignoranter,
1389 1743 1564 1785 contigerit
1588 1743 1753 1775 attentari.

1137 1797 1151 1839 ἓ
1172 1796 1202 1828 6,
1228 1796 1297 1828 Non
1321 1796 1524 1828 obstantibus
1548 1795 1829 1828 constitutionibus

1094 1854 1125 1881 et
1149 1849 1406 1881 ordinationibus
1432 1848 1626 1891 apostolicis,
1651 1859 1699 1887 ac,
1719 1854 1830 1891 quate-

1094 1912 1152 1933 nus
1169 1911 1250 1944 opus
1268 1901 1317 1939 sit,
1336 1900 1439 1932 dictae
1466 1900 1612 1939 civitatis,
1629 1900 1739 1932 aliisve
1762 1901 1830 1942 qui-

1093 1953 1244 1993 buslibet,
1262 1953 1358 1985 etiam
1376 1953 1567 1992 iuramento,
1586 1952 1830 1985 confirmatione

1093 2007 1270 2049 apostolica
1293 2006 1465 2046 roboratis,
1484 2006 1610 2038 statutis
1642 2010 1672 2038 et
1694 2016 1831 2038 consue-

1092 2059 1267 2099 tudinibus,
1286 2058 1462 2101 privilegiis
1489 2069 1627 2101 quoque,
1642 2058 1778 2090 indultis
1801 2063 1833 2090 et

1092 2111 1209 2144 litteris
1235 2111 1424 2154 apostolicis
1455 2112 1487 2142 in
1510 2110 1709 2143 contrarium
1738 2121 1832 2152 prae-

1092 2165 1266 2197 missorum
1284 2164 1533 2207 quomodolibet
1554 2164 1734 2203 concessis,
1752 2174 1829 2196 con-

1092 2217 1223 2249 firmatis
1240 2222 1272 2250 et
1288 2217 1459 2257 innovatis,
1486 2217 1603 2260 quibus
1624 2217 1775 2249 onmibus
1797 2221 1828 2249 et

1091 2270 1247 2312 singulis,
1278 2270 1408 2302 illorum
1442 2275 1573 2302 tenores
1601 2270 1827 2312 praesentibus

1092 2335 1149 2366 pro
1179 2325 1275 2366 plene
1312 2329 1343 2356 et
1371 2323 1569 2356 sufficienter
1602 2323 1761 2365 expressis
1792 2334 1829 2355 ac

1092 2375 1218 2408 insertis
1244 2377 1412 2415 habentes,
1438 2376 1502 2408 illis
1527 2375 1606 2408 alias
1631 2375 1663 2407 in
1689 2386 1748 2407 suo
1778 2386 1830 2408 ro-

1091 2430 1169 2461 bore
1187 2428 1420 2471 permansuris,
1435 2429 1474 2461 ad
1492 2428 1744 2471 praemissorum
1762 2427 1830 2459 etse·

1091 2487 1186 2521 ctum,
1205 2482 1265 2514 hac
1292 2482 1361 2514 vice
1392 2482 1565 2521 dumtaxat,
1589 2481 1773 2523 specialiter
1798 2486 1830 2512 et

1091 2545 1242 2577 expresse
1265 2535 1478 2576 derogamus3
1499 2534 1681 2576 ceterisque
1702 2538 1828 2565 contra-

1091 2587 1145 2618 riis
1171 2587 1437 2630 quibuscumque.

1851 227 2026 255 An.c.167t

1863 679 1865 681 ι
1876 651 1988 672 Decretum
2009 653 2033 673 ir-

1851 681 1924 698 ritaus.

1912 1805 2029 1826 Contu-arti·

1841 1832 1937 1856 derogat.
