2279 3260
125 258 177 286 An.
191 257 222 285 C.
244 257 308 286 ¹671

153 795 231 817 Paulus
241 794 268 815 lv
279 799 310 814 re·

126 826 188 844 vat-at
196 822 312 843 absolutio-

128 857 173 871 nem
184 857 196 870 a
207 848 309 876 quintii-n-

127 877 165 897 mis
176 882 239 902 quain
248 874 311 894 ‹tede-

127 906 159 922 rat
170 903 274 928 Eugenius
284 900 308 920 iv

127 929 252 955 qmbusdam
261 934 310 948 con⁴

127 956 292 981 gregarionibus.

950 252 1098 283 emimus
1114 258 1133 281 x
1157 258 1205 282 PP.

320 307 490 351 provenire
508 306 609 340 solitis
625 306 755 340 obviare
773 305 992 350 cupientibus)
1008 316 1058 338 su-
1078 313 1079 317 ¹

319 370 378 403 per
394 360 555 393 solutione
574 359 803 399 communium,
822 363 1012 392 annatarum
1028 363 1059 391 et
1078 351 1079 357 ¹

319 412 453 446 aliorum
471 412 589 445 iurium
607 412 850 456 praedictorum
869 412 990 445 eisdem
1009 422 1058 444 ca-

319 475 436 505 merae,
453 465 591 507 collegio
617 470 648 497 et
672 464 862 498 officialibus
882 465 1007 497 ratione
1025 475 1059 495 u-

318 517 452 550 nionum
477 517 760 558 monasteriorum,
789 517 1003 560 prioratuum,
1029 527 1059 548 a-

318 569 498 613 liorumque
516 569 751 603 beneficiorum
770 569 1058 604 ecclesiasticorum
1078 592 1079 598 ,

319 622 415 654 certis
432 623 527 655 modo
546 627 578 655 et
595 623 697 655 forma
714 628 791 655 tunc
807 622 968 665 expressis
983 632 1059 664 qua·
1078 615 1080 628 ³

319 673 520 716 lisicatorum,
541 675 793 708 constitutiones
811 675 915 708 editae
937 683 1059 707 emana-

319 732 433 759 verant
448 738 456 766 ;

354 778 368 820 ἓ
380 778 393 810 1
404 805 409 810 .
422 779 537 812 Felicis
550 779 787 812 recordationis
797 779 915 811 Paulus
926 776 1056 815 PP.1V¹‚

321 831 556 873 praedecessor
567 837 686 871 noster,
699 832 974 874 singulaslitteras
987 830 1058 872 piae

322 884 498 917 memoriae
513 885 648 927 Eugenii
672 885 731 917 PP.
751 884 796 924 IV,
815 884 911 916 etiam
930 882 1060 926 praede-

321 937 458 969 cessoris
474 938 585 977 nostri,
603 937 777 970 nonnullas
791 935 1061 978 congregationes

321 991 486 1031 regulares
504 989 615 1032 (quas²
631 1000 648 1021 a
669 989 847 1028 sententiis,
867 987 1012 1020 censuris
1031 991 1062 1018 et

322 1043 448 1086 poenis,
479 1042 594 1085 quibus
621 1042 661 1075 ob
686 1052 750 1074 non
776 1041 972 1074 solutionem
997 1050 1062 1071 me-

323 1095 452 1127 diorum
477 1105 535 1127 seu
563 1095 766 1137 integrorum
791 1094 949 1125 fructuum
965 1091 1061 1135 primi

324 1147 399 1179 anni
417 1143 689 1179 monasteriorum
702 1151 735 1179 et
752 1145 986 1178 beneficiorum
1006 1154 1063 1187 per
1083 1173 1084 1187 ἦ

323 1200 431 1248 ipsum
447 1199 629 1242 Eugenium
653 1199 939 1242 praedecessorem
954 1197 1064 1229 huius-
1083 1188 1084 1208 ἶ

323 1253 410 1288 rhodi
425 1253 475 1285 vel
493 1252 609 1285 Sedeni
628 1252 846 1294 Apostolicam
865 1261 975 1284 eorum
996 1260 1064 1282 mo-

324 1305 486 1347 nasteriis,
501 1305 700 1348 prioratibus
711 1331 718 1345 ,
736 1304 881 1337 ecclesiis
897 1309 928 1336 et
943 1302 1064 1336 benesi-

325 1359 381 1391 ciis
394 1358 459 1391 sive
473 1358 551 1391 locis
565 1362 699 1390 eatenus
713 1357 875 1390 unitorum
889 1356 1062 1389 innodatae

325 1416 425 1450 erant,
441 1421 500 1454 per
517 1421 590 1443 suas
610 1410 733 1443 litteras
751 1410 897 1449 absolvit,
919 1414 951 1441 et
977 1419 1064 1452 quas-

325 1473 460 1507 cumque
490 1463 707 1506 obligationes
726 1473 784 1506 per
809 1473 861 1495 eas
884 1462 987 1495 dictae
1014 1473 1065 1494 ca-

323 1527 431 1549 merae
456 1522 631 1559 propterea
656 1516 770 1555 saetas,
797 1526 833 1548 ac
858 1515 983 1548 medios
1009 1525 1063 1547 seu

324 1569 469 1611 integros
495 1569 615 1601 fructus
640 1568 826 1601 huiusmodi
853 1568 898 1600 eis
922 1568 1065 1601 liberali·
1085 1589 1086 1594 ,

325 1626 375 1653 ter
398 1621 541 1660 remisit,
566 1626 598 1653 et
622 1621 661 1653 de
687 1621 750 1653 illis
777 1631 811 1652 ac
836 1621 906 1653 aliis
932 1621 1065 1663 quibus-

326 1684 480 1717 cumque,
507 1684 589 1717 quae
614 1674 798 1717 praedictae
831 1685 979 1707 camerae
1013 1685 1065 1707 ea-

291 1751 294 1755 .
326 1732 422 1760 tenus
457 1728 583 1759 solvere
617 1727 865 1770 quomodolibet
902 1727 1063 1770 obligatae

326 1786 426 1820 erant,
442 1781 628 1823 generalem
648 1780 858 1824 quietantiam
881 1782 968 1825 fecit)
990 1793 1065 1815 con-

325 1839 496 1866 cernentes
515 1834 589 1876 (pro
605 1844 643 1866 eo
662 1835 746 1876 quod
764 1845 822 1877 per
835 1835 957 1868 litteras
971 1846 1065 1879 prae-

327 1885 428 1918 dictas
451 1886 690 1919 successoribus
708 1887 773 1919 suis
792 1887 945 1921 Romanis
963 1888 1066 1921 Ponti-

325 1938 454 1979 ficibus,
482 1944 514 1971 et
532 1949 591 1982 per
611 1949 816 1983 consequens
841 1941 980 1984 collegio
997 1952 1065 1974 car-

327 1991 482 2024 dinalium
498 1992 682 2025 huiusmodi
698 1998 730 2025 et
743 1993 934 2027 officialibus
948 1995 1065 2027 Roma-

326 2055 388 2078 nae
404 2044 517 2078 Curiae
533 2056 661 2078 causam
676 2046 715 2078 ab
729 2046 808 2089 ipsis
822 2047 975 2080 Romanis
989 2048 1065 2080 Pon—

328 2097 467 2130 tificibus
487 2098 496 2108 ⁶
524 2098 731 2138 habentibus,
750 2099 973 2143 praeiudicare
998 2111 1063 2133 non

327 2150 505 2193 potuisset³
519 2151 555 2194 ‚)
575 2151 584 2161 ”
603 2162 638 2184 ac
663 2153 859 2185 recolendae
888 2153 1062 2186 memoriae

327 2202 444 2234 Leonis
468 2203 494 2235 X
519 2207 550 2235 et
574 2203 748 2236 Clementis
767 2204 817 2237 Vll
844 2205 1064 2238 Romanorum

327 2254 518 2288 Pontificum
537 2289 547 2300 ,
565 2256 575 2272 ⁴
598 2256 749 2290 similiter
773 2258 1065 2301 praedecessorum

364 2371 375 2397 i
395 2370 484 2397 Const.
501 2370 578 2398 Pauli
593 2371 624 2398 IV
640 2371 724 2399 habes
747 2371 773 2399 in
795 2376 860 2400 tom.
877 2380 915 2407 vr,
937 2382 997 2409 pag.
1014 2373 1065 2401 533

340 2420 365 2442 R.
383 2421 408 2441 T.
426 2435 432 2440 .

328 2414 336 2449 (
363 2459 380 2485 2
399 2415 498 2486 &iucem
514 2468 586 2494 quas
601 2468 649 2487 nos
664 2460 788 2488 addimus
801 2463 840 2496 (n.
857 2462 906 2496 τ.).

363 2505 379 2530 3
401 2504 559 2539 Pericopem
578 2505 655 2531 istam
670 2507 680 2517 ·
701 2506 868 2533 habentibus
952 2508 1066 2541 potuis-

327 2551 368 2575 set
388 2572 397 2582 ,
417 2548 541 2575 addimus
560 2557 591 2575 ex
611 2549 676 2575 edit.
697 2549 812 2576 Cherub.
834 2555 861 2578 et
883 2560 915 2578 ex
941 2551 1000 2579 loco
1020 2560 1067 2587 pa-

329 2592 389 2618 ratl.
403 2592 493 2618 Const.
510 2592 587 2618 Pauli
600 2592 645 2626 lv,
663 2596 727 2620 tom.
745 2600 781 2628 vi,
796 2602 858 2629 pag.
875 2595 926 2621 535
941 2604 959 2621 α
974 2598 1066 2629 (iim).

365 2636 382 2663 4
401 2635 499 2663 lterum
518 2636 673 2673 pericopem
693 2637 771 2664 istam
786 2639 796 2648 '
812 2647 845 2665 ac
860 2639 1025 2667 recolendae

1099 310 1283 338 nostrorum
1294 305 1470 348 (tamquam
1481 309 1592 337 contra
1603 304 1835 345 ordinationes,

1100 363 1225 397 statuta,
1242 359 1371 392 des-reia
1388 363 1419 390 et
1437 358 1690 391 declarationem
1709 362 1836 390 sanctae

1100 412 1272 445 memoriae
1289 411 1376 444 Pauli
1403 410 1519 444 etlulii
1542 410 1577 450 ll,
1599 410 1721 453 pariter
1745 420 1838 453 prae-

1101 465 1308 497 decessorum
1328 469 1522 503 nostrorum,
1542 474 1578 495 ac
1595 464 1687 495 causa
1704 472 1768 494 non
1786 472 1839 494 co-

1101 517 1197 558 gnita,
1225 522 1256 549 et
1284 527 1348 549 non
1374 516 1494 549 vocatis
1518 526 1577 548 nec
1602 514 1736 555 auditis,
1762 524 1839 557 quo-

1100 579 1169 600 rum
1188 569 1353 609 intererat,
1367 569 1557 612 emanatas),
1575 568 1613 600 ad
1632 567 1712 598 viam
1731 571 1762 599 et
1777 571 1839 598 ter-

1100 622 1207 655 minos
1240 623 1317 655 iuris
1348 623 1508 655 reducens
1533 625 1565 653 et
1588 620 1737 653 reductas
1769 629 1839 652 esse

1102 674 1288 715 decernens,
1325 679 1414 707 motu
1440 673 1548 713 simili,
1572 677 1646 712 etc„
1673 682 1785 705 omnes
1810 676 1842 704 et

1102 727 1244 769 singulas
1266 727 1422 767 uniones,
1448 726 1663 765 annexiones,
1690 725 1842 767 incorpo-

1102 780 1254 820 rationes,
1287 779 1520 823 applicationes
1556 785 1586 812 et
1611 777 1843 811 submissiones

1103 833 1142 865 de
1167 834 1331 876 quibusvis
1356 833 1585 872 monasteriis,
1621 830 1841 875 prioratibus,

1102 885 1346 928 praeposituris,
1368 884 1653 928 praepositatibus,
1680 882 1844 925 dignitati-

1103 938 1163 969 bus
1180 963 1186 977 ,
1211 937 1437 980 personatibus
1454 964 1459 976 ,
1483 934 1817 969 administrationibus
1834 960 1841 974 ,

1105 988 1220 1021 officiis
1246 993 1277 1021 et
1301 987 1468 1021 beneficiis
1495 987 1721 1021 ecclesiasticis
1737 1014 1744 1027 ,
1770 996 1844 1019 cum

1105 1043 1181 1074 cura
1207 1046 1238 1073 et
1262 1041 1331 1074 sine
1357 1042 1443 1082 cura,
1472 1040 1747 1082 saecularibus-et
1771 1049 1846 1081 quo-

1105 1091 1223 1126 ri'imvis
1248 1093 1402 1126 Ordinum
1428 1103 1485 1125 seu
1511 1091 1698 1125 militiarum
1720 1091 1846 1133 regula-

1106 1147 1205 1186 ribus,
1221 1146 1476 1189 quibuscumque
1493 1144 1673 1186 collegiatis
1691 1143 1846 1183 ecclesiis,

1106 1210 1161 1231 seu
1178 1209 1288 1231 earum
1307 1198 1426 1230 mensis
1445 1196 1686 1241 capitularibus,
1713 1196 1763 1228 vel
1781 1196 1847 1228 col-

1106 1251 1210 1294 legiis,
1236 1250 1501 1284 universitatibus
1519 1255 1551 1282 et
1566 1249 1734 1291 utriusque
1753 1258 1847 1280 sexus

1107 1304 1432 1347 congregationibus,
1472 1303 1568 1336 etiam
1605 1301 1846 1340 saecularibus,

1107 1367 1234 1389 necnon
1262 1357 1420 1396 domibus,
1455 1355 1593 1394 fabricis,
1628 1353 1847 1396 hospitalibus

1108 1416 1140 1443 et
1163 1410 1233 1442 aliis
1257 1410 1319 1453 piis
1341 1410 1430 1450 iocis,
1452 1409 1548 1442 etiam
1573 1408 1637 1441 illis
1655 1419 1672 1441 a
1688 1407 1847 1440 solutione

1085 1505 1086 1513 ἵ
1109 1463 1295 1495 huiusmodi
1322 1462 1561 1505 exemptionem
1581 1461 1702 1494 habere
1719 1469 1849 1503 praesu-

1107 1516 1280 1556 mentibus,
1305 1526 1387 1558 quae
1421 1526 1457 1548 ex
1492 1525 1604 1548 eorum
1629 1513 1846 1557 perpetuitate

1108 1580 1170 1602 non
1197 1574 1321 1610 vacant,
1347 1579 1404 1611 per
1428 1578 1647 1611 quoscumque
1676 1565 1847 1599 Pontifices

1108 1622 1378 1666 praedecessores
1394 1632 1470 1654 suos
1484 1630 1685 1664 quocumque
1701 1624 1846 1662 tempore

1109 1675 1203 1708 etiam
1229 1679 1301 1707 ante
1327 1679 1456 1707 sanctae
1482 1673 1659 1706 memoriae
1678 1672 1846 1704 Martinum

1108 1728 1226 1771 Papam
1249 1727 1273 1759 V
1309 1727 1405 1759 etiam
1440 1727 1724 1770 praedecessorem
1753 1734 1847 1757 suum

1108 1787 1140 1813 et
1155 1781 1261 1824 ipsum
1278 1780 1413 1813 Paulum
1430 1780 1466 1812 IV
1491 1780 1774 1823 praedecessorem
1793 1778 1848 1810 hu·

1108 1833 1255 1873 iusmodi,
1275 1833 1332 1865 sub
1358 1833 1617 1876 quibuscumque
1634 1832 1801 1864 tenoribus
1818 1836 1850 1864 et

1108 1886 1230 1927 formis,
1250 1897 1287 1919 ac
1303 1896 1374 1918 cuni
1395 1885 1559 1929 quibusvis
1578 1885 1728 1918 clausulis
1746 1889 1777 1917 et
1796 1884 1850 1917 de-

1108 1940 1213 1980 cretis,
1239 1944 1397 1983 perpetuo
1419 1939 1527 1979 factaS,
1553 1944 1584 1972 et
1608 1938 1647 1971 de
1666 1942 1774 1971 cetero
1793 1946 1850 1981 per

1107 2002 1310 2026 successores
1336 2003 1411 2025 suos
1427 1992 1591 2025 Romanos
1609 1990 1782 2024 Pontifices
1808 1990 1850 2022 si-

1107 2046 1228 2078 militer
1256 2050 1414 2088 perpetuo
1447 2045 1622 2084 faciendas,
1650 2044 1709 2076 sub
1735 2043 1851 2076 litteris

1107 2098 1196 2130 Pauli
1231 2097 1256 2130 II
1292 2097 1553 2140 praedecessoris
1590 2096 1775 2129 huiusmodi
1803 2095 1851 2128 in·-

1107 2151 1192 2184 cludi
1219 2156 1250 2183 et
1267 2150 1520 2194 comprehendi;

1151 2203 1221 2246 §2—
1259 2203 1296 2236 Et
1331 2209 1505 2247 propterea
1539 2209 1601 2236 tam
1629 2213 1849 2247 quascumque

1733 246 1796 281 269
1841 255 1893 283 An.
1909 254 1938 282 c.
1961 255 2024 282 inii

1887 2210 1980 2237 illasque
1996 2214 2044 2230 com

1862 2239 1995 2263 grennones
2007 2237 2044 2256 suh

1108 2257 1402 2300 congregationes,
1428 2267 1524 2300 quam
1550 2257 1681 2300 quosvis
1707 2257 1786 2290 alios
1816 2257 1907 2289 intuiti
1928 2263 2045 2284 11111110112

1879 2289 2029 2316 comprehendi

1109 2320 1248 2353 quorum
1274 2310 1416 2342 savorem
1441 2310 1579 2343 uniones
1596 2337 1603 2350 ,
1637 2311 1964 2349 aiinexiones,dec1arat·

1109 2363 1399 2406 incorporationes,
1413 2363 1648 2406 applicationes
1665 2368 1696 2396 et
1715 2364 1851 2396 submis-

1109 2417 1218 2450 siones
1238 2417 1425 2450 huiusmodi
1444 2418 1543 2449 sactae
1564 2417 1701 2457 fuerant,
1725 2417 1850 2449 etiamsi

1109 2481 1143 2503 se
1169 2469 1345 2513 superinde
1375 2469 1407 2502 in
1433 2469 1568 2502 Camerti
1592 2480 1655 2502 iion
1677 2469 1851 2511 obligaris-

1110 2529 1192 2564 sent‚
1217 2523 1257 2556 ad
1274 2522 1469 2556 solutionem
1495 2522 1714 2555 communium
1740 2527 1771 2554 et
1790 2521 1849 2553 mi-

1109 2594 1307 2629 Pontificum,
1327 2594 1453 2621 addimus
1477 2602 1508 2620 ex
1533 2593 1597 2621 edit.
1622 2592 1739 2620 Cherub.
1766 2595 1793 2619 et
1817 2600 1848 2620 ex

1110 2640 1169 2667 loeo
1189 2640 1285 2676 parall.
1306 2639 1351 2667 cit.
1371 2640 1410 2676 (a.
1427 2639 1476 2675 T.)-
