2279 3260
145 246 192 272 An.
212 246 240 274 C.
264 247 330 274 1072

961 248 1102 272 CLEMENS
1124 250 1140 271 X
1168 250 1213 271 ΡΡ.

339 295 370 327 in
396 296 539 339 priorem
573 296 727 339 praedicti
761 301 937 329 conventus
970 295 1071 329 nostri

340 348 370 380 S.
404 349 517 391 Angeli
554 349 592 381 de
618 348 711 391 Lycio
744 349 782 381 ad
813 349 1004 388 triennium,
1042 353 1073 381 ct

342 401 422 432 ultra
448 401 485 433 ad
511 401 596 433 aliud
623 406 655 433 et
679 402 780 444 plura,
799 401 823 433 si
849 402 974 433 vocales
997 401 1071 433 dicti

341 458 515 485 conventus
541 453 637 496 Lycii,
657 455 767 496 elapso
793 454 897 496 primo
917 453 1070 494 triennio,

340 516 413 538 eum
438 506 499 538 alia
524 512 555 539 et
579 507 640 539 alia
656 507 724 539 vice
751 512 783 539 et
806 507 926 550 pluries
950 518 1071 550 propo-

340 569 426 597 nere,
443 559 611 591 nominare
629 565 660 591 et
676 565 884 606 praesentare
900 559 1070 598 voluerint,
1092 585 1093 591 ,

1092 621 1184 642 ·runi
1208 610 1360 643 officiales
1386 611 1548 653 eligantur
1577 621 1613 643 ex
1647 611 1725 653 ipsis
1756 616 1787 643 ct
1812 611 1851 643 ah

340 611 434 642 etiam
461 612 572 650 solum,
594 616 624 644 et
640 622 705 643 non
725 612 808 644 inter
826 617 890 644 tres
908 617 959 643 aut
979 611 1071 650 duos,

340 668 374 694 ut
396 663 427 694 in
449 663 549 695 format
573 664 704 696 inferius
729 665 892 706 ponenda.
920 664 980 696 Pro
999 674 1074 696 con-

339 721 435 747 ventu
460 727 536 749 vero
554 716 584 749 S.
606 716 720 749 Mariae
738 718 858 760 Reposi
876 718 913 749 de
935 717 1073 749 Soleano

339 768 565 801 confirmamus
591 770 622 801 in
648 770 789 812 priorem
808 770 939 802 fratrem
958 770 1073 801 Lucam

340 822 378 855 de
397 822 592 866 Mclpiniano
611 824 749 856 electum
767 834 784 855 a
801 822 983 855 definitorio
1002 833 1074 865 pro-

337 873 460 907 vinciae
486 875 525 907 ad
550 875 719 907 biennium
743 885 761 907 a
791 875 841 907 die
867 875 970 907 dictae
997 885 1073 907 suae

340 928 517 960 electionis.

381 990 425 1013 VI.
442 980 598 1023 Deinceps
617 979 744 1023 priores
762 980 924 1022 eligantur
941 990 976 1011 ex
996 975 1073 1022 ipsis

339 1033 416 1065 solis
447 1032 719 1072 Observantibus,
756 1038 788 1065 et
823 1033 861 1064 ab
893 1032 995 1075 ipsis;
1031 1031 1074 1064 ita

338 1090 373 1117 ut
396 1085 536 1128 primum
562 1085 594 1117 in
619 1090 782 1118 conventu
816 1085 901 1128 Lycii
933 1084 994 1117 sibi
1019 1085 1074 1117 de-

338 1139 440 1181 ligant
464 1139 544 1171 duos
568 1139 618 1171 vel
650 1143 733 1177 tres,
761 1144 792 1171 et
823 1138 912 1181 ipsos
945 1138 991 1170 sic
1021 1138 1074 1170 de-

337 1192 439 1224 lectos
465 1190 582 1223 deinde
609 1190 779 1224 nominent
805 1196 837 1224 et
859 1195 1073 1234 praesentent

337 1244 421 1288 patri
447 1244 588 1287 generali
615 1254 673 1286 pro
699 1249 860 1287 tempore,
889 1249 919 1276 et
944 1245 1072 1276 demum
1093 1265 1094 1268 =

338 1297 496 1339 generalis
521 1307 557 1329 ex
585 1296 710 1329 duobus
728 1297 777 1329 vel
801 1297 903 1329 tribus
920 1296 963 1329 ita
981 1308 1073 1340 prae-
1092 1290 1094 1315 2

338 1349 473 1382 sentatis
493 1349 591 1391 eligat
615 1360 723 1389 unum,
751 1349 805 1392 qui
831 1350 891 1381 erit
915 1350 1020 1392 prior3
1043 1356 1074 1383 et

337 1402 460 1445 pariter
484 1402 516 1434 in
543 1408 704 1435 conventu
725 1402 853 1435 Soleani
878 1403 1017 1446 primum
1037 1403 1073 1435 si·
1093 1415 1095 1434 ς

337 1454 369 1486 bi
387 1454 532 1496 deligant
549 1455 629 1487 duos
647 1455 695 1487 vel
715 1460 790 1495 tres,
808 1460 839 1487 et
859 1455 977 1487 deinde
999 1455 1073 1488 illos

338 1507 417 1539 duos
442 1508 494 1540 vel
520 1512 584 1540 tres
608 1512 856 1550 repraesentent
891 1508 1073 1541 definitorio

337 1560 532 1603 provinciae,
560 1560 646 1602 quod
672 1561 802 1592 demum
819 1570 855 1592 ex
875 1561 1001 1593 duobus
1023 1562 1073 1593 vel
1094 1577 1095 1593 2

337 1613 439 1645 tribus
464 1613 562 1655 eligat
585 1623 694 1653 unum,
721 1613 773 1655 qui
800 1613 861 1645 erit
884 1613 984 1656 prior.

380 1675 437 1698 vn.
464 1664 553 1702 Quod
578 1665 602 1696 si
626 1665 787 1707 prioratus
813 1676 849 1697 ex
870 1671 983 1705 morte,
1007 1666 1074 1709 pri-

336 1718 474 1757 vatione,
491 1717 751 1757 renunciatione,
768 1723 821 1750 aut
834 1718 941 1761 aliqua
958 1729 992 1750 ex
1012 1719 1073 1751 alia

338 1772 433 1803 causa
454 1770 724 1813 quandocumque
750 1771 920 1811 vacaverit,
939 1776 1015 1803 tunc
1032 1772 1073 1803 sit

336 1823 475 1855 vicarius
501 1827 563 1854 tam
582 1823 667 1865 Lycii
693 1834 787 1866 quani
806 1823 935 1856 Soleani
957 1834 1073 1856 secun-

338 1876 397 1908 dus
432 1876 487 1918 qui
521 1886 593 1907 cum
618 1875 727 1917 priore
761 1876 863 1908 electo
897 1876 957 1908 suit
981 1887 1072 1919 prae-

337 1933 489 1968 sentatus,
506 1928 678 1960 duraturus
696 1938 797 1970 usque
819 1929 858 1960 ad
877 1934 1002 1971 tempus
1017 1940 1073 1961 no-

338 1992 395 2014 vae
421 1980 603 2014 electionis.
635 1979 726 2018 Quod
751 1981 777 2013 si
801 1981 848 2013 illi
875 1982 984 2022 etiam,
1019 1988 1073 2014 aut

338 2035 420 2067 alter
440 2044 477 2067 ex
497 2033 571 2073 illis,
590 2033 709 2065 mortui
736 2034 866 2074 suerint,
888 2040 943 2066 aut
966 2035 1071 2078 aliqua

339 2098 375 2120 ex
393 2089 488 2119 causa
505 2086 609 2119 nolint
625 2091 656 2118 et
675 2093 841 2130 nequeant
861 2098 929 2120 esse
950 2088 1070 2129 vicarii,
1092 2108 1093 2120 η

339 2144 413 2172 tunc
444 2139 528 2182 Lycii
562 2139 705 2181 deligant
740 2144 804 2171 tres
836 2141 886 2173 vel
919 2141 997 2174 duos
1032 2143 1071 2175 ad

338 2193 525 2235 prioratum,
541 2202 577 2224 ex
597 2192 711 2235 quihus
729 2193 896 2235 generalis,
912 2199 946 2225 ut
963 2205 1070 2238 supra,
1092 2217 1093 2233 ;

341 2246 439 2288 eligat
456 2255 563 2285 unum,
582 2245 634 2287 qui
652 2245 712 2278 erit
728 2246 819 2288 prior
843 2247 880 2278 ad
906 2247 1071 2280 biennium
1092 2256 1094 2297 L

341 2304 373 2331 et
396 2303 444 2331 tot
467 2308 604 2339 menses,
629 2304 707 2341 quot
732 2299 893 2332 defuerint
912 2311 1011 2343 usque
1033 2302 1071 2333 ad

340 2357 529 2385 consuetum
553 2357 679 2395 tempus
700 2352 886 2386 instituendi
912 2360 943 2387 et
966 2356 1073 2398 ipsum
1093 2347 1094 2357 ¹

341 2406 512 2438 adventum
538 2405 575 2438 de
600 2416 684 2438 novo
709 2405 844 2438 instituti
870 2407 1008 2450 prioris;
1043 2414 1074 2441 et

341 2457 468 2490 Soleani
490 2457 632 2500 deligant
648 2458 726 2490 duos
739 2460 788 2492 vel
809 2466 886 2500 tres,
906 2471 943 2492 ex
958 2461 1073 2503 quibus

340 2510 559 2554 provincialis,
580 2516 615 2542 ut
639 2521 745 2554 supra,
768 2513 866 2555 eligat
890 2524 1000 2554 unum,
1019 2515 1072 2557 qui

342 2564 402 2596 erit
426 2563 558 2595 vicarius
574 2574 676 2606 usque
694 2565 733 2596 ad
754 2567 935 2607 proximum
956 2567 1074 2609 capitu-

341 2618 406 2651 lum
430 2628 486 2649 seu
512 2617 805 2660 congregationem,
823 2619 854 2650 in
877 2619 993 2662 quibus
1019 2621 1074 2653 de-

431 2680 509 2709 Bubl.
532 2681 613 2706 Rom.
631 2695 663 2699 -
683 2681 739 2707 Vol.
758 2681 861 2708 Xt'lll.
1006 2685 1039 2710 45

1115 295 1256 328 finitorio
1282 295 1509 338 praestabunt¹
1529 296 1608 328 duos
1634 297 1681 329 vel
1708 302 1787 335 tres,
1807 296 1852 327 di-

1114 353 1198 380 ctum
1214 348 1376 388 vicarium,
1392 353 1422 380 et
1439 347 1537 380 alium
1555 349 1604 380 vcl
1619 348 1699 380 alios·
1714 348 1752 379 ab
1771 348 1849 390 ipsis

1114 406 1197 434 etex
1216 401 1294 445 ipsis
1312 401 1556 433 observantibus
1577 401 1792 442 deligendos-²,
1814 413 1849 432 ex

1114 453 1229 495 quihus
1263 454 1388 486 duobus
1422 454 1467 486 vel
1504 453 1603 485 trihus
1633 452 1850 485 delinitoriurn

1110 505 1212 547 eliget
1236 516 1343 545 unum,
1369 510 1530 549 utsupra.

1158 568 1226 590 vui.
1250 558 1294 589 Ita
1323 558 1443 600 pariter
1472 557 1570 590 ceteri
1590 557 1781 600 quicumque
1801 568 1852 590 eo-

1115 662 1204 705 ipsis,
1230 668 1436 705 proponente
1464 668 1569 695 tamen
1595 664 1632 695 ad
1657 663 1850 696 electionem

1115 721 1145 748 et
1170 721 1242 758 post
1265 716 1457 748 electionem
1483 727 1538 749 eos
1563 716 1773 749 confirmante
1800 727 1853 749 eo-

1114 778 1184 799 rum
1211 768 1318 810 priore
1344 768 1420 807 iam,
1447 773 1481 800 ut
1505 780 1609 811 supra,
1636 769 1752 802 electo.

1160 831 1201 852 ix.
1230 820 1262 852 ln
1288 822 1444 853 lectorem
1475 822 1682 863 theologiae,
1713 832 1769 854 seu
1804 832 1852 854 re-

1115 877 1255 914 gentem,
1276 878 1305 905 et
1322 873 1354 905 in
1373 874 1529 906 lectorem
1547 874 1775 916 philosophiae
1796 875 1851 906 de-

1114 925 1279 967 putabitur
1294 937 1311 958 a
1328 931 1418 968 patre
1433 927 1576 968 generali
1592 927 1707 969 aliquis
1722 938 1758 960 ex
1775 927 1851 970 ipsis

1114 977 1250 1010 idoneus
1269 978 1331 1011 illis
1351 979 1517 1012 doctrinae
1530 980 1728 1020 sufficientia,
1745 991 1852 1013 exem-

1114 1030 1221 1072 plaris,
1245 1036 1277 1062 et
1297 1031 1435 1063 maxime
1458 1037 1586 1064 exactae
1608 1028 1789 1065 communis
1807 1033 1852 1064 vi-

1093 1090 1094 1096 *
1116 1087 1163 1114 tac
1185 1082 1301 1122 studio,
1322 1083 1409 1115 iuxta
1434 1083 1597 1125 praedicta
1622 1089 1652 1117 et
1676 1086 1852 1128 praecipue

1114 1133 1288 1167 Clementis
1314 1135 1372 1168 PP.
1396 1136 1459 1168 Vlll
1485 1136 1635 1176 decreta,
1663 1138 1850 1179 probandus

1115 1192 1146 1219 et
1170 1188 1411 1230 approbandus.
1447 1188 1536 1226 Quod
1563 1188 1589 1221 si
1615 1189 1699 1232 apud
1726 1200 1760 1222 se
1786 1201 1852 1223 non

1114 1239 1287 1271 habuerint
1311 1239 1473 1281 idoneum,
1492 1246 1545 1273 aut
1569 1252 1627 1284 pro
1649 1243 1781 1282 lectore,
1801 1249 1854 1276 aut

1113 1302 1172 1334 pro
1189 1297 1331 1334 regente,
1346 1293 1575 1336 supplicabunt
1594 1304 1652 1336 pro
1671 1295 1782 1334 altero,
1797 1300 1852 1327 aut

1115 1355 1172 1387 pro
1197 1350 1347 1389 utroque,
1369 1346 1475 1379 eidem
1499 1347 1583 1390 patri
1609 1348 1771 1389 generali,
1798 1349 1851 1391 qui

1114 1397 1297 1440 providebit
1321 1399 1360 1430 de
1386 1398 1502 1432 idoneo
1535 1410 1552 1431 a
1584 1410 1616 1432 se
1646 1400 1795 1443 probato,
1821 1406 1853 1433 et

1115 1450 1170 1492 qui
1191 1455 1305 1493 sponte
1328 1451 1407 1484 velit
1424 1458 1454 1484 et
1472 1452 1589 1484 debeat
1612 1453 1852 1486 observantiam

1115 1508 1146 1534 et
1170 1508 1314 1535 exactam
1344 1504 1439 1536 vitam
1473 1515 1675 1537 communem
1703 1506 1850 1538 eamdem

1115 1566 1186 1588 cuin
1210 1557 1359 1589 omnihus
1388 1557 1419 1589 in
1444 1558 1591 1590 omnibus
1611 1564 1642 1590 et
1666 1569 1724 1601 per
1744 1559 1852 1591 omnia

1115 1609 1201 1641 iuxta
1219 1609 1302 1641 dicta
1316 1615 1347 1642 et
1361 1609 1530 1642 Clementis
1546 1610 1648 1653 Papae
1664 1611 1726 1643 VIII
1742 1612 1850 1644 dcere-

1115 1666 1146 1693 ta
1172 1662 1298 1694 sectari.

1157 1726 1186 1747 x.
1224 1714 1258 1746 In
1295 1720 1364 1747 actu
1401 1714 1590 1748 visitationis
1622 1716 1654 1748 in
1690 1721 1849 1749 conventu

1093 1771 1094 1774 ’
1115 1767 1197 1810 Lycii
1223 1778 1280 1810 per
1305 1778 1362 1800 nos
1391 1774 1445 1800 aut
1468 1779 1526 1811 per
1547 1780 1563 1801 a
1584 1769 1679 1801 nobis
1698 1770 1850 1813 deputan-

1115 1821 1180 1860 dos,
1208 1825 1239 1853 et
1264 1821 1296 1852 in
1322 1826 1480 1853 conventu
1499 1821 1626 1854 Soleani
1645 1832 1703 1865 per
1724 1828 1848 1865 patrem

1114 1873 1353 1916 provincialem,
1380 1874 1561 1916 inquiratur
1585 1885 1683 1918 super
1703 1875 1850 1908 instituta

1113 1927 1365 1966 obsei¹x‘antizi‚et
1381 1933 1635 1969 transgressores
1650 1927 1768 1960 ibidem
1783 1939 1850 1961 cor-

1114 1980 1259 2022 rigantur
1276 1980 1475 2022 regulariter,
1497 1991 1560 2013 non
1581 1985 1689 2014 autem
1708 1981 1781 2013 inde
1799 1993 1833 2015 re

1114 2038 1302 2065 moveantur
1319 2032 1509 2065 inconsultis
1526 2034 1634 2076 priore
1649 2039 1680 2066 et
1704 2035 1847 2076 patribus

1113 2085 1256 2124 consilii,
1290 2090 1322 2117 ct
1354 2085 1581 2128 relinquantur
1605 2091 1658 2118 aut
1683 2087 1849 2120 mittantur

1114 2140 1256 2178 decreta,
1276 2139 1361 2181 quod
1387 2139 1412 2171 si
1430 2140 1535 2181 aliqua
1560 2139 1771 2172 iudicaverint
1792 2141 1849 2173 ob-

1113 2191 1292 2224 servantiae
1319 2192 1518 2232 conducere,
1545 2192 1683 2225 fideliter
1707 2193 1849 2225 reserant

1113 2244 1213 2287 priori
1239 2245 1391 2287 generali,
1418 2245 1483 2287 qui,
1500 2245 1524 2277 si
1551 2246 1579 2278 ei
1603 2245 1772 2287 videbitur,
1795 2247 1849 2279 de-

1114 2303 1236 2330 cernat.

1158 2361 1199 2383 xi.
1215 2350 1308 2391 Nulli,
1325 2350 1445 2383 volenti
1463 2351 1572 2384 venire
1592 2353 1661 2385 zelo
1679 2352 1849 2385 observan-

1116 2403 1187 2442 tiae,
1205 2403 1336 2435 licentia
1365 2404 1555 2446 denegetur,
1580 2405 1755 2438 dummodo
1780 2406 1848 2438 eius

1116 2457 1288 2499 praecedat
1311 2457 1489 2500 acceptatio
1519 2468 1536 2489 a
1564 2458 1671 2500 priore
1697 2469 1770 2491 cum
1796 2470 1849 2501 pa—

1117 2511 1218 2543 tribus
1235 2510 1371 2543 consilii.
1391 2510 1460 2543 'Non
1481 2511 1641 2553 eligantur
1661 2511 1722 2553 ipsi
1740 2511 1849 2543 obser-

1153 2586 1162 2609 1
1188 2581 1295 2608 Videtur
1315 2581 1456 2616 legendum
1471 2581 1696 2616 praesentabunt
1715 2583 1749 2614 (u.
1769 2583 1817 2613 T.).

1152 2628 1167 2654 2
1188 2627 1256 2654 Edit.
1278 2627 1356 2654 ltlain.
1378 2627 1442 2662 tegit
1456 2626 1616 2661 deligendis
1634 2627 1674 2662 (R.
1695 2630 1743 2659 T.).

1752 239 1815 272 2553
1863 248 1952 275 An.C.
1978 248 2040 275 1672
