2279 3260
151 233 204 260 An.
222 232 250 260 C.
273 233 337 261 1671

177 1875 243 1901 Eique
264 1875 327 1902 privi-

144 1901 199 1927 legi-2
217 1902 325 1928 elargitur,

970 231 1111 257 CLEMENS
1133 233 1152 256 X
1176 233 1224 256 1⁸1³.

343 286 470 326 partem
484 281 677 326 apostolicae
694 279 920 314 sollicitudinis
934 280 1077 313 evocavit

344 335 535 375 Altissimus,
561 339 680 367 statum
711 334 840 368 illorum
865 334 951 366 iuxta
975 333 1078 366 cardi-

342 389 469 421 nalatus
486 387 717 421 sublimitatem
731 386 898 420 decentius
912 391 1032 426 tenere,
1048 390 1078 418 et

345 450 558 483 expensarum
584 450 695 480 onera,
716 450 796 483 quae
820 450 875 473 eos
897 439 1015 481 iugiter
1039 439 1077 471 de

343 492 535 526 necessitate
560 492 667 525 subire
692 497 834 536 oportet,
862 492 983 525 facilius
1010 502 1078 535 per-

343 545 428 578 ferre
446 546 588 589 valeant)
606 545 834 588 particularem
855 544 1079 587 Congrcgatio-

342 609 415 631 nem
435 598 481 640 (in
507 609 569 641 qua
593 608 669 641 prac
689 598 802 631 ceteris
820 598 926 630 dilecti
953 597 1008 629 filii
1026 607 1078 629 no-

343 650 400 681 stri
426 650 537 682 Petrus
568 650 652 682 tituli
683 650 714 682 S.
754 650 848 682 Marci
883 650 1075 688 Ostobonus,

344 707 375 734 et
399 702 532 735 Carolus
557 702 640 734 tituli
664 702 695 735 S.
718 703 844 736 Priscae
869 702 954 742 Pius,
976 712 1011 734 ac
1028 701 1079 734 Ca-

341 755 431 787 rolus
449 753 531 787 tituli
549 754 580 786 S.
598 754 727 786 Eusebii
745 754 935 793 Gualterius‚
953 764 1078 786 necnon

341 807 465 851 Gaspar
483 807 564 840 tituli
583 807 613 840 S.
627 807 843 839 Pudentianae
861 806 1077 849 deCarpineo,

341 865 435 903 atque
452 860 593 902 Angelus
610 859 640 892 S.
662 859 775 902 Aug-eli
790 859 821 891 in
840 859 922 891 Foro
940 858 1077 890 Piscium

341 913 494 946 diaconus
530 913 638 945 Celsus
670 913 845 955 respective
882 911 1077 954 nuncupati,

341 965 435 998 etiam
450 965 480 998 S.
496 965 532 997 R.
549 965 583 997 E.
605 965 798 1005 cardinales,
812 970 845 997 et
857 975 917 1008 pro
932 969 1077 1007 tempore

341 1018 514 1050 existentes
540 1017 624 1050 sacri
649 1018 780 1060 collegii
806 1016 981 1057 camerarii,
1008 1016 1079 1048 illo-

340 1080 476 1112 rumque
501 1069 679 1102 immediati
705 1080 928 1110 successores,
956 1080 992 1101 ac
1022 1079 1077 1101 an-

338 1127 486 1154 natarum
504 1122 597 1154 iudex
619 1122 770 1154 Gamerae
789 1122 993 1165 Apostolicae
1012 1123 1076 1154 cle-

338 1174 447 1213 ricus,
474 1184 602 1207 necnon
633 1174 730 1206 etiam
765 1174 840 1207 dicti
872 1174 1002 1216 collegii
1027 1184 1076 1206 se-

339 1227 502 1267 cretarius,
519 1237 580 1270 pro
602 1232 746 1270 tempore
760 1227 943 1266 existentes,
958 1227 1074 1259 dictam
1096 1269 1097 1276 ἵ

338 1278 632 1321 Congregationem
663 1280 921 1319 constituentes,
955 1279 1074 1321 aliique

338 1341 398 1373 per
422 1342 480 1363 nos
494 1336 525 1363 et
542 1342 745 1364 successores
766 1337 895 1364 nostros
920 1332 952 1363 in
968 1333 1074 1364 locum

337 1383 466 1416 illorum
493 1385 688 1427 subrogandi
714 1384 870 1418 interesse
896 1385 1021 1427 possint
1045 1374 1098 1423 ctf

337 1437 489 1478 valeant),
515 1447 573 1479 pro
604 1437 769 1469 exactione
802 1434 1098 1480 quindenniorum',

1119 1487 1150 1519 in
1166 1488 1251 1520 dicta
1275 1487 1366 1520 Curia
1392 1498 1486 1530 quam
1504 1492 1593 1520 extra
1621 1497 1691 1519 eam
1724 1487 1853 1526 citandi,

338 1490 482 1521 omnium
509 1495 540 1522 et
557 1490 760 1532 singulorum
786 1490 1014 1522 beneficiorum
1042 1496 1076 1522 ut

336 1542 521 1585 praefertur
531 1543 695 1574 unitorum
718 1548 749 1574 et
766 1543 797 1574 in
818 1542 908 1575 libris
926 1542 1074 1575 Gamerae

338 1594 521 1637 praedictae
541 1599 727 1634 taxatorum,
742 1600 773 1626 et
791 1595 983 1637 pensionum
1002 1606 1076 1637 per-

338 1652 509 1689 petuarum
533 1652 770 1682 reservatarum
797 1647 989 1688 huiusmodi,
1017 1658 1076 1690 per

338 1710 562 1742 quascumque
589 1699 860 1742 congregationes
879 1705 910 1732 et
926 1701 989 1733 alia
1006 1702 1075 1733 loca

338 1752 390 1794 pia
407 1752 590 1784 huiusmodi
610 1752 799 1792 debitorum,
817 1753 970 1793 facienda,
985 1759 1073 1786 motu

338 1804 445 1845 simili,
464 1810 537 1844 etc„
565 1805 791 1837 constituimus
812 1810 843 1837 et
867 1805 1071 1848 deputamus.

382 1859 397 1902 g
433 1858 487 1890 Μ.
520 1858 652 1890 Necnon
684 1859 788 1891 eidem
825 1859 1072 1901 Congregationi

339 1911 447 1945 omnia
478 1916 509 1944 et
534 1911 660 1953 singula
683 1911 870 1954 privilegia,
896 1912 1018 1945 indulta
1043 1918 1075 1945 et

337 1965 501 1997 facultates
519 1964 674 1996 hactenus
690 1969 879 1996 annatarum
891 1964 987 1997 iudici
1003 1976 1074 2008 apo-

336 2017 451 2050 stolica
475 2017 663 2049 auctoritate
689 2027 855 2057 concessa,
881 2018 975 2050 etiam
1001 2029 1073 2050 cum

336 2069 526 2102 auctoritate
553 2075 584 2101 et
609 2075 767 2112 potestate
794 2071 936 2113 (praevia
966 2077 1072 2104 tamen

337 2122 524 2155 avocatione
550 2122 725 2155 cuiuslibet
749 2133 861 2156 causae
885 2134 940 2156 seu
965 2134 1075 2156 causa-

337 2185 408 2207 rum
423 2185 529 2207 coram
541 2185 744 2218 quocumque
758 2176 864 2208 iudice
878 2187 1073 2220 superprae-

338 2227 447 2260 missis
460 2228 613 2260 vertentis
626 2239 682 2260 seu
700 2229 906 2272 vertentium)
926 2230 1026 2262 dictas
1043 2235 1074 2262 et

337 2280 415 2313 alias
431 2281 610 2313 solutiones
626 2287 825 2321 annatarum,
845 2282 1071 2324 communium,

338 2334 614 2377 quindenniorum
632 2339 663 2366 et
680 2334 818 2367 aliorum
845 2336 964 2368 iurium
980 2347 1073 2379 prae-

337 2386 497 2419 dictorum
538 2393 773 2420 concernentes
810 2388 1010 2421 introductas
1041 2394 1073 2421 et

335 2439 547 2482 imposterum
571 2440 820 2474 introducendas
838 2452 960 2482 causas,
987 2441 1072 2475 iuxta

336 2493 518 2527 litterarum
535 2495 773 2538 praedictarum
794 2496 927 2528 sormam
952 2502 983 2529 et
1009 2497 1072 2529 dis-

335 2546 546 2589 positionem,
565 2547 662 2580 etiam
692 2558 763 2580 cum
788 2549 939 2582 facultate
964 2549 1072 2593 requi-

338 2598 430 2633 rendi
454 2604 564 2633 votum
589 2610 697 2634 sacrae
722 2601 822 2635 Rotae
847 2602 1013 2645 auditorii,
1039 2603 1072 2635 in

1120 280 1222 312 causis
1247 284 1352 313 tamen
1372 279 1476 313 eidem
1494 280 1739 324 Congregationi
1760 281 1854 314 bene-

1120 332 1193 364 visis
1218 332 1397 372 dumtaxat,
1426 343 1537 365 causas
1553 332 1572 373 ¹,
1608 334 1732 366 etiamsi
1757 343 1854 377 super

1121 385 1242 418 iuribus
1267 386 1523 429 competentibus
1549 387 1688 429 collegio
1716 397 1778 418 una
1805 388 1853 419 vel

1121 438 1229 480 plures
1254 439 1335 471 latae
1351 438 1467 470 suerint
1484 438 1663 470 sententiae
1685 437 1770 470 dicto
1787 439 1854 470 col-

1120 490 1206 538 legio
1231 501 1296 523 non
1317 490 1447 530 audito,
1475 490 1641 529 audiendi,
1669 490 1852 529 decidendi,

1121 543 1349 584 cognoscendi,
1367 542 1494 585 sineque
1521 542 1629 575 debito
1649 542 1853 582 terminandi·,

1121 605 1246 627 necnon
1259 606 1477 638 quascumque
1493 594 1771 637 congregationes,
1783 595 1855 627 alia-

1121 658 1181 690 que
1206 648 1277 680 l'oca
1300 648 1352 691 pia
1377 648 1569 687 huiusmodi,
1594 647 1625 680 in
1652 658 1789 690 quorum
1810 649 1854 679 fa-

1120 710 1228 733 vorem
1251 700 1446 733 monasteria
1464 705 1495 732 et
1512 701 1573 732 alia
1591 699 1749 732 beneficia
1765 700 1855 732 unita

1121 762 1156 784 ac
1181 752 1355 794 pensiones
1382 758 1559 796 perpetuae
1589 752 1776 785 huiusmodi
1808 762 1856 784 re-

1121 810 1262 837 servatae
1296 805 1426 843 suerint,
1453 806 1490 837 ad
1528 805 1715 838 instantiam
1751 805 1855 837 dictae

1120 856 1398 899 Congregationis,
1411 858 1448 889 ad
1464 858 1619 889 librorum
1631 862 1856 899 computorum

1121 909 1379 948 exhibitionem,
1405 910 1640 951 appellatione,
1665 919 1799 941 recursu
1826 913 1858 941 et

1120 961 1347 993 reclamatione
1372 961 1500 1003 penitus
1526 959 1692 1001 remotis²‚
1720 961 1857 1003 compel-

1120 1013 1234 1054 lendi³,
1257 1014 1450 1052 facultatem,
1471 1019 1557 1046 motu
1585 1014 1666 1057 pari,
1685 1019 1760 1054 etc,
1780 1023 1857 1045 con-

1120 1067 1262 1099 cedimus
1287 1071 1318 1098 et
1338 1067 1609 1099 communicamus
1626 1093 1633 1106 ,
1660 1066 1756 1098 etiam
1785 1076 1856 1097 cum

1120 1124 1276 1161 potestate
1291 1119 1374 1151 dicta
1389 1119 1538 1162 capitula,
1554 1119 1699 1160 collegia,
1725 1128 1857 1160 congre-

1120 1172 1274 1213 gationes,
1288 1171 1470 1210 seminaria,
1486 1171 1669 1209 societates,
1682 1169 1856 1213 hospitalia

1120 1230 1150 1256 et
1167 1223 1228 1256 alia
1241 1225 1310 1256 loca
1327 1223 1501 1266 praedicta,
1517 1233 1645 1255 necnon
1667 1223 1856 1255 corumdem

1120 1277 1393 1319 quindenniorum
1426 1281 1457 1308 et
1482 1276 1601 1308 iurium
1636 1275 1798 1308 debitores
1823 1276 1855 1307 in

1120 1330 1344 1372 praesentibus
1370 1329 1486 1362 nostris
1512 1329 1626 1361 litteris
1642 1329 1857 1371 comprehen-

1119 1382 1197 1421 sos‘,
1217 1383 1312 1414 etiam
1334 1392 1392 1425 per
1409 1382 1551 1414 edictum
1582 1381 1758 1424 publicum,
1781 1391 1857 1413 con-

1119 1436 1193 1468 stito
1213 1436 1385 1467 summarie
1401 1436 1439 1468 de
1457 1445 1521 1467 non
1538 1440 1606 1467 tuto
1633 1444 1774 1474 accessu,
1790 1439 1854 1466 tam

1119 1541 1271 1573 monendi
1297 1546 1329 1573 et
1353 1541 1553 1583 requirendi,
1576 1540 1634 1572 ac⁵
1659 1540 1705 1572 eis
1734 1545 1765 1572 et
1782 1539 1853 1572 aliis

1095 1601 1097 1618 ³
1118 1593 1294 1636 quibusvis,
1321 1599 1352 1626 et
1376 1593 1503 1636 quoties
1528 1603 1608 1635 opus
1640 1593 1759 1632 suerit,
1793 1592 1853 1624 sub

1118 1646 1263 1679 censuris
1276 1651 1308 1678 et
1320 1646 1435 1689 poenis
1460 1645 1689 1678 ecclesiasticis
1705 1655 1740 1677 ac
1756 1655 1854 1688 pecu-

1119 1699 1242 1740 niariis,
1260 1710 1372 1732 eorum
1385 1699 1518 1731 arbitrio
1541 1699 1692 1738 serendis,
1711 1703 1853 1730 statuen-

1118 1752 1174 1792 dis,
1193 1752 1398 1784 moderandis
1420 1758 1451 1784 et
1474 1751 1687 1794 applicandis,
1704 1760 1739 1782 ac
1756 1750 1851 1783 etiam

1118 1805 1307 1847 privationis
1323 1804 1555 1837 beneficiorum
1580 1805 1755 1843 unitorum,
1784 1814 1853 1836 cas-

1118 1858 1250 1890 sationis
1271 1857 1464 1900 pensionum
1490 1857 1742 1900 praedictarum‚
1756 1856 1851 1889 etiam

1118 1910 1214 1942 simili
1239 1910 1344 1942 edicto
1370 1909 1553 1949 inhibendi,
1580 1909 1735 1952 ipsosque
1761 1909 1853 1941 debi-

1118 1968 1203 1995 tores
1229 1964 1268 1995 ad
1293 1962 1500 1994 indicandum
1526 1961 1683 1994 beneficia
1707 1961 1797 1994 unita
1822 1968 1853 1993 et

1116 2014 1291 2058 pensiones
1317 2015 1495 2056 assignatas
1521 2014 1707 2046 huiusmodi
1733 2020 1765 2046 et
1789 2016 1853 2047 sol-

1117 2069 1254 2100 vendum
1278 2067 1478 2110 quindennia
1504 2068 1648 2108 decursa,
1670 2067 1793 2100 etiamsi
1811 2068 1851 2100 ad

1116 2121 1148 2153 id
1165 2121 1197 2152 in
1222 2120 1353 2153 Camera
1372 2121 1558 2163 Apostolica
1582 2130 1647 2152 non
1671 2130 1705 2153 se
1731 2120 1852 2162 obliga-

1116 2174 1227 2214 verint,
1246 2173 1385 2206 constito
1413 2179 1518 2206 tamen
1538 2174 1576 2206 de
1594 2174 1708 2206 sortito
1734 2173 1851 2206 effectu
1872 2169 1875 2171 ’

1117 2227 1280 2266 unionum,
1305 2237 1365 2270 per
1389 2227 1509 2259 similes
1535 2227 1720 2267 sententias,
1739 2236 1851 2258 censu-

1116 2289 1165 2311 ras
1191 2284 1223 2311 et
1247 2289 1378 2321 poenas,
1398 2280 1493 2312 etiam
1513 2289 1572 2322 per
1596 2279 1758 2312 interdicti
1787 2284 1851 2312 tam

1152 2343 1161 2368 1
1185 2342 1243 2368 Vox
1262 2351 1363 2368 causas
1383 2341 1497 2368 delenda
1519 2342 1624 2368 videtur
1643 2345 1678 2377 (n.
1696 2343 1743 2375 T.).

1149 2386 1165 2412 2
1184 2387 1334 2421 Perperam
1354 2390 1408 2413 tam
1425 2387 1489 2413 edit.
1507 2387 1584 2413 Main.
1601 2391 1656 2413 tam
1671 2387 1715 2413 ed.
1731 2386 1848 2414 Cherub.

1115 2432 1207 2465 legunt
1224 2431 1373 2459 commotis
1393 2439 1440 2466 pro
1456 2433 1574 2458 remotis
1593 2438 1631 2465 (a.
1653 2433 1702 2464 T.).

1149 2478 1165 2502 3
1191 2476 1309 2502 Eaedem
1336 2475 1468 2503 editiones
1493 2476 1593 2503 habent
1617 2477 1776 2511 repellendi
1802 2484 1849 2511 pro

1114 2522 1303 2556 compellendi
1322 2522 1359 2556 (a.
1379 2521 1427 2557 T.).

1150 2569 1164 2592 4
1184 2566 1254 2593 Edit.
1275 2566 1354 2593 Main.
1374 2567 1441 2601 legit
1460 2567 1667 2602 comprehensis
1685 2567 1722 2600 (n.
1745 2568 1794 2597 an).

1149 2611 1166 2639 5
1186 2610 1303 2647 Utraque
1319 2611 1361 2639 ed.
1378 2611 1460 2639 habet
1476 2612 1647 2648 requirendi
1662 2611 1697 2638 ab
1711 2611 1845 2648 eistat).

1749 223 1812 258 ⁶277
1860 234 1912 260 Λη.
1933 233 1962 260 c.
1981 234 2043 260 1671
