2279 3260
163 230 213 257 An.
229 229 259 258 C,
280 229 348 258 1676
796 263 801 269 ,

435 282 564 314 limum:
593 292 685 314 CAPUT
706 284 766 315 ΧΠ.
791 303 828 309 -
853 286 1013 317 Omnibus

533 333 688 363 secundis
710 334 821 370 feriis,
845 340 905 365 etc.

416 413 506 454 Caput
529 425 578 446 ΧΗ.
603 435 639 440 --
661 419 706 448 De
732 420 876 458 suffragiis
898 421 1033 459 sinric-ndis

611 475 663 504 pro
685 466 834 505 defunctis.

191 556 233 584 51-
254 554 284 576 Do
306 555 346 575 sut
402 557 421 580 1.
439 546 594 582 Omnibus
611 551 762 583 secundis
775 552 1092 595 fci·iis,.‘ulpraescri-

164 581 244 628 111ιῖ1111)
261 581 446 642 ass‘ssffliifpmm
470 602 601 644 regulae
620 609 760 644 nostrae,
777 605 899 637 dicatur
922 606 1018 638 inissa
1038 606 1092 638 dc-

165 639 227 654 ¹¹¹⁰⁰¹'
358 652 550 694 functorum,
576 655 608 687 in
634 657 848 690 comentibus
866 658 993 700 quidem
1019 669 1091 691 cum

357 712 472 747 cantu;
507 708 697 751 nullumque
730 720 790 752 pro
824 713 860 742 ea
894 711 1090 754 stipendium

357 759 545 802 recipiatur.
573 761 667 794 Missa
700 767 805 796 autem
831 763 930 803 finita,
956 764 1009 796 fiat
1031 775 1092 807 per

360 813 533 846 claustrum
549 815 726 857 processio,
748 821 844 858 prout
869 817 901 848 in
926 817 1088 857 manuali,

358 864 412 896 ubi
431 875 509 898 vero
527 867 702 899 claustrum
721 878 785 901 non
803 869 909 908 suerit,
929 869 1090 901 absolutio

360 922 490 949 canatur
514 918 546 950 in
571 919 686 952 choro.

400 980 434 1002 11.
464 970 497 1002 In
523 971 674 1003 omnibus
698 973 919 1013 conventibus,
939 974 1091 1016 tempori-

355 1020 413 1054 bus
431 1032 448 1054 a
461 1029 574 1056 nostro
590 1025 730 1057 manuali
749 1026 937 1068 designatiS‚
954 1032 1092 1069 quatuor

354 1074 432 1106 fiant
456 1075 676 1108 anniversaria
701 1087 758 1119 pro
784 1078 943 1111 defunctis
963 1079 1092 1122 religio-

354 1125 408 1166 sis,
433 1128 577 1170 captivis,
595 1129 872 1171 benefactoribus,
891 1133 1089 1174 parentibus,

354 1179 509 1221 cognatis,
523 1181 751 1220 confratribus,
774 1184 892 1224 amieis,
911 1196 969 1227 pro
984 1187 1091 1228 sepul-

354 1230 393 1263 tis
420 1230 452 1263 111
478 1233 596 1265 nostris
621 1234 799 1275 coenobiis,
815 1246 850 1268 ac
871 1237 1011 1280 denique
1031 1249 1089 1280 pro

355 1283 506 1316 omnibus
528 1284 681 1318 fidelibus
700 1287 872 1321 defunctis.
892 1289 924 1321 ln
943 1291 1090 1333 quolibet

354 1335 575 1370 anniversario
610 1338 734 1371 dicatur
760 1340 922 1383 integrum
948 1342 1087 1375 officium

355 1388 590 1430 defunctorum,
616 1396 647 1423 et
664 1399 796 1424 canatur
813 1395 1090 1439 solemniteeris-

354 1451 389 1473 sa
420 1440 457 1473 de
486 1443 654 1485 requiem,
690 1443 807 1488 fiatque
836 1449 1000 1490 processio
1031 1460 1090 1492 per

354 1494 539 1534 claustrum,
566 1500 598 1527 et
622 1496 677 1528 ubi
705 1497 767 1530 hoe
792 1509 857 1531 non
877 1500 982 1540 fuerit,
1001 1512 1089 1534 cana·

354 1550 405 1577 tur
429 1546 589 1580 absolutio
607 1547 639 1579 in
657 1550 806 1582 ecclesia.
831 1551 981 1595 Idemque
999 1564 1089 1595 pror-

353 1608 407 1630 sus
421 1598 475 1631 fiat
491 1599 523 1631 in
542 1600 593 1632 die
607 1600 932 1637 Comn'iemorationis
945 1607 1088 1639 omnium

353 1649 495 1684 fidelium
521 1653 756 1687 defunctorum.

184 1712 229 1742 52.
250 1713 280 1733 no
300 1713 341 1733 sur·
397 1714 415 1737 1.
441 1704 574 1742 Quando
600 1707 716 1750 aliquis
734 1709 904 1752 religiosus
919 1722 934 1744 e
954 1712 1015 1745 vita
1033 1714 1088 1746 de-

157 1739 341 1795 {issfi'ffirssiissufs‘ss
352 1757 494 1797 cesserit,
509 1758 625 1792 devote
643 1770 680 1792 ac
695 1761 888 1795 solemniter
901 1765 1085 1807 sepeliatur,

156 1792 340 1838 giii‘s'i'wmpm
352 1815 478 1842 servato
505 1811 611 1844 officio
636 1815 821 1855 sepulturae
848 1815 879 1848 in
898 1824 1009 1851 nostro
1026 1830 1087 1852 ina—

350 1863 436 1895 nuali
461 1863 644 1906 assignato,
671 1870 702 1897 et
727 1868 879 1909 superior
907 1877 1084 1905 conventus

347 1925 403 1948 seu
428 1917 569 1958 collegii,
594 1917 626 1949 in
648 1929 711 1961 quo
736 1920 835 1953 frater
859 1922 946 1962 obiit,
966 1926 1086 1958 scribat

346 1968 430 2010 patri
450 1969 608 2010 generali,
636 1972 902 2015 provincialibus,
928 1977 1083 2011 ministris

347 2021 445 2053 totius
476 2020 605 2054 Ordinis
638 2034 673 2056 ac:
706 2025 891 2060 clironistae
917 2032 1079 2071 generali,

347 2074 494 2107 referens
520 2075 651 2108 domum
685 2078 717 2109 in
743 2089 805 2121 qua
830 2087 977 2115 mortuus
1002 2084 1080 2126 fuit,

348 2131 475 2170 tempus
502 2133 534 2160 et
557 2138 684 2163 causam
710 2132 842 2173 mortis,
869 2145 999 2176 nomen,
1026 2149 1081 2180 pa-

347 2179 461 2219 triani,
489 2186 648 2223 aetatem,
680 2186 894 2227 professionis
930 2195 1077 2233 tenipus,

345 2234 506 2275 exercitia,
533 2246 589 2268 seu
615 2238 720 2272 officia
740 2251 822 2282 quae
841 2242 1009 2276 defunctus
1029 2245 1080 2277 ha-

344 2284 459 2325 buerit,
487 2293 518 2320 et
541 2288 673 2324 virtutes
698 2291 731 2324 in
756 2294 871 2336 quibus
897 2297 1079 2339 specialiter

343 2339 596 2381 resplenduerit.
628 2343 842 2380 Provinciales
875 2348 951 2381 item
976 2352 1078 2384 omni-

342 2389 402 2424 bus
428 2394 637 2427 conventibus
662 2401 693 2429 et
728 2400 875 2442 collegiis
901 2412 978 2435 suae
1003 2415 1078 2447 pro-

342 2443 467 2477 vinciae
494 2445 579 2478 idem
617 2449 816 2484 denuncient
840 2459 874 2486 ut
901 2454 982 2488 iusta
1006 2458 1075 2491 sine

342 2499 432 2529 mora
456 2500 664 2542 persolvant,
690 2508 721 2535 et
746 2505 886 2539 ministri
923 2508 961 2540 de
986 2520 1075 2543 rece-

342 2549 453 2592 ptione
478 2550 613 2585 istarum
646 2554 827 2590 litterarum
860 2560 1074 2602 provinciales

341 2612 414 2637 suos
438 2610 600 2646 moneant,
626 2612 657 2639 et
682 2607 713 2640 in
734 2610 877 2645 archivio
896 2615 997 2647 nostri
1015 2615 1075 2648 Ma-

982 240 1123 264 CLEMENS
1145 242 1164 264 X
1188 241 1236 265 ΡΡ.

1134 289 1274 322 tritensis
1297 295 1475 323 conventus
1498 302 1560 324 una
1585 303 1622 325 cx
1641 293 1732 326 dictis
1754 294 1870 327 litteris

1133 342 1305 375 cuiuslibet
1329 343 1473 376 defuncti
1500 351 1657 385 servetur,
1679 351 1720 385 ut,
1739 347 1765 378 si
1786 347 1870 380 forte

1134 395 1249 437 dignus
1273 396 1324 436 sit,
1352 396 1391 428 de
1419 396 1473 429 illo
1492 397 1524 429 in
1545 398 1709 431 chronicis
1733 410 1871 432 comme--

1133 448 1325 481 memoratio
1350 448 1415 481 siat.

1129 529 1137 540 ,
1178 511 1211 533 11.
1240 501 1272 533 lu
1298 507 1456 535 conventu
1482 514 1536 536 seu
1562 504 1723 546 collegio,
1748 504 1780 536 in
1806 515 1870 547 quo

1134 552 1214 585 obiit
1238 554 1421 596 religiosus,
1450 561 1578 598 praeter
1604 556 1766 599 vigiliam,
1789 568 1870 600 quae

1133 610 1280 639 cantatur
1305 607 1334 639 in
1361 608 1465 641 officio
1490 611 1685 652 sepulturae,
1709 610 1870 652 integrum

1133 660 1272 692 officium
1299 661 1528 694 defunctorum
1555 663 1723 703 recitetur,
1751 669 1782 695 ct
1808 669 1871 696 tres

1134 712 1249 745 missae
1274 713 1312 745 de
1336 715 1479 756 requiem
1506 726 1576 747 cuin
1610 716 1674 748 suis
1700 726 1872 758 responso-

1133 764 1188 797 riis
1214 765 1245 797 in
1271 767 1409 799 ecclesia
1440 774 1617 809 canantur,
1645 774 1676 801 et
1700 774 1871 811 praeterea

1134 827 1249 850 novem
1281 819 1349 851 sine
1379 826 1473 852 cantu
1499 821 1656 853 dicantur.
1691 821 1769 854 Cum
1795 822 1870 854 illae

1134 875 1196 903 tres
1221 877 1387 912 canantur,
1407 873 1439 905 in
1460 874 1567 907 medio
1585 876 1754 918 cappellae
1774 875 1872 907 maio-

1134 924 1177 956 ris
1218 925 1259 957 sit
1296 927 1433 959 tumulus
1470 927 1652 960 altitudinis
1686 930 1870 971 palmorum

1134 977 1287 1019 quinque,
1313 989 1419 1020 panno
1444 979 1538 1022 nigro
1560 986 1746 1023 coopertus,
1769 987 1800 1014 et
1818 992 1870 1013 su-

1134 1039 1192 1072 pra
1217 1030 1321 1072 ipsum
1350 1031 1497 1064 habitum
1522 1032 1664 1065 Ordinis.

1178 1092 1225 1115 111.
1253 1082 1376 1125 Singuli
1401 1085 1587 1118 sacerdotes
1613 1091 1791 1118 conventus
1812 1097 1869 1119 seu

1134 1134 1263 1176 collegii
1287 1146 1345 1177 pro
1379 1136 1532 1179 religioso
1567 1138 1687 1170 ibidem
1720 1139 1870 1171 defuncto

1134 1191 1198 1219 tres
1230 1187 1344 1220 missas
1369 1189 1509 1231 privatas
1538 1191 1718 1231 celebrent,
1746 1196 1777 1224 et
1801 1197 1872 1234 post

1133 1239 1309 1282 quamlibet
1335 1242 1471 1274 recitent
1496 1244 1743 1286 responsorium
1766 1244 1797 1275 in
1824 1249 1871 1276 tu-

1133 1293 1237 1333 mulo;
1261 1293 1378 1336 singuli
1394 1305 1523 1338 quoque
1545 1296 1659 1329 fratres
1677 1297 1716 1329 ad
1734 1297 1871 1329 eliorum

1133 1346 1276 1389 deputati
1292 1346 1350 1378 tria
1369 1347 1494 1390 integra
1512 1349 1616 1382 officia
1634 1350 1869 1390 defunctorum,

1133 1404 1164 1430 et
1188 1398 1262 1431 laici
1289 1399 1348 1432 tria
1374 1399 1499 1443 integra
1524 1403 1646 1435 rosaria
1671 1403 1818 1443 recitent,
1841 1409 1872 1436 et

1133 1450 1164 1482 in
1190 1451 1259 1493 ipsa
1285 1452 1335 1484 die
1356 1453 1540 1494 11101¹tiS‚vel
1565 1455 1722 1498 sequenti,
1751 1456 1869 1488 eucha-

1132 1503 1255 1537 ristiam
1285 1516 1408 1538 sacram
1443 1507 1603 1550 recipiant
1632 1519 1692 1551 pro
1725 1509 1868 1542 defuncti

1133 1555 1253 1597 anima,
1280 1568 1316 1590 ae
1349 1558 1482 1602 iusuper
1515 1571 1574 1603 pro
1609 1561 1663 1594 illa
1688 1562 1766 1595 duas
1791 1562 1869 1595 alias

1132 1608 1268 1642 offerant
1293 1612 1549 1645 communiones.

1176 1673 1216 1695 iv.
1245 1662 1385 1700 Quilibet
1419 1671 1596 1698 conventus
1632 1672 1664 1700 et
1694 1668 1868 1711 collegium

1130 1714 1257 1747 Ordinis
1291 1726 1350 1758 pro
1383 1717 1487 1750 anima
1520 1718 1693 1753 cuiuslibet
1723 1721 1866 1764 religiosi

1131 1768 1274 1800 defuncti
1299 1768 1461 1812 integrum
1487 1771 1626 1804 officium
1644 1773 1867 1807 defunctorum

1130 1821 1245 1854 recitet
1270 1827 1301 1854 et
1334 1823 1464 1856 missam
1492 1835 1586 1857 unam
1613 1831 1718 1860 cantet
1743 1834 1773 1860 et
1798 1839 1866 1862 res-

1128 1875 1317 1917 ponsorium
1336 1876 1419 1909 circa
1434 1879 1600 1919 tumulum,
1613 1885 1647 1911 ut
1665 1881 1787 1914 dictum
1803 1888 1862 1915 est.

1127 1928 1431 1972 Pi·aete1‘ea2singuli
1449 1933 1634 1966 sacerdotes
1653 1934 1730 1967 duas
1749 1935 1864 1968 missas

1126 1981 1267 2024 privatas
1294 1983 1402 2015 dicant
1434 1995 1507 2016 cum
1534 1987 1772 2029 responsoriis,
1801 1989 1862 2021 fra-=

1126 2039 1190 2067 tres
1206 2035 1245 2067 ad
1270 2036 1406 2068 chorum
1432 2037 1575 2080 deputati
1594 2039 1656 2072 duo
1675 2039 1801 2083 integra
1818 2043 1865 2074 of-

1125 2088 1197 2121 ficia
1223 2089 1467 2131 defunctorum,
1494 2097 1526 2124 et
1551 2092 1623 2124 laici
1653 2094 1714 2126 duo
1740 2094 1863 2138 integra

1123 2141 1267 2183 rosaria;
1295 2148 1327 2175 et
1360 2143 1391 2175 in
1424 2144 1475 2176 die
1511 2156 1574 2188 quo
1607 2146 1723 2178 notitia
1748 2149 1860 2181 mortis

1122 2195 1313 2236 pervenerit,
1329 2197 1378 2228 vel
1403 2195 1434 2228 in
1456 2197 1616 2239 sequenti,
1637 2209 1749 2232 omnes
1768 2211 1860 2242 praes

1123 2246 1197 2278 dicti
1212 2247 1327 2280 fratres
1346 2248 1439 2281 simul
1458 2260 1583 2283 sacram
1598 2252 1859 2286 communionem

1122 2310 1180 2342 pro
1214 2300 1337 2333 defunti
1370 2302 1475 2335 anima
1500 2304 1680 2347 recipiant,
1706 2306 1857 2350 illamque

1121 2363 1180 2395 pro
1202 2353 1256 2385 illa
1280 2353 1426 2387 offerant.

1164 2417 1192 2439 v.
1220 2406 1250 2439 Si
1276 2407 1337 2440 vita
1363 2408 1490 2441 functus
1517 2410 1614 2443 fuerit
1645 2418 1735 2455 pater
1760 2425 1857 2456 geneae

1120 2458 1204 2499 ralis,
1223 2459 1432 2503 duplicentur
1457 2462 1488 2494 in
1516 2469 1581 2497 toto
1607 2464 1723 2498 Ordine
1743 2467 1856 2501 missa-

1119 2521 1189 2543 rum
1226 2513 1401 2554 sacrilicia,
1435 2516 1539 2548 officia
1570 2517 1787 2551 clioristarum
1823 2527 1854 2553 et

1118 2565 1238 2598 rosaria
1264 2566 1433 2608 laicorum3
1454 2569 1479 2601 si
1500 2570 1719 2611 provincialis,
1746 2572 1775 2604 111
1797 2577 1853 2606 sua

1116 2618 1301 2661 provincia,
1329 2621 1354 2653 si
1377 2621 1534 2665 minister,
1557 2623 1589 2656 in
1615 2635 1674 2657 suo
1693 2633 1854 2661 conventu

1765 235 1828 269 627
1875 245 1926 271 An.
1945 244 1973 273 c.
1995 245 2065 272 1676
