2279 3260
229 251 278 275 1111.
299 248 327 276 C.
346 251 409 280 1671

234 1420 249 1439 Α
270 1419 390 1440 dumento„

221 1449 326 1470 [nrm-cult
338 1453 380 1466 -1-1115

208 1474 296 1496 patitur.

1054 264 1195 288 maxims
1218 267 1234 288 X
1262 267 1308 290 1³1¹.

423 303 592 344 gonistam,
619 315 702 347 quae
724 317 739 338 a
766 308 866 340 ncbilt
895 309 966 351 suga
990 311 1062 342 vict·
1078 313 1155 344 riam

422 356 628 396 mendicavit,
655 369 724 390 cum
750 359 788 392 de
816 361 961 394 castitate
994 368 1154 396 certarnen

421 413 524 449 esset;
552 413 743 454 arreptaque
764 412 866 446 ferrea
887 418 998 448 catena
1016 417 1155 449 acerbis-

420 458 509 492 simis
533 460 649 494 ictibus
675 463 776 496 nudas
794 468 942 509 scapulas
968 469 1152 509 cruentavit,

419 516 451 543 et
479 511 564 545 inter
584 515 750 557 sanguinis
772 518 1049 563 lacrymarumque
1066 521 1151 554 rivos

420 567 632 608 conquerenti
660 568 699 600 de
718 570 865 603 absentia
886 571 1012 615 Sponsi,
1030 574 1152 617 conspi-

418 627 495 649 cuus
514 617 567 651 ille
586 621 727 653 ostendit
745 623 841 664 quod,
860 624 919 657 nisi
942 636 1012 657 cuni
1030 628 1064 658 ea
1081 626 1148 669 ipse

417 669 536 711 suisset,
561 682 727 715 nunqnam
753 675 920 709 victoriani
938 684 1146 720 reportasset.

416 722 437 752 A
456 722 645 764 primordiis
662 726 829 767 pueritiae,
849 729 1019 771 spirituum
1034 730 1148 764 diserc-

415 773 536 808 tioneni
563 777 756 820 obtinuerat,
788 782 1065 826 agnoscebatque,
1096 785 1148 816 do—

413 833 506 859 cente
531 831 587 861 sna
611 834 719 864 sancta
744 833 903 874 magistra,
924 845 1003 877 quae
1029 836 1105 868 olim
1130 848 1146 869 a

413 879 540 913 Christo
566 882 699 916 Domino
726 884 886 925 hauserat,
913 887 1061 920 illustrati
1089 900 1145 921 nes

411 944 428 964 a
454 933 519 965 Deo
545 945 614 967 esse
641 946 712 967 cunr
733 936 764 968 in
790 937 895 970 anima
919 940 1063 982 sequitur
1088 941 1145 972 hu—

410 985 547 1026 militas,
576 988 776 1021 reverentiae
809 989 960 1031 affectus,
990 993 1142 1035 propriae

409 1037 540 1069 vilitatis
567 1040 719 1081 cognitio,
747 1041 827 1073 ordo
854 1047 885 1074 et
908 1043 1013 1076 unitas
1037 1046 1142 1077 cordis

409 1096 439 1122 ct
465 1091 615 1132 gaudium
634 1092 665 1123 in
685 1093 768 1133 Deo,
795 1105 831 1126 ex
857 1095 993 1128 adverso
1018 1096 1069 1129 his
1091 1109 1142 1140 op-

407 1143 527 1186 1ositas
559 1144 811 1187 impressiones,
845 1147 1014 1189 timorem,
1048 1150 1139 1183 divisi

407 1196 513 1228 ordis
538 1198 781 1238 confusionem,
805 1199 854 1231 sui
877 1202 1140 1244 complacentiam

406 1255 437 1281 et
456 1249 716 1292 inquietudinem
742 1252 903 1285 redolere.

449 1303 463 1344 ᾗ
488 1302 540 1334 M.
570 1302 602 1334 ln
634 1304 796 1336 aerumnis
827 1306 866 1337 ab
896 1306 1031 1340 infantia
1060 1308 1136 1347 suit,

404 1365 490 1387 nono
509 1355 594 1387 enim
620 1367 729 1389 mense
748 1358 861 1391 aetatis
886 1369 962 1392 suae
987 1361 1069 1394 lacte
1087 1362 1136 1394 de-

402 1407 512 1441 stituta
537 1414 596 1449 est,
621 1410 711 1442 cuius
737 1411 881 1444 desectus
907 1414 1034 1446 nonnisi
1066 1415 1136 1449 cibo

402 1461 492 1494 valde
514 1461 623 1506 inepto
641 1465 846 1506 compensari
865 1467 978 1508 potuit.
1005 1468 1060 1500 Vix
1078 1469 1136 1501 sari

402 1520 562 1556 coeperat,
588 1526 670 1555 cum,
695 1523 828 1560 propter
850 1519 989 1552 nominis
1006 1526 1136 1554 contro—

401 1567 556 1609 rersiam,
584 1569 681 1611 virgis
714 1571 910 1604 caedebatur
942 1574 981 1605 ab
1013 1574 1080 1606 avia
1109 1575 1133 1607 si

401 1619 494 1660 Rosa,
513 1631 531 1652 a
559 1627 660 1654 matre
694 1622 718 1654 si
744 1623 910 1657 Elisabeth
935 1633 1043 1660 vocata
1067 1639 1134 1661 res-

400 1672 578 1714 pondisset.
594 1673 733 1716 Virginis
748 1676 842 1708 liuius
857 1678 993 1711 virtutes
1012 1686 1132 1714 etmor*

399 1724 590 1758 titicationes
616 1727 708 1759 matri
735 1728 821 1761 aliud
847 1729 1027 1765 intendenti
1046 1744 1132 1766 mera

400 1777 517 1810 delicta
548 1778 758 1820 videbantur,
786 1782 903 1824 quibus
936 1786 1130 1828 castigandis

398 1839 465 1861 non
476 1831 582 1862 solum
600 1831 768 1865 durissima
786 1835 892 1876 verba,
905 1837 962 1869 sed
975 1848 1131 1882 persaepe

398 1882 494 1914 etiam
509 1894 602 1916 saeva
620 1885 756 1918 verbera
780 1887 965 1929 adhibebat,
986 1902 1132 1934 praeser-

397 1935 453 1968 tim
478 1946 550 1968 cum
574 1937 703 1970 rutilam
723 1940 900 1973 caesariem
927 1943 1132 1986 deprehensa

397 1989 458 2021 suit
488 1989 548 2022 sibi
580 1991 808 2033 praescidisse.
835 1994 899 2027 'Nec
929 1996 1075 2030 mitiores
1099 1998 1132 2030 in

396 2052 468 2074 eam
503 2043 595 2076 suere
621 2044 788 2078 domestici
820 2049 948 2089 quando
979 2050 1046 2083 eius
1071 2051 1130 2083 vir-

396 2100 478 2128 tutes
493 2102 525 2128 et
540 2097 693 2130 caelestia
709 2098 794 2131 dona
813 2099 1032 2144 innotuerunt,
1050 2115 1131 2137 vano

395 2147 510 2181 tiniore
535 2148 678 2193 correpti
697 2161 748 2192 ne,
767 2163 839 2184 cuni
858 2164 975 2197 magno
993 2156 1130 2190 familiae

395 2200 564 2242 dedecore,
588 2209 623 2236 nt
647 2204 685 2237 de
710 2204 896 2248 imposturis
915 2215 1071 2251 suspecta,
1091 2211 1130 2242 ad

394 2260 523 2288 sanctae
547 2255 769 2299 Inquisitionis
790 2260 930 2294 tribunal
948 2269 1127 2304 raperetur.

394 2307 540 2340 Accessit
564 2309 597 2341 in
622 2312 786 2344 cumulum
811 2313 1026 2347 tribulationis
1051 2327 1130 2358 quo-

394 2361 540 2394 rumdam
577 2364 848 2398 confessariorum
881 2367 1047 2401 incredula
1080 2371 1130 2402 vel

392 2413 564 2448 oscitantia
586 2417 636 2449 vel
660 2417 781 2450 ruditas
809 2420 858 2452 vel
883 2419 1027 2462 inscitia,
1054 2423 1127 2455 dum

393 2465 421 2498 ei
447 2467 648 2501 conabantur
664 2471 798 2504 suadere
824 2483 888 2504 non
907 2484 977 2506 esse
1002 2482 1125 2507 rectum

392 2524 445 2550 aut
472 2525 574 2552 tutum
605 2521 683 2554 illud
710 2523 833 2557 virtutis
858 2525 940 2567 iter,
967 2529 1124 2570 vertigine

390 2573 441 2606 vel
466 2573 528 2605 alia
552 2575 648 2607 noxia
672 2575 865 2620 intemperie
890 2580 1059 2621 laborare,
1088 2582 1125 2614 11-

390 2624 533 2658 lusiones
568 2637 656 2667 esse,
683 2639 761 2671 quas
792 2630 861 2673 ipsa
891 2631 1123 2668 illustrationes

1860 337 1932 369 PU}-

1197 421 1262 451 stra
1294 420 1374 462 cripi
1404 421 1443 453 ab
1476 423 1526 454 liis
1559 426 1718 457 aerumnis
1749 434 1934 462 constanter

1196 472 1318 512 renuit;
1346 475 1488 516 pudebat
1505 476 1589 508 enini
1615 478 1757 510 crucifixi
1782 491 1932 522 sponsam

1195 524 1243 556 vel
1266 535 1327 567 per
1350 533 1547 560 momentum
1575 535 1663 562 extra
1694 541 1807 563 cruces
1841 544 1933 576 repc-

1196 574 1260 607 riri.
1289 576 1311 607 A
1339 577 1455 619 quibus
1480 590 1644 623 nnnquarn
1671 583 1811 623 vacavit,
1839 586 1931 617 l'cria-

1195 631 1256 659 11111]
1282 629 1366 661 enini
1392 631 1430 662 ab
1456 633 1608 665 exteriori
1635 634 1764 675 gravior
1794 648 1930 679 occupa-

1192 678 1245 711 bat
1258 680 1404 722 interior,
1420 689 1451 716 et
1462 685 1599 717 cessanti
1614 686 1689 718 t'oris
1706 689 1925 730 persecutioni

1191 733 1428 775 aegritudinum
1446 738 1573 779 agmina
1591 741 1818 774 succedebant.

1233 787 1247 827 g
1272 785 1313 818 ΞΓ)

1192 838 1344 872 tractione
1376 852 1434 883 per
1460 844 1636 877 trienninm
1663 847 1746 879 lecto
1771 848 1926 880 decubuit

1189 891 1331 923 cruciatu
1366 893 1513 935 intenso,
1549 897 1670 938 gemitu
1696 899 1802 939 nullo,
1828 910 1923 942 saepe

1188 942 1369 976 acutissima
1394 956 1463 978 cam
1488 948 1614 989 angina,
1641 950 1776 990 asthma,
1797 961 1924 993 pernio-

1187 994 1267 1027 lcsta
1291 995 1420 1037 ischias,
1447 999 1604 1041 pleuritis,
1630 1002 1811 1042 stomachi,
1836 1004 1923 1045 peri-

1186 1048 1284 1080 cardii
1311 1054 1343 1081 et
1366 1050 1593 1086 intestinorum
1620 1055 1750 1087 dolores
1775 1056 1843 1089 sine
1864 1068 1922 1088 nu-

1186 1111 1295 1139 mero,
1326 1107 1357 1134 ct
1385 1103 1453 1136 sine
1480 1106 1550 1147 lege
1579 1107 1764 1150 frequentes
1790 1111 1921 1142 convul-

1184 1152 1291 1186 siones
1317 1154 1518 1197 invadebant,
1537 1160 1670 1192 medicis
1688 1166 1723 1192 ut
1746 1162 1919 1204 plurimum

1184 1207 1387 1247 stupentibus
1409 1212 1570 1251 quomodo
1590 1212 1621 1244 in
1649 1219 1711 1245 tam
1736 1214 1827 1246 arido
1849 1226 1920 1247 cor-

1183 1260 1317 1299 pusculo
1337 1260 1417 1293 vires
1436 1269 1545 1295 essent
1562 1265 1601 1296 ad
1625 1266 1819 1308 perferenda
1837 1278 1918 1310 quae

1184 1313 1419 1352 prosternendo
1444 1314 1577 1348 cuilibet
1600 1318 1822 1351 robustissimo
1841 1320 1918 1352 satis

1183 1363 1328 1397 fuissent.
1357 1365 1463 1407 Rosa,
1490 1370 1610 1411 optimc
1634 1377 1826 1413 penetrante
1852 1383 1916 1405 non

1183 1421 1245 1448 tam
1279 1418 1317 1449 ab
1353 1419 1545 1463 intemperie
1578 1433 1672 1464 quam
1706 1435 1722 1456 a
1760 1425 1916 1457 benevola

1179 1468 1295 1511 Sponsi
1310 1481 1404 1503 manu
1420 1472 1498 1505 haec
1512 1474 1572 1506 sibi
1586 1476 1735 1517 agonalia
1751 1478 1829 1509 testa
1845 1488 1916 1520 pro-

1179 1521 1299 1562 venire,
1318 1524 1422 1556 t'cbres
1448 1526 1642 1568 ephimeras,
1670 1539 1705 1561 ac
1728 1529 1824 1561 etiarn
1843 1528 1913 1562 res¹

1178 1576 1457 1620 contumaciores,
1491 1578 1559 1621 ipsa
1586 1582 1819 1614 consuetudine
1852 1583 1912 1615 iani

1177 1637 1261 1668 pene
1286 1627 1317 1659 in
1343 1628 1448 1661 iocum
1474 1637 1623 1664 verterat.
1647 1632 1833 1676 Chiragrae,
1858 1646 1914 1677 po-

1178 1679 1295 1721 dagrae
1314 1686 1345 1712 et
1359 1682 1502 1715 arthritis
1521 1684 1623 1717 morbi
1642 1685 1829 1729 frequenter
1844 1699 1913 1719 cani

1177 1733 1389 1774 occupabant,
1407 1746 1485 1777 quos
1503 1747 1574 1769 cuni
1596 1737 1711 1770 invicta
1731 1740 1912 1772 constantia

1178 1785 1336 1818 toleravit.
1364 1787 1450 1819 llaec
1475 1790 1582 1822 onmia
1607 1790 1691 1823 inter
1715 1791 1910 1832 illustriores

1176 1847 1192 1869 a
1216 1837 1280 1870 Deo
1305 1838 1365 1870 sibi
1391 1841 1525 1873 collatos
1558 1843 1682 1875 l'avores
1708 1846 1909 1878 recensebat.

1176 1890 1209 1922 ln
1234 1891 1363 1928 sublimi
1382 1893 1467 1925 enim
1485 1899 1516 1926 et
1541 1895 1695 1937 singulari
1713 1897 1829 1929 inentis
1847 1899 1912 1930 ele-

1175 1943 1301 1976 vatione
1318 1944 1439 1977 viderat
1459 1945 1620 1979 Christum
1646 1948 1815 1982 Dominum
1833 1951 1912 1983 diri-

1175 1997 1303 2030 dentem
1328 1999 1418 2031 lance
1445 2010 1482 2032 ex
1508 2011 1602 2033 cruce
1628 2002 1708 2034 sacta
1739 2003 1855 2045 gratias
1880 2010 1912 2036 et

1175 2051 1260 2084 dona
1274 2052 1311 2084 ad
1326 2063 1511 2085 mensuram
1524 2065 1713 2097 poenarum,
1726 2056 1908 2100 audivitque

1175 2105 1353 2137 dicentem:
1376 2106 1452 2139 Sine
1473 2107 1614 2149 pondere
1627 2108 1853 2150 afflictionum,
1868 2110 1911 2142 ad

1173 2158 1300 2199 gratiae
1320 2159 1465 2191 cumulos
1483 2170 1546 2192 non
1568 2161 1734 2204 perveniri
1740 2173 1751 2201 ,·
1777 2163 1910 2194 unicam

1173 2222 1280 2244 veram
1305 2213 1428 2245 scalam
1450 2214 1603 2257 paradisi
1619 2225 1682 2247 esse
1706 2226 1840 2255 crucem,
1855 2227 1910 2249 nec

1170 2269 1299 2307 praeter
1324 2277 1391 2298 eam
1418 2278 1578 2310 superesse
1601 2268 1705 2300 aliam
1726 2279 1785 2311 per
1808 2279 1907 2311 quam

1175 2318 1208 2350 in
1233 2319 1354 2351 caelum
1382 2320 1586 2353 ascendatur.

1223 2374 1237 2416 ἒ
1268 2373 1319 2406 26.
1356 2374 1523 2416 Languens
1560 2380 1591 2407 et
1624 2381 1774 2408 aestuans
1806 2377 1903 2409 divini
1916 2388 2040 2434 §arog-23:53,
2056 2389 2099 2436 gor:

1171 2427 1291 2459 amoris
1310 2427 1442 2469 ignibus
1469 2428 1500 2460 in
1522 2434 1616 2461 nocte
1642 2440 1737 2462 orans
1763 2430 1828 2462 visa
1847 2430 2023 2463 suitfflmaaa.

1170 2479 1209 2510 ab
1235 2479 1296 2512 alia
1321 2480 1445 2522 virgine
1471 2481 1595 2523 magnis
1620 2482 1794 2515 luminibus
1818 2494 1904 2516 coru-

1169 2542 1258 2564 scans
1283 2533 1381 2565 veluti
1407 2534 1554 2576 igniculis
1573 2545 1634 2577 per
1657 2546 1692 2568 os
1725 2537 1902 2579 oculosque

1203 2646 1213 2670 1
1237 2645 1329 2680 Aptius
1350 2645 1412 2672 edit.
1435 2646 1542 2673 Cherub
1573 2649 1702 2681 ⁷·elfquas
1722 2648 1786 2682 legit
1802 2648 1899 2686 (adn).

1831 269 1894 302 too
1943 280 1987 304 1η.
2011 279 2039 305 c.
2059 279 2121 307 ¹67¹

1175 342 1176 346 ,
1199 314 1320 347 divinas
1338 317 1501 349 credebat.
1529 319 1679 354 Suadenti
1707 324 1841 357 sentinae

1174 357 1176 397 i
1198 367 1288 399 cibus
1313 367 1486 410 impetrare
1512 382 1529 404 a
1554 375 1608 404 sua
1634 376 1803 417 seraphica
1832 379 1933 421 inagi-

1295 808 1324 818 ‹.
1352 787 1386 819 111
1411 789 1509 822 Canta
1534 802 1570 823 ex
1597 792 1666 824 dira
1690 803 1864 826 nervorum
1882 800 1927 827 at·
1958 811 2106 837 anamma

1936 837 2018 857 dotores

1936 864 2024 884 statutor
2040 866 2118 885 ein-ulit.
