2279 3260
168 257 206 281 An
235 255 263 282 C.
288 256 355 282 1673

986 258 1128 282 cruttmNS
1149 261 1167 283 X
1193 261 1240 283 r‘P.
1589 276 1602 290 0

361 304 525 347 praedicta
560 315 658 347 regna
695 310 726 337 et
761 305 967 347 provincias¹
993 306 1056 337 sire
1079 318 1096 338 a

363 358 456 389 nobis
482 362 536 389 aut
571 369 588 389 a
624 358 880 399 Congrcgatione
908 359 1096 391 eorumdem

363 410 573 443 cardinalium
622 410 810 453 specialiter
851 411 1008 453 deputati,
1032 412 1096 443 exi-

366 473 441 504 gere
466 462 593 505 possint
618 468 650 495 et
671 463 809 496 debeant
831 468 865 495 ut
886 475 957 496 suas
983 469 1096 507 paten-

365 520 411 547 tes
447 525 502 547 seu
528 515 606 548 alias
639 526 855 558 quascumque
886 527 998 548 eorum
1021 516 1096 548 mis-

362 567 480 607 sionis,
517 568 764 609 destinationis,
802 568 1040 601 constitutionis
1065 573 1096 600 ct

362 620 578 662 deputationis
593 621 716 654 litteras
730 621 911 661 exhibeant,
925 622 1027 664 iisque
1042 621 1095 663 qui

361 673 432 705 illas
469 673 622 706 exhibere
659 674 896 714 recusaverint,
930 679 1094 716 tamquam

361 725 452 757 Sedis
479 726 685 768 Apostolicae
721 726 883 768 delegati,
918 726 1094 769 prohibere

362 787 401 809 nc
428 778 594 810 facultates
613 778 673 810 sibi
692 789 751 821 per
768 779 892 811 litteras
914 778 1094 810 huiusmodi

360 840 531 863 concessas
557 836 746 870 exerceant,
774 831 897 874 ipsique
930 832 1095 872 regulares

361 882 523 916 licentiam
556 884 729 916 exercendi
760 895 830 916 suas
853 885 1017 916 facultates
1042 893 1096 925 pe-

362 940 429 968 tere
455 940 626 968 teneantur
643 937 682 968 ab
704 935 817 968 iisdem
835 935 993 978 episcopis
1011 935 1096 967 vica-

360 988 417 1020 riis
436 988 633 1030 apostolicis,
652 998 747 1030 quam
772 987 832 1029 ipsi
850 988 1012 1029 denegare
1029 997 1095 1018 non

361 1040 507 1080 debeant,
524 1040 584 1072 nisi
603 1041 636 1072 in
649 1050 722 1072 casu
739 1040 843 1081 gravis
864 1049 977 1072 causae
992 1040 1094 1072 dictae

360 1092 610 1135 Congregationi
628 1093 838 1125 cardinalium
858 1092 1095 1125 communican-

360 1145 430 1177 dae.
459 1145 557 1178 Porro
587 1145 663 1178 dicti
695 1146 880 1187 regulares,
909 1145 941 1177 in
969 1146 1095 1178 defectu

360 1199 565 1231 sacerdotum
589 1199 813 1239 saecularium,
839 1209 905 1231 non
929 1199 1034 1231 solum
1060 1199 1095 1230 ti-

361 1253 425 1284 tulo
439 1252 613 1291 charitatis,
632 1253 687 1284 sed
706 1252 799 1284 etiam
818 1251 966 1291 iustitiae,
984 1262 1094 1284 curam

360 1304 539 1336 animarum
558 1310 727 1337 teneantur
748 1315 908 1344 exercere,
927 1310 966 1340 et.
986 1310 1096 1347 quate—

360 1368 420 1390 nus
445 1357 477 1389 id
502 1358 607 1390 facere
641 1362 801 1397 recusent,
829 1368 845 1389 a
869 1357 994 1390 vicariis
1019 1368 1095 1400 apo-

360 1410 483 1444 stolicis
509 1411 548 1443 ad
578 1412 640 1443 tale
666 1421 783 1443 munus
814 1411 999 1443 obeundum
1024 1411 1094 1453 cogi

360 1464 498 1506 possint.
524 1463 798 1507 Quotiescumque
830 1475 906 1503 vero
931 1465 1095 1506 regulares

360 1515 420 1548 sub
439 1517 531 1550 titulo
551 1516 830 1549 missionariorum
848 1527 957 1549 curam
974 1517 1096 1549 anima-

360 1580 429 1602 rum
445 1571 652 1609 exercebunt,
671 1570 791 1602 subditi
813 1570 885 1609 sint,
903 1570 1009 1612 quoad
1026 1570 1097 1601 sun-

361 1623 485 1655 ctiones
511 1623 735 1665 parochiales,
769 1622 941 1655 visitationi
971 1627 1002 1655 et
1026 1633 1096 1655 cor-

361 1674 518 1708 rectioni²
545 1675 735 1708 vicariorum
763 1675 1014 1717 apostolicorum
1043 1681 1096 1708 aut

359 1728 617 1771 provicariorum
643 1728 844 1767 eorumdem,
867 1728 952 1760 iuxta
978 1729 1096 1760 consti-

362 1781 518 1814 tutionem
535 1781 729 1814 recolendae
755 1780 931 1813 memoriae
949 1780 1094 1823 Gregorii

360 1835 419 1867 PP.
450 1834 510 1874 XV,
532 1833 791 1877 praedecessoris
817 1834 937 1876 pariter
967 1835 1069 1867 nostri
1085 1862 1092 1875 ,

361 1897 444 1930 quae
469 1886 582 1929 incipit
608 1886 825 1918 Inscrutabz'li
844 1886 903 1918 Dei
931 1888 1096 1929 providen-

362 1940 425 1979 tia‘,
452 1945 525 1979 etc„
544 1949 628 1971 anno
654 1938 886 1971 Incarnationis
911 1939 1094 1972 Dominicae

360 2002 501 2033 MDcxxn,
517 1991 610 2024 nonis
624 1991 785 2031 februarii,
799 1991 929 2032 editam;
948 2002 1007 2024 nec
1024 1993 1095 2026 sine

361 2045 490 2079 licentia
515 2045 705 2078 eorumdem
730 2045 923 2077 vicariorum
941 2047 1096 2088 apostoli-

360 2109 484 2139 corum,
513 2103 544 2131 et
568 2099 669 2131 multo
701 2097 807 2130 minus
842 2103 953 2131 contra
983 2110 1095 2132 eorum

360 2153 567 2191 voluntatem,
583 2151 680 2184 liceat
696 2151 901 2193 regularibus
927 2152 1095 2185 aedificare

362 2209 394 2237 et
417 2204 541 2248 aperire
567 2203 719 2237 ecclesias
741 2203 774 2235 in
799 2204 877 2236 locis
896 2205 951 2237 ubi
968 2205 1028 2247 ipsi
1047 2206 1095 2238 vel

362 2257 417 2290 alii
434 2256 627 2289 missionarii
641 2256 773 2289 alterius
788 2255 915 2288 Ordinis
933 2267 988 2289 seu
1007 2268 1096 2300 pres-

362 2309 467 2352 byteri
499 2310 680 2342 saeculares
711 2308 862 2341 similiter
900 2309 1095 2343 missionarii

364 2361 515 2394 ecclesias
541 2362 680 2402 habent3
698 2362 753 2394 ubi
779 2373 854 2395 vero
880 2369 1010 2405 apertae
1031 2375 1096 2397 non

363 2420 448 2455 sunt,
471 2414 597 2457 possint
628 2415 667 2447 ad
696 2415 828 2447 sormam
853 2416 1098 2459 privilegiorum

363 2473 395 2501 et
418 2468 602 2500 facultatum
625 2467 701 2511 ipsis
726 2479 963 2501 concessarum.

400 2551 409 2575 1
430 2547 478 2574 Hic
493 2556 524 2574 ex
544 2547 602 2575 loco
622 2548 715 2583 parall.
733 2549 883 2584 supplenda
904 2549 986 2576 verba
1004 2550 1061 2577 sive
1080 2559 1098 2577 α

362 2595 421 2621 suis
435 2593 633 2627 superioribus
649 2593 708 2620 nisi
722 2594 779 2621 sint
794 2596 830 2628 (R.
847 2594 895 2627 T.).

397 2639 413 2665 2
432 2638 498 2665 Male
518 2637 582 2664 edit.
598 2637 676 2663 lllain.
697 2637 760 2672 legit
779 2638 939 2666 collectioni
958 2639 996 2673 (R.
1017 2639 1066 2673 T.)-

451 2692 529 2721 Bull.
552 2693 633 2720 Rom.
651 2706 684 2712 —-
703 2692 759 2719 Vol.
779 2692 883 2719 XVIII.
1026 2694 1060 2721 5*⁷

1778 256 1841 288 449
1888 267 1977 292 me.
2004 267 2068 292 1873

1182 309 1196 349 ᾗ
1222 307 1274 339 12.
1299 308 1374 341 Cum
1400 315 1524 350 autem,
1552 322 1627 353 prae
1664 313 1871 345 multitudine
1922 327 2054 353 νμηηιιόμ.

1139 360 1376 402 neophytorum
1398 361 1429 393 in
1452 365 1514 394 uua
1533 363 1696 405 provincia
1722 370 1775 396 aut
1797 354 2053 399 mi-*¹‘;‚¹,:;,*,;‘'·*¹g;„2‘'

2006 413 2016 431 ν
2035 413 2065 425 m-

1139 415 1213 452 tate,
1229 413 1278 444 vel
1297 424 1371 455 prae
1392 415 1491 446 nimia
1506 415 1630 447 earum*
1647 416 1869 458 amplitudine,
1883 412 2066 455 !.'.'.¹.‘.1¹,'''(iamt,.>,

1138 473 1219 495 uuus
1256 470 1308 496 aut
1333 467 1421 505 alter,
1448 467 1502 509 qui
1529 467 1574 499 eis
1599 473 1772 510 praesunt,
1798 461 1921 500 mis-'‘⁴⁴''

1127 515 1266 549 ‘sionarii
1302 529 1366 551 non
1400 520 1581 559 sufficiunt,
1609 520 1728 563 aliique
1754 531 1872 563 suppe-

1140 572 1210 601 tunt
1234 572 1418 604 sacerdotes
1436 573 1614 605 saeculares
1641 578 1688 604 aut
1716 573 1870 614 religiosi,

1140 619 1211 652 licet
1245 623 1378 655 alterius
1415 623 1564 663 Ordinis,
1592 635 1728 667 quorum
1766 631 1871 657 [arnon

1138 673 1318 706 subsidium
1344 686 1402 708 nec
1427 676 1472 708 illi
1498 682 1676 718 quaerunt,
1704 688 1764 709 nce
1789 677 1874 709 ohla-

1140 728 1204 757 lum
1238 727 1421 770 recipiunt·,
1457 734 1540 768 tunc,
1568 729 1677 761 habito
1711 730 1875 762 dumtaxat

1139 784 1287 821 respectu
1306 781 1344 812 ad
1364 781 1615 813 christianorum
1638 782 1872 821 necessitatem,

1139 831 1264 871 possint
1281 838 1312 864 et
1326 834 1465 865 debcant
1478 834 1586 866 vicarii
1601 835 1874 878 apostoliciprae-

1140 882 1214 914 dicti
1240 886 1407 926 operarios
1435 886 1663 928 multiplicare,
1702 887 1873 929 parochias

1140 935 1292 976 dividere,
1319 937 1446 980 aliaque
1473 939 1632 971 eiusmodi
1658 941 1770 979 facere,
1789 940 1875 972 iuxta

1139 989 1339 1031 praescripta
1364 1001 1381 1022 a
1406 991 1503 1022 sacris
1529 991 1708 1024 canonibus
1740 997 1771 1024 et
1794 992 1875 1025 Con-

1139 1040 1202 1072 cilii
1222 1040 1402 1074 Tridentini
1420 1043 1571 1076 decretis.
1598 1044 1726 1076 Possint
1744 1056 1874 1088 quoque

1139 1092 1236 1126 iidem
1254 1094 1362 1126 vicarii
1381 1096 1551 1138 apostolici
1570 1096 1699 1138 exigere
1718 1108 1734 1129 a
1752 1100 1877 1139 regula—

1138 1146 1226 1179 ribus
1242 1148 1399 1180 rationem
1417 1148 1615 1181 executionis
1630 1150 1754 1192 piarum
1768 1153 1877 1183 volun-

1139 1205 1245 1241 tatum,
1265 1206 1423 1243 quatenus
1445 1202 1483 1233 ad
1505 1202 1577 1234 illas
1596 1204 1803 1245 exequendas
1820 1204 1876 1236 de-

1137 1257 1298 1294 putentur.
1311 1254 1490 1294 Practerea,
1502 1255 1586 1286 iuxta
1612 1256 1876 1288 constitutionem

1138 1308 1331 1345 recolendae
1367 1308 1542 1341 memoriae
1575 1308 1694 1340 Urbani
1721 1309 1778 1341 PP.
1798 1310 1872 1349 Vlll,

1138 1360 1398 1401 praedecessoris
1423 1361 1544 1403 pariter
1569 1361 1693 1400 nostri,
1720 1362 1875 1403 quae‘iu-

1138 1411 1216 1454 cipit
1244 1412 1293 1444 Εἱι·
1325 1412 1428 1445 debito
1450 1413 1627 1456 pastoralis
1650 1413 1770 1455 officii,
1799 1418 1874 1453 etc,

1139 1464 1163 1495 si
1189 1465 1270 1497 forte
1296 1465 1423 1508 aliquae
1455 1466 1694 1499 controversiae
1719 1466 1805 1499 inter
1829 1478 1878 1499 re-

1140 1518 1268 1560 ligiosos
1301 1519 1459 1551 dictarum
1492 1519 1633 1562 partium
1667 1520 1767 1561 (quod
1793 1520 1876 1552 Deus

1140 1572 1273 1612 avertat)
1300 1571 1454 1611 oriantur,
1480 1572 1649 1603 memorati
1675 1571 1783 1603 vicarii
1802 1582 1878 1614 apo-

1139 1624 1241 1656 stolici
1265 1630 1427 1667 tamquam
1447 1624 1537 1657 Sedis
1556 1624 1763 1667 Apostolicae
1790 1625 1877 1656 dele-

1140 1677 1211 1718 gati,
1234 1677 1305 1709 illas
1332 1677 1482 1709 decidere
1508 1682 1539 1709 ct
1565 1676 1779 1709 determinare
1804 1687 1877 1719 pos-

1139 1730 1202 1761 sint
1227 1735 1258 1762 et
1282 1731 1431 1762 debcant.
1459 1730 1490 1762 Si
1515 1740 1591 1762 vcro
1618 1730 1764 1772 graviora
1781 1740 1877 1772 quae·

1139 1784 1212 1815 dam
1237 1784 1365 1825 negotia
1390 1782 1623 1823 Occui·l‘et'etll²‚
1642 1794 1679 1815 ea
1699 1783 1738 1815 ad
1764 1794 1822 1815 nos
1847 1789 1878 1815 et

1140 1836 1301 1868 Romanos
1327 1836 1497 1869 Pontifices
1527 1846 1730 1868 successores
1750 1841 1878 1868 nostros

1140 1894 1258 1931 quanto
1280 1888 1371 1921 cilius
1396 1890 1434 1921 ab
1460 1888 1573 1921 iisdem
1599 1888 1726 1920 vicariis
1753 1894 1877 1931 aposto-

1139 1942 1208 1975 licis
1233 1942 1421 1981 referantur,
1438 1947 1479 1981 ut,
1497 1941 1582 1984 quod
1601 1941 1633 1973 in
1650 1941 1714 1973 illis
1739 1946 1878 1974 statuen-

1140 1995 1214 2028 dum
1241 1995 1344 2034 fuerit,
1371 1997 1495 2027 matura
1521 1994 1759 2028 consultatione
1786 1996 1877 2027 adhi-

1138 2047 1216 2087 bita,
1244 2047 1448 2079 decernatur.

1183 2100 1197 2142 ᾖ
1222 2098 1275 2132 13.
1304 2100 1349 2132 Ad
1377 2100 1467 2138 haec,
1492 2100 1597 2142 quoad
1630 2104 1703 2131 vota
1735 2100 1876 2132 catechi-
1928 2110 2070 2129 vmuuuotw-

1139 2157 1270 2194 starunffi.
1287 2152 1453 2184 statuimus
1482 2153 1604 2195 pariter
1629 2158 1659 2185 et
1684 2136 2069 2185 ordinamus2¹.'<⁴i.'-‘‹¹-ii'1'.'i.2e‘¹¹¹⁴iff

1885 2192 1967 2208 intumit
1997 2189 2068 2208 samse

1140 2211 1247 2238 votum
1272 2205 1488 2245 obedieutiae,
1514 2216 1578 2248 quo
1604 2205 1756 2237 nonnulli
1782 2215 2067 2248 ιῈςιι-Γεκυιηγωω,ω

1883 2247 1923 2261 nou
1933 2244 2002 2261 exunt!
2014 2248 2025 2260 a
2038 2242 2069 2260 *h-

1139 2261 1222 2291 lares
1249 2269 1303 2291 eos
1321 2258 1537 2300 obstringunt,
1553 2259 1675 2291 eisdem
1697 2269 1761 2291 non
1780 2259 1977 2301 impe-remum
2001 2267 2068 2285 mc...-

1140 2311 1208 2344 dire
1225 2311 1272 2343 sui
1291 2311 1388 2344 officii
1406 2311 1592 2344 exercitium
1617 2311 1676 2343 suh
1694 2300 2069 2366 directione{332'1'f-xl‘15‘3'11'3¹¹¹0'1'3

1140 2365 1298 2398 dictorum
1323 2364 1513 2397 vicariorum
1549 2364 1799 2406 apostolicorum
1825 2375 1877 2397 eo-

1141 2427 1276 2460 rumque
1300 2417 1564 2460 provicariorum,
1586 2427 1645 2449 nec
1670 2417 1749 2449 illud
1773 2416 1877 2459 impe-

1176 2508 1187 2533 1
1210 2506 1239 2533 In
1259 2506 1316 2533 loco
1336 2506 1465 2541 parallelo
1481 2514 1513 2532 ex
1529 2505 1684 2532 coniectura
1704 2505 1815 2540 legimus
1836 2507 1878 2534 vel

1137 2551 1360 2585 prouinciarum
1372 2559 1418 2585 pro
1432 2551 1554 2584 velprae
1566 2551 1656 2577 nimici
1668 2551 1815 2584 ear-umor.
1827 2552 1877 2577 τ.).

1175 2596 1190 2621 2
1210 2594 1303 2629 Aptius
1323 2594 1349 2621 in
1377 2594 1435 2622 loco
1457 2594 1583 2630 parallelo
1606 2594 1673 2629 legit
1698 2594 1877 2622 occurrerint

1142 2641 1179 2675 (R.
1193 2638 1244 2674 Τ.).
