2279 3260
231 270 269 294 ΛΠ
303 269 325 295 (ἶ,
352 270 415 295 tttsst

262 331 354 350 l'unttt'vx
371 336 411 349 niu<

231 359 251 376 tu
276 362 360 381 propin·
381 356 413 375 di-

462 261 525 292 520

468 318 482 358 ξ
508 317 538 350 3.
560 318 640 351 llinc
657 324 704 351 est
723 318 808 362 qnod
828 328 899 358 nos,
920 317 1064 350 eiusdem
1083 314 1156 347 [idei

230 385 274 402 uos
315 384 413 402 arm-uma
425 370 605 404 catholicae
620 371 867 410 conservationi,
886 382 922 402 ac
939 368 1155 405 ecclesiarum,

232 411 275 432 lunii

297 414 341 429 turi·
358 408 412 428 nulla

231 438 249 453 ω
267 438 324 455 uma.
341 435 411 455 amia-
425 424 692 456 monasteriorum
710 429 738 456 et
758 425 900 456 locorum
915 422 1038 464 piorum
1053 420 1159 452 liuius-

232 465 271 481 nit.

426 476 519 515 modi,
548 477 738 519 illarumque
764 485 974 519 personarunt
1002 472 1158 516 praes-ata-

426 539 495 561 runi
522 528 722 561 indemnitati
748 539 783 559 cx
811 526 973 559 connnissi
999 525 1092 557 nobis
1112 524 1158 556 di-

425 582 541 614 vinitus
560 581 730 625 pastoralis
745 579 839 612 ollicii
860 578 969 611 debito
988 577 1156 620 provideri·

426 635 607 677 cupientes,
632 646 668 666 ac
693 632 859 666 incinerati
882 631 999 663 Urbani
1026 630 1159 673 praede-

426 687 563 719 cessoris
591 686 732 728 vestigiis
765 685 993 723 inhaerentes,
1033 693 1158 715 necnon

428 739 633 771 instrinncnti
656 749 711 770 seu
738 737 914 780 scripturae
942 741 1093 768 tractatus
1111 746 1159 777 pa·

426 792 614 824 vilicationis
647 789 852 828 huiusmodi,
890 788 1099 830 onininniqne
1130 792 1161 819 et

426 845 625 886 singulorum
643 843 720 875 inibi
732 847 968 878 contentormn,
980 846 1010 872 et
1024 841 1159 872 aliorum

427 907 703 939 qnortnncuinquc
731 896 827 927 ctiam
854 894 1038 937 speeilicain
1064 898 1094 925 et
1116 891 1161 924 iti-

428 949 589 982 dividuam
625 948 823 981 mentionem
855 953 886 979 et
918 946 1159 990 expressionem

428 1004 466 1035 de
492 1003 683 1036 necessitate
713 1001 948 1045 1·e‹ptirentinni
977 1007 1105 1032 tenores
1132 1005 1171 1031 ct,

429 1057 528 1096 datas,
547 1056 641 1088 etiam
656 1055 811 1095 veriores,
826 1060 972 1087 celerare
988 1053 1160 1098 quaelibet,

429 1109 524 1141 ctiam
545 1108 681 1151 speciali
701 1108 868 1140 mentione
887 1107 991 1149 digna,
1010 1117 1162 1150 praesen-

429 1161 512 1193 tibus
539 1171 596 1204 pro
615 1162 711 1203 plene
730 1165 760 1193 et
784 1159 981 1192 sufficienter
1002 1158 1160 1201 expressis

429 1226 465 1246 ac
490 1214 527 1246 de
554 1214 653 1246 verbo
678 1214 717 1246 ad
743 1213 876 1245 verbum
896 1212 1024 1244 insertis
1042 1217 1073 1243 et
1091 1222 1163 1244 exa-

430 1267 570 1300 ctissime
591 1266 783 1309 specificans
803 1266 968 1303 habentes,
987 1270 1073 1297 motu
1091 1275 1163 1307 pro-

430 1320 512 1364 prio,
531 1331 567 1352 ac
586 1330 622 1352 ex
648 1321 737 1352 certa
762 1318 897 1351 scicntia
923 1323 954 1350 et
971 1318 1091 1349 matura
1111 1317 1163 1349 de-

430 1372 631 1411 liberatione,
656 1372 761 1414 deque
779 1371 976 1414 apostolicae
995 1369 1163 1413 potestatis

430 1426 642 1470 plenitudine,
658 1429 899 1468 praenarratos,
925 1429 957 1456 et
982 1423 1062 1456 alios
1087 1434 1165 1466 quo-

430 1479 610 1512 modolibet
643 1478 719 1511 dicti
754 1482 907 1510 tractatus
936 1476 1165 1520 pacificationis

430 1532 593 1570 articulos,
620 1535 791 1573 ceteraque
818 1529 849 1561 in
877 1529 1091 1561 instrumento
1109 1539 1163 1561 seu

430 1585 589 1627 scriptura
614 1582 800 1615 huiusmodi
825 1587 985 1621 contenta,
1012 1592 1092 1624 quae
1118 1592 1166 1614 ca-

430 1637 572 1670 tliolicae
599 1635 682 1675 fidei,
710 1635 818 1668 divino
844 1634 958 1671 cultui.
985 1634 1165 1667 animarum

431 1690 538 1730 saluti,
562 1689 635 1722 Sedi
662 1688 881 1732 Apostolicae‚
908 1688 1087 1720 cathedrali
1113 1688 1167 1720 Ge-

431 1743 581 1783 nevensi,
603 1742 755 1785 illiusque
788 1741 906 1774 mensis
933 1740 1109 1784 episcopali
1136 1746 1167 1773 et

431 1795 610 1840 capitulari,
638 1806 674 1828 ac
700 1794 951 1838 particularibus
970 1798 1000 1827 et
1020 1794 1091 1827 aliis
1117 1805 1167 1826 ee-

431 1849 548 1888 clesiis,
575 1847 778 1881 monasteriis
800 1853 832 1880 et
856 1847 936 1880 locis
962 1847 1023 1890 piis
1048 1848 1167 1890 praesa-

433 1903 484 1942 tis,
510 1902 707 1944 illorumque
733 1900 914 1944 respective
939 1900 1099 1944 episcopo,
1122 1910 1167 1932 ea-

432 1956 535 1999 pitulo
561 1960 593 1988 et
617 1954 801 1994 canonicis,
828 1953 1010 1991 rectoribus
1042 1959 1073 1986 et
1097 1953 1167 1986 aliis

432 2008 592 2052 personis,
618 2006 786 2046 membris,
805 2007 913 2046 rebus,
934 2006 1038 2045 bonis,
1061 2006 1168 2039 reddi-

433 2061 530 2101 tibus,
557 2060 809 2099 auctoritatibus,
836 2060 1106 2100 immunitatibus,
1132 2060 1168 2092 li-

431 2113 632 2153 bertatibus,
657 2112 852 2156 privilegiis,
879 2112 1111 2156 praerogativis
1137 2117 1168 2145 et

432 2168 556 2201 iuribus
573 2167 833 2211 quibuscumque
853 2166 1101 2210 quomodolibet
1121 2166 1167 2206 os-

431 2221 561 2261 siciunt,
589 2230 643 2253 seu
676 2218 911 2262 praeiudicium
944 2219 1039 2251 etiam
1075 2219 1168 2251 mini-

431 2283 517 2306 mum
535 2273 694 2311 adserunt,
718 2277 772 2304 aut
789 2271 919 2311 inferre,
933 2282 988 2304 seu
1007 2272 1165 2312 intulisse,

432 2327 480 2360 vel
517 2327 594 2359 alifi<
629 2336 747 2358 nocere
773 2336 827 2358 seu
854 2325 1004 2357 nocuisse
1034 2335 1165 2368 quoquo

432 2381 528 2413 niodo
554 2378 626 2418 diei,
652 2377 789 2417 censeri,
812 2377 978 2421 praetendi
1005 2379 1052 2410 vel
1074 2378 1163 2411 intel-

432 2433 485 2476 ligi
515 2436 665 2475 possent,
691 2442 762 2463 cuni
792 2430 942 2463 omnibus
975 2436 1005 2463 et
1030 2431 1165 2473 singulis

430 2487 504 2519 inde
527 2484 641 2519 secutis
661 2489 692 2517 et
710 2484 978 2527 quamlocumque
998 2483 1165 2524 secuturis,

431 2540 500 2583 ipso
526 2540 594 2571 iure
615 2538 713 2577 nulla,
739 2537 840 2576 irrita,
865 2536 1013 2575 invalida,
1036 2536 1163 2579 iniqua,

431 2593 561 2632 iniusta,
589 2592 747 2630 damnata,
774 2590 961 2633 reprobata,
983 2589 1103 2625 inania,
1124 2589 1166 2621 vi-

430 2646 587 2690 ribusque
624 2649 655 2679 et
680 2644 793 2678 ellectu
825 2642 952 2687 penitus
978 2648 1005 2675 et
1033 2643 1164 2676 omnino

1000 267 1177 291 ntitititttttutt
1202 266 1266 290 ROM
1275 267 1353 291 tNttttt

1936 265 1987 292 An.
2010 265 2029 290 C
2059 264 2125 290 ¹074

1200 325 1297 347 vacua
1321 314 1360 347 ab
1385 315 1455 358 ipso
1490 315 1581 347 initio
1608 315 1704 348 luisse
1731 320 1761 347 et
1788 324 1871 355 esse,
1897 324 1932 346 ac

1200 372 1358 410 perpetuo
1383 367 1459 407 sore,
1475 369 1701 411 neminemque
1727 368 1766 400 ad
1791 368 1933 408 illorum,

1200 430 1254 452 seu
1280 419 1467 452 cuiuslibet*
1493 432 1612 462 eorum,
1639 421 1762 455 etiamsi
1780 420 1933 453 ratilicata

1202 478 1233 505 et
1262 473 1441 505 iuramento
1468 475 1582 507 vallata
1607 474 1678 514 sint,
1697 474 1934 507 observantiam

1203 526 1314 565 teneri,
1341 536 1445 569 neque
1472 538 1507 559 ex
1538 527 1601 560 illis
1628 527 1776 570 cuiquam
1801 527 1933 570 aliquod

1203 577 1260 617 ius,
1286 579 1335 611 vel
1361 578 1532 619 actionem,
1547 584 1600 611 aut
1626 579 1751 612 titulum
1775 580 1869 613 etiam
1887 590 1935 612 eo-

1203 631 1358 671 loratuni,
1396 632 1443 664 vel
1476 631 1666 674 possidendi
1700 638 1753 665 aut
1777 633 1936 675 praescri-

1202 683 1299 716 bendi
1326 694 1465 724 causant,
1485 683 1608 716 etiamsi
1629 684 1806 726 longissimi
1831 690 1862 717 et
1879 685 1936 717 iin-

1202 737 1421 769 memorabilis
1454 736 1608 779 temporis
1633 737 1813 779 possessio,
1841 737 1935 770 etiam

1203 788 1282 821 eitra
1307 789 1403 821 ullam
1429 788 1743 831 interpellationem,
1769 789 1939 822 subsecuta

1204 841 1245 873 sit
1269 842 1318 874 vel
1350 842 1580 884 subsequatur,
1611 841 1802 884 acquisitum
1841 841 1939 874 fuisse

1205 905 1263 927 nce
1284 904 1365 934 esse,
1385 894 1555 937 minusque
1573 895 1640 927 ullo
1656 899 1801 937 tempore
1816 894 1939 937 acquiri

1205 953 1236 981 et
1260 953 1443 991 competere
1475 958 1588 991 posse,
1616 958 1719 991 neque
1753 948 1809 980 illa
1840 948 1940 981 ullum

1205 1007 1318 1034 statum
1352 1001 1457 1034 facere
1484 1001 1531 1033 vel
1558 1000 1686 1040 secisse,
1713 1000 1781 1039 sed,
1805 999 1941 1043 perinde

1205 1066 1241 1088 ae
1273 1054 1297 1087 si
1324 1065 1487 1097 nunquam
1524 1059 1734 1087 emanassent
1769 1063 1829 1086 nec
1860 1053 1943 1086 sacta

1208 1109 1349 1147 fuissent,
1375 1119 1434 1151 pro
1455 1118 1519 1141 non
1547 1107 1732 1140 extantibus
1753 1112 1783 1140 et
1808 1117 1872 1140 non
1899 1107 1943 1139 sa-

1206 1162 1264 1195 etis
1300 1166 1457 1205 perpetuo
1502 1161 1617 1194 haberi
1658 1161 1800 1200 debere,
1829 1167 1941 1193 tenore

1207 1214 1425 1258 praesentium
1452 1215 1652 1247 declaramus
1671 1218 1702 1246 et
1720 1212 1938 1247 decernimus.

1250 1268 1264 1310 ἓ
1289 1267 1319 1299 4.
1348 1267 1383 1299 Et
1397 1266 1619 1306 nihilominus,
1640 1267 1679 1299 ad
1697 1266 1940 1298 abundatiorem
1970 1274 2138 1311 ,omnia-anma-

1207 1321 1377 1360 eautelani,
1403 1324 1433 1351 et
1458 1324 1616 1362 quatenus
1640 1329 1721 1362 opus
1742 1318 1802 1357 sit,
1829 1318 1943 1351 articu-
1953 1301 2138 1362 ἓᾏῖξῖῗωι,”ἶὶ“ᾖ’,ῗξῖ

1207 1373 1255 1405 los
1273 1372 1442 1416 praefatos,
1462 1371 1587 1414 aliaque
1606 1371 1782 1414 praemissa
1810 1376 1844 1403 ut
1857 1354 1990 1414 prae-hm
2005 1356 2026 1374 m
2041 1356 2118 1374 ⁰³⁸⁹&

1210 1426 1307 1457 sertui·
1339 1423 1614 1467 praeiudictiatia,
1641 1429 1750 1463 motu,
1788 1422 1943 1463 scientia,

1210 1477 1444 1510 deliberatione
1480 1482 1512 1509 ct
1540 1477 1710 1519 potestatis
1743 1475 1945 1519 plenitudine

1209 1531 1352 1574 paribus,
1367 1531 1568 1570 damnamus,
1595 1531 1814 1573 reprobamus
1842 1540 1948 1562 cassa-

1209 1595 1291 1625 mus,
1317 1583 1480 1616 irritamus
1508 1588 1539 1615 et
1563 1583 1787 1622 annullamus,
1814 1581 1948 1614 viribus-

1210 1648 1273 1680 que
1298 1642 1329 1670 et
1354 1635 1467 1669 ellectu
1488 1635 1615 1679 penitus
1634 1646 1670 1668 ac
1690 1635 1824 1667 omnino
1838 1645 1947 1668 vacua·

1210 1701 1300 1730 mus·,
1328 1694 1542 1732 aC‚qtt;1tenits
1569 1688 1681 1721 itidem
1706 1699 1789 1731 opus
1816 1688 1865 1727 sit,
1887 1687 1946 1721 Ge-

1210 1753 1386 1776 nevensem
1412 1752 1448 1774 ac
1473 1741 1559 1775 illius
1586 1751 1713 1774 mensas
1735 1742 1877 1784 aliasque
1895 1752 1946 1774 ec-

1210 1795 1332 1835 elesias,
1348 1794 1542 1827 monasteria
1562 1799 1593 1826 ct
1610 1795 1678 1827 loca
1704 1793 1756 1837 pia
1774 1793 1945 1837 praedicta,

1210 1859 1246 1881 ac
1263 1848 1390 1881 illorum
1412 1847 1589 1890 respective
1608 1856 1762 1890 personas
1779 1857 1948 1889 quascum-

1211 1901 1451 1946 que,adversus
1475 1900 1530 1933 illa
1555 1900 1586 1932 in
1613 1900 1776 1942 integrum
1795 1905 1825 1932 et
1842 1899 1948 1942 pristi-

1210 1964 1286 1986 num
1313 1963 1348 1985 ac
1370 1963 1459 1992 eum,
1485 1951 1518 1983 in
1544 1962 1626 1994 quo,
1654 1951 1828 1993 autequam
1854 1960 1948 1992 prae-

1212 1996 1290 2039 latus
1316 2010 1466 2038 tractatus
1487 2004 1721 2048 pacificationis
1746 2003 1893 2040 iniretur,
1912 2012 1949 2034 ae

1210 2066 1282 2093 ante
1308 2057 1511 2102 supradictas
1547 2057 1665 2090 aliasve
1691 2056 1848 2099 quaslibet
1877 2056 1948 2091 hae.-

1210 2113 1384 2146 reticorum
1418 2110 1668 2154 usurpationes,
1700 2109 1880 2142 invasiones
1917 2113 1945 2141 et

1211 2167 1415 2205 rebelliones,
1430 2163 1678 2207 quomodolibet
1703 2167 1804 2202 erant,
1828 2167 1946 2194 statum

1209 2219 1417 2255 restituimus,
1441 2216 1627 2260 reponimus
1652 2221 1682 2249 et
1698 2215 1846 2259 plenarie
1863 2215 1948 2248 rein-

1211 2278 1384 2315 tegramus.

1254 2326 1268 2369 ἓ
1299 2325 1331 2358 5.
1358 2324 1573 2356 Decernentes
1598 2322 1727 2355 easdem
1759 2327 2094 2376 praesentesffltatgscretum
2114 2329 2140 2350 tr-

1210 2380 1342 2416 litteras,
1361 2382 1392 2409 et
1412 2377 1444 2409 in
1463 2376 1507 2408 eis
1533 2380 1686 2408 contenta
1711 2385 1943 2418 quaecumque,
2025 2370 2029 2375 “

1210 2432 1304 2465 etiam
1331 2441 1367 2463 ex
1394 2440 1431 2461 eo
1458 2428 1543 2471 quod
1569 2428 1764 2471 quicumque
1802 2428 1833 2460 in
1854 2438 1945 2471 prae-

1210 2483 1315 2516 missis
1355 2482 1511 2514 intercsse
1548 2481 1704 2513 habentes
1741 2491 1795 2513 seu
1827 2480 1946 2513 hahere

1209 2534 1449 2580 quomodolibet
1477 2534 1737 2577 praetendentes,
1757 2533 1851 2566 etiam
1878 2543 1947 2576 spe-

1247 2609 1253 2632 t
1279 2606 1342 2632 Male
1363 2605 1427 2632 edit.
1450 2604 1527 2632 lllain.
1544 2604 1608 2640 legit
1627 2604 1744 2632 cuilibet
1759 2612 1808 2640 pro
1827 2603 1946 2632 cuiusli-

1209 2651 1251 2677 bet
1271 2655 1310 2686 tn.
1327 2648 1376 2685 12).
