2279 3260
173 249 223 279 An.
240 251 270 279 C.
293 250 360 279 1673

367 303 425 340 est,
450 300 536 332 salva
560 308 687 342 semper
716 297 749 331 in
772 297 960 341 praemissis
994 303 1100 330 aucto-

366 353 459 385 ritate
484 351 754 395 Congregationis
778 351 1019 394 praedictorum
1039 360 1100 383 car-

367 405 535 438 dinalium.

199 469 356 499 Faeniuswdata
410 459 424 500 g
448 457 480 490 3.
506 457 543 490 Et
567 456 718 496 subinde,
738 467 809 489 cum
834 457 939 489 eidem
964 457 1100 489 Alexan-

171 504 218 517 noti

173 550 209 571 tii,
233 550 248 568 *l
271 554 322 568 uuus
345 553 355 567 θ

172 575 253 595 anunm
283 563 530 606 mayr-praefatus
556 562 698 604 Ignatius
729 562 901 606 episcopus
928 563 1008 594 viam
1035 561 1101 593 uni-

171 601 255 622 ⁵¹¹¹¹h¹¹⁵
266 600 356 620 mmai
367 625 474 647 versae
498 614 603 647 carnis
629 615 792 656 ingressus
818 615 936 654 suerat,
963 614 987 646 si
1014 623 1100 653 vero,

366 668 533 710 utriusque
569 668 619 700 vel
644 667 776 700 alterius
800 678 837 700 ex
864 667 956 699 dictis
973 665 1101 698 Franci-

368 731 421 753 sco
456 726 487 753 et
520 720 614 753 Petro
651 720 810 762 episcopis
846 720 937 752 obitu
972 728 1100 762 quoque

368 773 550 813 eveniente,
575 772 719 816 episcopi
745 772 822 805 hinc
847 773 953 805 denuo
974 771 1012 803 ad
1030 781 1102 813 par-

370 832 415 859 tes
442 826 601 869 praefatas
633 826 780 858 mittendi
812 830 930 865 essent,
962 834 1028 856 non
1053 834 1102 856 so-

368 880 432 912 lum
464 878 620 911 maximae
646 878 852 911 difficultates
882 877 1099 920 superandae,

368 931 616 974 gravissimique
634 931 763 964 labores
782 929 967 963 exantlandi
985 930 1101 967 forent,

367 985 424 1017 sed
454 984 548 1017 etiam
581 994 676 1025 grave
710 984 890 1026 periculum
920 981 1104 1015 immineret

367 1047 407 1068 ne
423 1063 430 1076 ,
462 1036 548 1068 inter
572 1036 686 1077 longas
713 1035 865 1078 temporis
892 1045 998 1067 moras
1023 1044 1102 1076 quas

367 1087 565 1120 intervenire
592 1098 726 1120 necesse
753 1088 850 1127 soret,
876 1087 997 1129 grande
1022 1086 1103 1118 illud

367 1151 449 1183 opus
476 1140 665 1173 directionis
690 1140 951 1173 christifidelium
968 1139 1034 1172 irtio
1051 1139 1104 1171 dc-

368 1193 512 1235 gentium
561 1194 858 1236 propagandaeque
908 1192 1104 1225 christianae

369 1246 536 1288 religionis
562 1247 601 1278 ab
629 1246 745 1278 iisdem
770 1246 940 1278 Francisco
959 1251 990 1278 et
1011 1245 1104 1277 Petro

368 1298 530 1341 episcopis
556 1298 763 1331 laudabiliter
787 1298 952 1341 inceptum
973 1298 1104 1330 omnino

369 1351 542 1394 deperiret,
569 1351 636 1394 ipse
658 1352 839 1384 Alexander
859 1351 1102 1394 praedeeessor,

369 1404 408 1436 de
426 1404 642 1446 praefatorum
661 1403 870 1436 cardinalium
888 1403 1033 1441 consilio,
1049 1414 1106 1446 per
1126 1399 1128 1405 ’

368 1456 447 1489 alias
472 1467 545 1489 suas
571 1456 695 1500 pariter
719 1457 752 1489 in
777 1457 877 1489 forma
898 1456 1005 1489 Brevis
1024 1457 1107 1489 litte-

368 1520 419 1542 ras
445 1509 495 1541 die
521 1520 552 1542 1v
578 1510 730 1542 februarii
762 1519 900 1542 MDCLXIV
932 1515 1105 1549 emanatas,

369 1562 434 1596 illi¹
461 1573 497 1595 ex
520 1563 672 1606 praefatis
690 1563 862 1595 Francisco
881 1568 911 1595 et
927 1563 1021 1595 Petro
1040 1563 1107 1605 epi-

369 1617 488 1659 scopis,
515 1617 568 1659 qui
593 1616 695 1655 alteri,
723 1627 819 1659 quem
846 1616 1009 1659 praemori
1033 1627 1107 1648 con-

371 1669 521 1711 tingeret,
556 1675 723 1712 superstes
760 1670 851 1709 soret,
878 1675 912 1701 ut
935 1680 1035 1701 unum
1070 1680 1105 1702 ex

370 1721 568 1765 presbyteris
596 1721 671 1754 hinc
702 1732 774 1754 cum
807 1721 887 1764 ipsis
912 1722 952 1754 ad
979 1722 1107 1755 easdem

370 1780 480 1818 partes
504 1774 670 1817 prosectis,
697 1785 793 1818 quem
824 1774 856 1806 in
881 1775 1016 1807 Domino
1043 1786 1108 1808 ma-

370 1827 418 1869 gis
443 1827 596 1862 idoneum
615 1832 646 1859 et
664 1832 751 1859 tanto
776 1827 900 1860 muneri
918 1829 1107 1870 exequendo

370 1879 526 1922 aptiorem
550 1879 773 1920 iudicavisset,
800 1880 954 1913 ecclesiae
980 1880 1012 1912 in
1036 1892 1110 1924 par-

371 1931 457 1964 tibus
486 1931 666 1964 infidelium
702 1932 903 1973 consistenti,
937 1944 1017 1976 quae
1050 1944 1109 1976 per

371 1985 494 2018 obitum
513 1985 777 2027 praedesuneturi
806 1996 842 2018 ex
871 1985 949 2028 ipsis
969 1987 1109 2029 pastoris

370 2038 482 2070 suisset
516 2038 669 2070 destituta
699 2038 825 2078 solatio,
859 2038 891 2070 in
921 2039 1108 2082 episcopum

371 2095 402 2122 et
426 2095 590 2132 pastorem
608 2091 800 2123 auctoritate
819 2092 997 2133 apostolica
1018 2103 1110 2135 prac-

371 2142 489 2184 ficere,
515 2143 608 2186 eique
634 2143 679 2175 sic
703 2144 868 2187 praesecto
894 2156 1007 2178 munus
1038 2156 1111 2178 eon-

372 2196 564 2228 sccrationis
585 2207 657 2228 cum
676 2197 860 2229 assistentia
877 2197 1014 2230 aliorum
1032 2199 1111 2231 duo-

373 2259 443 2281 rum
468 2249 741 2291 presbyterorum,
767 2251 893 2282 etiamsi
916 2261 980 2283 non
1002 2258 1112 2284 essent

375 2301 520 2343 episcopi
552 2311 611 2334 nee
647 2301 680 2333 in
706 2303 921 2335 ecclesiastica
955 2303 1110 2344 dignitate

373 2354 548 2394 constituti,
574 2354 598 2386 si
624 2355 785 2395 adessent,
812 2356 860 2388 sin
878 2357 994 2396 minus,
1016 2357 1112 2390 etiam

374 2407 442 2440 sine
467 2407 597 2440 illorum
622 2408 817 2449 assistentia,
837 2409 969 2442 servatis
996 2415 1110 2450 tamen,

376 2466 532 2504 quantum
559 2461 650 2492 locus
675 2466 707 2493 ct
733 2466 858 2505 tempus
875 2463 1110 2505 permitterent,

376 2512 587 2545 caeremoniis
611 2513 643 2544 in
669 2514 914 2547 consecratione
941 2515 1112 2558 episcopo-

375 2576 446 2598 rum
471 2565 621 2598 adhiberi
645 2566 762 2607 solitis,
792 2577 827 2599 ac
857 2573 990 2611 recepto
1022 2568 1110 2611 prius

412 2628 423 2653 1
442 2626 510 2653 Male
526 2626 568 2654 ed.
585 2627 666 2654 Main.
683 2628 747 2663 legit
761 2628 820 2655 illis
834 2630 874 2664 (n,
886 2633 933 2662 T.).

992 249 1133 274 CLEMENS
1154 250 1173 274 Χ
1197 250 1245 274 ΡΡ.

173 501 424 548 ,,.,..]““ἷ«,“«ιηξὲ’ἐῗξῖῗάι·ο
450 510 692 553 praedecessori
713 511 848 543 relatum
868 510 989 549 suisset,
1014 509 1099 552 quod
1113 531 1122 542 1

1774 241 1838 274 445
1883 251 1936 276 An.
1952 250 1982 277 c.
2000 249 2068 277 1673

1143 297 1181 330 ab
1205 298 1273 337 illo,
1295 296 1437 330 ciusdem
1456 298 1626 330 Alexandri
1646 299 1876 341 praedecesso-

1143 350 1185 382 ris
1210 355 1241 383 et
1265 351 1429 383 Romanae
1450 350 1613 382 Ecclesiae
1632 351 1772 390 nomine,
1798 350 1876 384 side-

1143 402 1241 435 litatis
1267 403 1395 435 debitae
1421 402 1517 435 solito
1543 402 1735 442 iuramento,
1753 403 1875 445 impen-

1143 455 1219 488 dere
1244 456 1344 488 libere
1370 461 1401 488 ct
1433 455 1520 488 licite
1555 461 1666 498 posset
1690 461 1722 487 ct
1745 457 1874 496 valeret,

1143 508 1325 540 facultatem
1353 508 1434 541 dicta
1468 508 1658 540 auctoritate
1699 508 1810 540 tribuit
1845 513 1877 541 et

1142 560 1321 603 impertitus
1346 566 1404 593 cst.
1440 561 1483 593 Ac
1507 560 1655 593 cumdem
1689 560 1877 603 episcopum

1144 613 1189 645 sic
1207 613 1423 645 ordinandum
1438 624 1473 645 ex
1491 618 1573 652 tunc,
1592 618 1687 657 prout
1705 618 1877 655 postquam

1143 665 1308 698 ordinatus
1327 672 1358 698 et.
1374 671 1579 698 consecratus
1609 666 1722 697 suisset
1738 671 1772 697 ut
1792 676 1879 708 prae·

1144 718 1258 757 fertur,
1277 718 1432 751 vicaruun
1450 719 1665 761 apostolicum
1685 719 1715 750 in
1734 718 1878 761 partibus

1144 771 1335 813 supradictis
1357 771 1428 803 loco
1447 771 1532 803 illius
1551 782 1586 803 cx
1606 771 1757 814 praefatis
1782 771 1880 803 Fran—

1145 824 1228 856 cisco
1255 830 1286 855 et
1309 824 1401 856 Petro
1427 823 1598 866 episcopis,
1633 824 1686 866 qui
1713 823 1802 866 prior
1825 823 1881 855 de-

1145 876 1304 916 cessisset,
1331 887 1403 909 cum
1417 877 1565 909 omuibus
1584 882 1615 909 et
1631 877 1764 918 singulis
1784 877 1881 909 sacul-

1147 929 1264 961 tatibus
1302 929 1331 961 ei
1357 940 1415 971 per
1439 929 1562 962 litteras
1594 929 1772 972 praedictas
1797 929 1882 961 attri-

1145 981 1239 1021 butis,
1267 982 1370 1014 donec
1395 987 1501 1014 tamen
1521 987 1552 1014 et
1572 992 1742 1024 quousque
1760 994 1777 1014 a
1795 992 1882 1024 prae-

1146 1035 1209 1067 fata
1247 1034 1460 1067 cardinalium
1495 1034 1752 1076 Congregatione
1789 1035 1883 1067 aliter

1146 1087 1330 1119 mandatum
1348 1092 1401 1119 aut
1420 1087 1610 1129 dispositum
1631 1087 1749 1132 suisset,
1769 1087 1883 1120 eadem

1147 1139 1339 1172 auctoritate
1365 1138 1538 1181 deputavit,
1565 1138 1729 1171 substituit
1754 1144 1785 1171 et
1810 1139 1883 1171 sub-

1147 1192 1289 1234 rogavit;
1317 1193 1403 1224 salva
1438 1197 1544 1223 tamen
1581 1192 1703 1234 pariter
1733 1192 1765 1224 in
1791 1203 1885 1235 prae-

1148 1244 1255 1277 missis
1276 1244 1464 1276 auctoritate
1490 1244 1591 1276 dictae
1618 1243 1885 1286 Congregationis

1148 1297 1371 1336 cardinalium,
1399 1307 1494 1340 quam
1520 1297 1558 1329 de
1584 1297 1707 1329 eisdem
1732 1298 1886 1340 praemis-

1148 1350 1190 1382 sis
1216 1350 1256 1382 ab
1280 1351 1438 1382 alterutro
1462 1349 1650 1382 eorumdem
1676 1349 1837 1382 Francisci
1856 1355 1888 1382 et

1149 1403 1232 1437 Petri
1271 1403 1502 1446 episcoporum
1537 1403 1723 1446 superstite,
1763 1409 1885 1446 quanto

1149 1456 1242 1489 citius
1266 1456 1336 1489 fieri
1356 1461 1476 1499 posset,
1496 1457 1599 1489 voluit
1615 1455 1685 1489 fieri
1704 1457 1886 1489 certiorem.

1149 1510 1299 1543 Ceterum
1323 1510 1469 1553 praefato
1495 1510 1662 1553 episcopo,
1695 1516 1728 1542 ut
1753 1510 1822 1553 ipse
1847 1510 1887 1542 ad

1150 1563 1332 1603 ecclesiam,
1358 1563 1409 1594 cui
1432 1562 1542 1605 vigore
1568 1563 1682 1595 harum
1707 1562 1886 1595 litterarum

1150 1617 1333 1660 praefectus
1359 1617 1478 1656 suisset,
1513 1616 1665 1659 quamdiu
1693 1616 1749 1649 illa
1778 1616 1816 1647 ab
1841 1615 1887 1647 in-

1151 1669 1298 1702 fidelibus
1324 1669 1537 1709 detineretur,
1558 1670 1725 1709 accedere,
1748 1674 1778 1702 et
1802 1669 1888 1711 apud

1151 1722 1238 1755 illam
1264 1722 1479 1765 personaliter
1503 1722 1647 1755 residere
1682 1722 1816 1755 minime
1843 1727 1888 1755 te-

1151 1780 1291 1814 neretur,
1313 1774 1396 1807 dicta
1413 1774 1601 1807 auctoritate
1622 1774 1766 1807 indulsit.

1195 1828 1209 1870 g
1223 1827 1254 1860 4.
1270 1828 1314 1860 Ac
1327 1828 1544 1869 postmodum,
1555 1838 1626 1860 cum
1643 1828 1775 1870 praefati
1790 1827 1888 1860 Fran·
1912 1839 2009 1859 racanas
2020 1842 2082 1860 enam

1152 1880 1254 1913 ciscus
1285 1885 1317 1912 et
1348 1880 1459 1912 Petrus
1492 1880 1637 1923 episcopi
1670 1891 1729 1923 per
1756 1866 2084 1924 preshy-3325²513ffl5-‘L'p¹5.¹„'

1153 1939 1269 1973 terum,
1297 1944 1394 1975 quem
1418 1933 1495 1965 illuc
1518 1934 1685 1973 miserant,
1711 1933 1797 1966 dicto
1818 1918 2083 1967 Ale-'tiii'f‘u'udffl'ffl''

1153 1987 1273 2019 xandro
1299 1986 1545 2029 praedecessori
1577 1987 1694 2030 exponi
1721 1988 1886 2028 fecissent,

1153 2040 1239 2083 quod
1264 2039 1325 2082 ipsi
1352 2050 1367 2072 e
1394 2050 1427 2072 re
1454 2039 1607 2072 dominici
1628 2039 1734 2083 gregis
1761 2052 1890 2083 magno-

1152 2103 1230 2135 pere
1244 2093 1383 2124 suturum
1402 2092 1639 2133 existimabant,
1653 2093 1688 2133 si,
1704 2094 1888 2136 supradicto

1153 2146 1274 2187 lgnatio
1301 2145 1455 2188 episcopo
1481 2145 1645 2184 defuneto,
1666 2156 1831 2181 successor
1856 2147 1889 2179 in

1154 2198 1306 2230 vicariatu
1331 2197 1521 2240 apostolico,
1548 2198 1578 2230 ei
1602 2198 1686 2230 sicut
1710 2199 1890 2241 praefertur

1153 2251 1354 2290 demandato,
1374 2251 1638 2291 constitueretur,
1654 2251 1739 2284 idem
1755 2252 1889 2284 Alexan—

1154 2304 1210 2336 der
1234 2304 1472 2346 praedecessor,
1493 2303 1531 2335 de
1550 2303 1688 2336 consilio
1707 2304 1888 2347 Congrega-

1155 2356 1251 2388 tionis
1276 2361 1351 2387 tunc
1375 2355 1582 2388 existentium
1609 2356 1752 2388 eiusdem
1773 2356 1886 2389 sim.

1153 2408 1362 2441 cardinalium
1388 2419 1487 2451 super
1511 2409 1650 2450 negotiis
1671 2409 1889 2451 spiritualibus

1154 2461 1243 2503 regni
1261 2461 1409 2493 Sinarum
1426 2461 1464 2493 ab
1484 2471 1522 2493 eo
1541 2461 1723 2503 deputatae,
1739 2472 1794 2503 per
1812 2461 1890 2493 alias

1154 2524 1227 2546 suas
1254 2514 1405 2546 similiter
1425 2513 1457 2545 in
1476 2514 1574 2546 forma
1596 2514 1706 2546 Brevis
1724 2514 1774 2545 dic
1793 2524 1889 2546 xxvut

1154 2567 1307 2599 februarii
1333 2577 1459 2600 MDCva
1481 2567 1644 2610 expeditas
1663 2567 1795 2606 litteras,
1821 2577 1888 2598 rne-

1153 2620 1285 2653 moratis
1318 2620 1490 2653 Francisco
1524 2625 1555 2652 et
1580 2620 1672 2653 Petro
1709 2619 1886 2662 episcopis,
