2279 3260
182 208 232 236 An,
252 208 280 236 C.
300 209 368 238 ¹670

201 1115 211 1140 ς
223 1116 240 1137 1,
252 1116 281 1137 De
293 1116 357 1138 tecto-

175 1142 239 1163 ribus.

1006 214 1149 241 (finimas
1170 219 1186 242 X
1212 219 1258 243 ΡΡ.

375 252 576 294 concionem.
602 260 857 304 Disponentib'us
887 272 960 295 vero
986 274 1109 297 serino-

375 323 430 346 nes
448 324 507 357 pro
526 314 772 357 quadragesima
793 317 863 358 plus
884 317 1039 360 temporis
1061 317 1107 350 in-

375 366 503 409 dulgeat
528 367 691 411 superior.

416 429 484 452 vul.
502 420 595 452 Pater
608 421 814 464 provincialis
832 422 862 455 in
877 424 1017 457 secunda
1035 423 1107 455 visi-

373 472 493 504 tatione
509 473 681 507 cuiuslibet
698 475 827 508 triennii
846 477 1005 509 examinet
1020 487 1107 519 pinc-

373 525 531 558 dicatores
547 526 612 569 (his
642 529 795 571 exceptis,
814 530 867 572 qui
885 535 959 562 sunt
972 530 1020 563 vel
1039 530 1106 562 sue-

372 577 436 610 rint
465 579 602 620 praelati
628 585 681 612 aut
705 582 868 622 lectores,
895 583 943 615 vel
969 582 1022 626 qui
1048 593 1106 625 per

372 630 543 664 duodecim
558 642 658 665 annos
677 634 884 668 laudabiliter
901 646 1015 668 munus
1029 646 1106 667 con-

371 683 521 717 cionandi
548 688 793 731 exercuerunt),
811 693 841 720 et
865 688 990 721 auferat
1010 688 1106 721 sacul-

373 741 469 769 tatem
495 737 534 770 ab
560 738 623 771 illis
652 739 756 783 quiin
777 740 892 773 virtute
918 746 949 774 et
972 741 1104 774 scientia

374 788 492 822 suerint
516 790 693 824 desectuosi
709 793 758 825 vel
776 792 907 826 inutiles
932 793 969 826 ad
990 793 1105 826 anima-

373 853 441 874 rum
468 844 668 886 profectum,
700 850 731 878 et
764 845 802 878 ab
834 846 898 880 illis
927 846 980 890 qui
1011 846 1103 879 titulo

372 895 620 938 praedicationis
647 909 663 929 a
688 898 786 931 choro
805 903 837 931 et
852 899 915 931 vita
939 900 1103 932 communi

370 959 403 980 se
423 949 573 988 eximunt,
593 955 624 983 et
647 951 750 983 Faveat
777 951 944 994 tbveatque
975 961 1030 984 eos
1049 962 1102 995 qui

371 1001 401 1033 in
421 1001 630 1034 concionibus
654 1003 718 1035 suis
738 1003 928 1044 doctrinam,
951 1005 1051 1037 zelum
1073 1009 1104 1037 et

369 1054 517 1097 spiritum
545 1056 731 1088 ostendunt.

413 1117 434 1139 1.
462 1106 556 1140 Pater
581 1109 740 1150 generalis
759 1110 856 1152 eligat
873 1111 1022 1151 lectores,
1041 1115 1102 1143 tarn

368 1159 598 1203 philosophiae
618 1171 711 1203 quam
730 1162 917 1206 theologiae
938 1164 1103 1197 scholasti-

368 1223 433 1252 cae,
460 1213 657 1256 expositivae
684 1220 713 1247 et
739 1216 877 1254 moralis,
904 1217 1102 1260 praeveniat-

368 1276 429 1308 que
455 1276 511 1298 eos
535 1277 589 1299 sex
615 1268 781 1301 mensibus
806 1274 879 1303 ante
904 1281 1042 1311 cursum,
1068 1276 1101 1304 ut

367 1328 400 1350 se
425 1324 629 1361 praeparent,
653 1330 846 1365 semperque
873 1323 1007 1366 deputet
1029 1334 1101 1366 per-

367 1382 464 1404 sonas
489 1372 613 1412 doctas,
639 1374 855 1415 observantes,
875 1381 1018 1409 amantes
1044 1378 1100 1410 do-

367 1434 441 1457 cere
468 1425 647 1458 doctrinam
672 1427 702 1460 S.
730 1427 882 1469 Thomae,
913 1440 978 1462 non
1003 1441 1100 1473 quae-

366 1477 488 1510 stiones
513 1478 642 1512 inutiles
668 1490 722 1512 seu
748 1481 966 1523 periculosas:
994 1488 1025 1515 et
1050 1483 1099 1525 (si

366 1529 433 1563 fieri
459 1531 580 1574 possit)
606 1533 744 1566 lectores
771 1534 834 1566 sint
858 1546 894 1568 ei<
920 1536 1097 1578 provincia,

365 1584 397 1616 in
423 1595 484 1626 qua
509 1590 583 1617 sunt
607 1586 756 1629 collegia,
780 1593 811 1620 et
835 1598 947 1621 omnes
971 1599 1100 1633 semper

365 1636 396 1669 in
414 1637 540 1680 scriptis
565 1637 743 1672 dictabunt.

409 1700 442 1723 u.
471 1690 629 1723 Assistant
649 1702 781 1735 semper
798 1693 935 1727 lectores
960 1696 1097 1728 orationi

364 1742 498 1774 mentali
522 1747 554 1775 et
578 1744 734 1777 matutino
759 1745 937 1779 Nativitatis
961 1747 1096 1789 Domini,

363 1794 504 1828 Paschae
523 1801 553 1827 et
571 1795 784 1837 pentecostes,
808 1798 876 1832 sesti
895 1799 946 1832 SS.
963 1800 1098 1834 Trinita-

363 1848 412 1888 tis,
440 1847 492 1880 SS.
520 1848 725 1890 Sacramenti,
744 1857 784 1892 et,
811 1852 836 1884 si
853 1853 945 1885 suerit
970 1855 1097 1898 exposi-

363 1906 452 1940 tum,
479 1900 511 1932 in
537 1901 650 1934 diebus
675 1902 757 1936 infra
786 1910 943 1946 octavam,
970 1917 1095 1941 necnon

362 1953 519 1987 matutino
534 1955 677 1988 omnium
692 1957 896 1991 festivitatum
911 1959 1027 1993 Christi
1042 1962 1097 1994 Do-

360 2006 450 2047 mini,
469 2012 500 2040 et
525 2007 593 2041 eius
619 2009 840 2044 sanctissimae
873 2012 987 2053 Matris,
1013 2025 1094 2057 quae

361 2059 481 2093 suerint
497 2061 618 2104 primae
645 2063 803 2103 classis,et
827 2070 1011 2099 nostrorum
1041 2079 1096 2111 pa-

363 2114 576 2147 triarcharum
590 2126 596 2147 :
613 2115 760 2150 assistant
774 2118 868 2151 etiam
885 2121 1033 2154 omnibus
1047 2133 1095 2154 ve-

361 2167 477 2210 speris,
505 2178 586 2211 quae
612 2179 683 2201 cum
709 2175 801 2203 cantu
826 2173 1040 2213 celebrantur,
1066 2180 1096 2208 et

361 2218 476 2251 Beatae
494 2220 608 2254 Mariae
631 2227 662 2254 et
681 2222 808 2256 Ordinis
826 2226 942 2265 nostri,
970 2228 1093 2261 etiamsi

361 2281 426 2304 non
443 2279 610 2314 canantur,
626 2275 684 2307 nisi
703 2275 736 2308 in
757 2277 864 2320 aliquo
885 2289 920 2311 ex
943 2280 1010 2312 istis
1029 2282 1095 2313 die-

359 2324 420 2357 bus
440 2325 581 2358 habeant
594 2329 831 2371 conclusiones,
847 2336 877 2364 et
894 2333 989 2365 etiam
1002 2334 1027 2366 si
1043 2335 1093 2367 ha-

1783 219 1846 253 647

1151 266 1283 309 insuper
1307 269 1458 303 assistant
1486 276 1771 316 processionibus,
1802 277 1883 310 anti-

1150 319 1279 361 phonae
1304 321 1397 356 Salve
1423 324 1559 367 Ιῗοῃῖηα,
1584 328 1698 361 officiis
1722 334 1752 361 et
1777 330 1881 363 missis

1150 382 1230 413 quae
1248 379 1417 409 cantantur
1433 388 1493 420 pro
1512 381 1630 413 nostris
1648 382 1809 424 religiosis
1827 384 1883 416 de-

1151 424 1285 467 functis,
1317 429 1452 462 examini
1479 432 1714 474 conscientiae,
1739 436 1882 477 flagella-

1151 476 1228 510 tioni
1244 482 1417 522 communi,
1437 493 1472 516 ac
1489 484 1629 528 deniqne
1643 487 1793 520 omnibus
1811 489 1883 521 arti-

1149 530 1206 563 bus
1221 536 1250 563 et
1268 532 1485 568 sum-tionibus
1499 538 1735 572 communitatis
1749 541 1787 572 ad
1805 542 1881 573 cho-

1150 593 1218 616 rum
1245 595 1309 618 non
1328 588 1581 631 pertinentibus,
1602 593 1744 636 exceptis
1769 594 1797 626 in
1820 595 1880 628 ista

1149 636 1391 672 constitutione.

1192 699 1240 722 111.
1278 690 1435 735 Tempore
1475 706 1586 730 cursus
1619 708 1673 731 seu
1707 699 1881 735 lectionum

1149 753 1277 776 suarum
1302 755 1365 778 non
1391 754 1506 781 exeant
1529 751 1667 785 lectores
1693 753 1730 785 ad
1756 755 1883 797 praedi-

1149 797 1294 837 candum,
1310 809 1415 843 neque
1441 802 1479 835 ad
1505 804 1680 838 audiendas
1706 808 1881 841 consessio-

1148 858 1205 881 nes
1231 855 1319 883 extra
1346 852 1448 885 locum
1468 855 1498 887 in
1525 867 1588 899 quo
1614 863 1664 891 est
1685 861 1878 903 collegium,

1148 900 1178 934 id
1205 907 1311 936 tamen
1337 905 1382 937 eis
1415 907 1522 941 licebit
1548 909 1578 942 in
1612 911 1732 945 maiore
1758 914 1881 947 hebdo-

1148 955 1250 987 mada.

1192 1018 1233 1040 1v.
1261 1009 1456 1054 Religiosus,
1476 1015 1528 1058 qui
1548 1016 1699 1051 habuerit
1718 1019 1881 1054 licentiam

1147 1059 1178 1091 in
1197 1061 1323 1105 scriptis
1337 1074 1353 1095 a
1368 1064 1552 1101 definitorio
1567 1071 1711 1112 generali
1725 1083 1786 1116 pro
1804 1073 1881 1106 scri-

1148 1112 1254 1146 bendo
1280 1115 1363 1148 libro
1389 1118 1443 1160 qui
1477 1121 1559 1164 typis
1591 1124 1793 1158 mandandus
1818 1126 1878 1166 sit,

1130 1167 1405 1209 ¹exemptionibus
1440 1172 1563 1206 fruatur
1598 1176 1714 1219 quibus
1738 1179 1880 1220 gaudent

1147 1219 1295 1261 lectores,
1316 1221 1391 1255 dum
1410 1224 1500 1257 illum
1523 1227 1699 1271 scripserit,
1715 1232 1764 1264 vel
1783 1232 1879 1264 etiam

1146 1271 1220 1305 dum
1246 1275 1432 1318 excudatur,
1451 1278 1475 1310 si
1494 1278 1561 1322 ipse
1587 1283 1782 1316 correctioni
1804 1285 1880 1318 assi-

1145 1330 1218 1367 stat,
1238 1331 1269 1359 et
1283 1328 1403 1361 similes
1418 1331 1590 1375 scriptores
1605 1339 1776 1369 teneantur
1790 1343 1880 1380 quot-

1145 1380 1237 1412 annis
1255 1387 1463 1423 praesentare
1481 1391 1554 1418 ante
1577 1387 1792 1422 definitorium
1812 1393 1879 1424 elu-

1144 1432 1351 1466 cubrationes
1376 1445 1472 1477 suas,
1499 1443 1534 1470 ut
1559 1439 1596 1471 ab
1622 1440 1692 1483 ipso
1718 1442 1879 1476 iudicetur

1144 1494 1182 1516 an
1209 1485 1297 1527 digni
1323 1487 1386 1519 sint
1411 1500 1471 1532 pro
1497 1491 1561 1523 illis
1588 1494 1754 1535 praedicto
1780 1496 1877 1539 privi-

1144 1537 1196 1580 gio
1222 1545 1253 1571 et
1279 1542 1495 1584 exemptione.

1186 1602 1216 1623 v.
1243 1592 1353 1626 Nullus
1366 1595 1538 1638 religiosus
1556 1600 1715 1644 percipiat
1729 1602 1874 1636 redditus

1143 1654 1179 1676 ex
1205 1646 1376 1688 cathedra,
1399 1659 1459 1682 nec
1484 1650 1570 1684 illam
1596 1658 1684 1696 petat
1708 1660 1761 1688 aut
1785 1667 1876 1699 prae-

1143 1697 1261 1738 tendat,
1296 1709 1355 1732 nec
1386 1711 1444 1743 pro
1470 1703 1532 1736 alio
1558 1705 1789 1747 substituatur,
1813 1719 1876 1742 ne—

1143 1760 1213 1792 que,
1232 1755 1266 1783 ut
1282 1752 1363 1785 alius
1382 1764 1451 1787 eam
1466 1756 1668 1799 adipiscatur,
1687 1759 1874 1804 suffragium

1142 1803 1234 1836 serat.

1186 1867 1206 1889 1.
1235 1857 1328 1890 Pater
1351 1861 1512 1902 generalis
1535 1863 1681 1906 designet
1704 1866 1897 1931 religiossd
1912 1884 1958 1932 ⁵t⁵ii
1981 1885 2010 1906 aa
2026 1888 2068 1907 «ιιι-

1900 1916 1941 1931 ΒΠΙ
1960 1917 1983 1932 ΠΙ

1886 1938 1979 1964 collegis.

1141 1909 1251 1952 (unum
1273 1913 1385 1946 saltem
1411 1925 1530 1948 annum
1556 1918 1714 1952 habentes
1732 1923 1875 1965 comple-

1141 1968 1204 1995 tum
1219 1970 1293 2006 post
1305 1967 1553 2013 professionem)
1568 1970 1620 2014 qui
1633 1971 1872 2017 philosophiae,

1140 2017 1323 2060 theologiae
1359 2021 1589 2064 scholasticae,
1617 2027 1812 2069 expositivae
1842 2035 1874 2062 et

1139 2071 1268 2103 moralis
1301 2073 1414 2106 studiis
1446 2077 1585 2109 vacaturi
1617 2079 1699 2119 sint,
1734 2080 1871 2125 illosque

1139 2123 1237 2166 eligat
1262 2125 1376 2159 virtute
1401 2138 1437 2160 ac
1460 2128 1592 2172 ingenio
1617 2133 1802 2175 praeditos,
1827 2136 1872 2168 vi-

1138 2176 1292 2220 ribusque
1319 2179 1475 2222 robustos,
1488 2193 1549 2225 pro
1576 2184 1739 2227 iungendo
1764 2187 1870 2221 studio

1138 2240 1209 2262 cum
1235 2233 1418 2266 austeritate
1443 2235 1524 2268 vitae
1549 2242 1697 2279 nostrae3
1724 2244 1756 2272 et
1780 2246 1870 2274 ante-

1138 2294 1231 2326 quam
1256 2284 1287 2317 in
1313 2287 1487 2330 collegium
1513 2297 1658 2333 pergant,
1679 2303 1734 2325 eos
1753 2295 1870 2331 exami-

1138 2339 1205 2370 nari
1237 2339 1331 2372 saciat
1355 2342 1393 2373 de
1419 2342 1610 2377 sufficientia
1640 2348 1868 2388 grammaticae

358 2379 457 2411 beant
482 2380 705 2415 conclusiones
724 2383 758 2416 in
775 2384 844 2427 ipso
863 2385 922 2426 die,
945 2388 1093 2421 assistant
1136 2402 1153 2423 a
1176 2392 1337 2434 religiosis
1361 2394 1400 2427 ab
1424 2394 1496 2439 ipso
1521 2398 1734 2441 assignandis.

358 2432 476 2465 missae
502 2433 656 2476 solemni,
687 2447 767 2479 quae
794 2438 825 2471 in
850 2441 1024 2482 praedictis
1049 2443 1092 2476 se-

1179 2454 1213 2477 11.
1233 2444 1381 2488 Collegae
1402 2449 1506 2481 nostri
1524 2460 1583 2493 per
1600 2451 1774 2485 triennium
1796 2454 1869 2497 phi-

357 2485 550 2518 stivitatibus
580 2488 782 2531 celebratur,
815 2503 942 2527 necnon
967 2497 1109 2538 primae'
1135 2498 1312 2541 Iosophiae,
1332 2505 1363 2533 et
1386 2511 1446 2544 per
1468 2503 1556 2536 aliud
1579 2504 1751 2539 triennium
1776 2508 1869 2541 theo-

358 2537 390 2570 in
407 2538 516 2580 vigilia
532 2538 719 2581 Nativitatis,
734 2554 837 2578 nonae
855 2545 887 2578 in
906 2547 956 2580 die
973 2549 1091 2582 Ascen-
1133 2551 1239 2594 logiae
1254 2553 1474 2596 scholasticae,
1494 2567 1530 2588 ac
1547 2557 1685 2601 denique
1702 2570 1762 2602 per
1778 2561 1867 2594 bien-

357 2590 457 2624 sionis
474 2591 607 2634 Domini,
626 2598 657 2627 et
674 2595 785 2630 tertiae
802 2600 931 2642 quando
949 2602 1088 2646 canitur,
1133 2603 1221 2638 nium
1253 2608 1449 2651 expositivae
1481 2605 1514 2643 et
1542 2612 1654 2644 morali
1680 2613 1865 2658 theologiae

1895 229 1942 255 An.
1960 230 1987 256 C.
2014 231 2078 257 ¹676
