2279 3260
142 230 193 260 λη.
210 231 238 260 C.
263 232 329 260 ic70

419 292 441 315 1.
468 282 662 314 Procurator
682 282 844 324 generalis
862 282 904 314 sit
920 282 1000 315 alius
1018 283 1068 314 ab·

331 335 387 367 bas
412 334 450 367 ab
475 335 591 367 abbate
617 334 648 368 S.
675 334 764 367 Pauli
791 335 829 367 de
854 334 960 374 Urbe,
984 335 1070 367 inter

331 397 413 430 quos
444 388 634 420 servandam
669 388 861 420 mandamus
891 387 1069 430 provincia-

331 449 402 471 rum
420 439 643 472 alternativam
660 439 796 482 perinde
816 449 851 471 ac
868 438 908 471 si¹
923 439 961 471 ad
981 449 1070 482 prae-

332 492 453 524 dictum
485 492 706 535 procuratoris
739 491 899 533 generalis
929 491 1069 524 officium

331 554 414 577 unus
440 555 475 577 ex
505 544 668 588 prioribus
687 543 911 577 claustralibus
940 554 1070 587 promo—

331 602 472 630 veretur.

420 661 454 684 11.
482 650 568 683 Idem
594 654 787 694 procurator
805 650 835 682 in
854 650 999 693 quolibet
1016 659 1070 692 ge-

331 756 448 798 exponi
476 755 600 795 debeat,
623 765 659 787 ac
683 766 741 798 per
765 759 892 787 secreta
917 755 1068 787 abbatum

330 808 483 851 sutfragia
507 808 706 848 confirmari,
742 813 838 851 prout
862 807 894 839 in
919 807 1069 840 constitu-

331 861 488 893 tionibus.

419 923 468 946 111.
495 913 540 945 Ad
567 912 708 945 officium
733 911 954 955 procuratoris
977 921 1069 953 gene-

331 966 408 998 ralis
427 967 534 998 nullus
552 971 744 1004 assumatur,
759 965 813 1008 qui
832 975 890 1007 per
906 965 1068 1007 integrum

330 1017 499 1050 biennium
521 1018 619 1050 abbas
637 1018 675 1050 de
694 1017 852 1059 regimine
871 1027 936 1049 non
955 1016 1067 1056 suerit,

331 1076 375 1111 et,
402 1080 568 1114 quousque
592 1070 625 1103 in
646 1070 752 1103 officio
776 1069 994 1113 procuratoris
1019 1079 1069 1111 ge-

330 1123 699 1166 neralis.permanserit,
719 1123 795 1165 eligi
820 1133 884 1155 non
909 1121 1012 1165 possit
1036 1121 1068 1153 in

331 1176 551 1216 diffinitorem‚
566 1176 673 1209 necin
697 1176 906 1215 visitatorem,
922 1185 983 1208 nee
1000 1176 1067 1207 ullo

329 1230 427 1262 modo
460 1230 499 1262 ad
532 1229 650 1262 dietam
681 1228 909 1261 celebrandam
943 1227 1067 1260 admitti

328 1283 444 1314 valeat.

418 1345 461 1367 1v.
488 1334 630 1377 Eligatur
662 1334 765 1367 dietus
797 1338 985 1377 procurator
1010 1343 1069 1376 per

329 1393 454 1420 secreta
478 1388 621 1420 omnium
647 1388 817 1427 abbatum,
845 1387 897 1430 qui
924 1386 1068 1429 generali

330 1441 474 1484 capitulo
492 1440 685 1479 intererunt,
700 1439 863 1482 suffragia,
881 1450 919 1471 eo
935 1449 1068 1482 prorsus

328 1494 427 1526 modo
456 1495 556 1536 eaque
591 1493 690 1525 forma
720 1492 839 1535 quibus
875 1491 1068 1524 diffinitores

330 1547 512 1589 eliguntuiq
545 1546 626 1579 itaut
651 1546 789 1588 quilibet
820 1545 918 1577 abbas
944 1544 1070 1588 praedi-

330 1599 373 1632 cti
392 1599 488 1632 officii
514 1609 612 1642 capax
631 1598 795 1641 sigillatim
820 1598 918 1630 totius
936 1597 1068 1640 capituli

330 1652 489 1685 scrutinio
514 1653 691 1685 subiaceat.

418 1715 449 1738 v.
475 1705 671 1738 Procurator
687 1705 719 1737 in
745 1715 783 1737 eo
809 1704 949 1748 capitulo
975 1715 1070 1747 gene-

330 1758 398 1798 rali,
422 1759 454 1790 in
478 1768 540 1801 quo
561 1757 779 1801 procuratoris
804 1757 942 1790 officium
964 1759 1069 1801 exple-

330 1811 423 1851 verit,
450 1816 505 1843 aut
529 1811 568 1843 ab
586 1821 625 1844 eo
643 1821 678 1843 se
702 1810 911 1852 abdicaverit,
928 1812 976 1843 vel
995 1821 1069 1854 quo-

331 1875 394 1907 quo
420 1864 515 1897 modo
542 1864 707 1896 absolutus
733 1864 837 1903 suerit,
856 1864 894 1896 ad
921 1864 1069 1897 dill'iuito-

331 1918 375 1949 ris
401 1923 495 1960 atque
521 1917 697 1950 visitatoris
723 1928 838 1949 munus
864 1918 979 1950 assumi
1006 1928 1069 1950 non

331 1971 446 2014 possit,
467 1981 571 2013 neque
594 1970 669 2012 eligi
687 1970 720 2002 in
739 1971 866 2002 abatem
883 1970 946 2002 sive
969 1970 1069 2003 admi-

331 2023 539 2056 nistratorem
564 2022 595 2055 S.
622 2022 711 2055 Pauli
737 2023 776 2055 de
798 2023 894 2055 Urbe.
914 2022 1070 2060 Quemad—

332 2077 464 2108 modum
488 2076 624 2108 firmiter
648 2076 834 2115 statuimus,
861 2076 946 2118 quod
973 2076 1070 2107 abbas

320 2129 363 2161 S.
380 2129 480 2169 Pauli,
495 2129 677 2161 immediate
696 2134 866 2175 postquam
885 2128 1069 2171 praedictae

333 2183 481 2215 abbatiae
507 2182 649 2224 regimen
669 2176 847 2225 reliquerit,
867 2183 956 2214 nullo
978 2187 1070 2224 pacto

334 2235 364 2267 in
385 2241 627 2278 procuratorem
647 2236 832 2277 generalem
858 2235 933 2277 eligi
956 2235 1067 2277 possit.

422 2299 463 2321 Vl.
490 2288 630 2321 Durante
667 2287 885 2331 procuratoris
911 2288 1071 2329 generalis

335 2340 441 2373 officio
466 2341 535 2383 ipse
560 2347 750 2384 procurator
774 2341 894 2373 nullam
912 2340 1070 2372 abbatiai‘u

336 2394 375 2426 de
395 2394 550 2435 regimine
565 2394 776 2433 administret,
795 2394 851 2426 scd
869 2394 989 2426 titulari
1009 2399 1071 2426 tan-

336 2451 402 2478 tum
429 2444 556 2478 abbatiav
579 2447 620 2478 sit
644 2446 830 2488 insignitus.

424 2509 480 2532 vii.
508 2499 701 2532 praesidens
726 2500 887 2542 generalis
909 2505 940 2532 ct
956 2510 1071 2543 procu-

336 2559 424 2586 rator
450 2553 479 2584 in
505 2553 594 2585 curia
619 2563 682 2585 non
714 2552 840 2595 possint
875 2563 944 2586 esse
976 2553 1070 2585 unius

969 233 1111 259 CLEMENS
1134 236 1152 259 X
1176 235 1223 258 1³1³.

1113 288 1144 315 et
1161 283 1305 316 ciusdem
1332 284 1518 316 monasterii
1538 284 1689 328 professi,
1709 295 1768 317 nee
1786 285 1850 317 duo

1113 335 1244 368 abbates
1258 335 1401 368 eiusdem
1416 337 1603 369 monasterii
1626 335 1762 379 professi
1782 346 1851 379 pos-

1113 387 1178 419 sint
1202 387 1384 420 immediate
1408 399 1490 420 unus
1518 394 1589 431 post
1607 389 1704 420 alium
1724 389 1761 420 ad
1781 398 1851 431 pro-

1113 440 1270 473 curatoris
1290 440 1430 473 officium
1453 441 1652 484 promoveri.

1199 504 1268 526 vui.
1295 492 1419 531 Quanto
1437 498 1581 536 tempore
1602 493 1672 536 quis
1701 503 1850 536 procura-

1113 545 1191 578 toris
1217 545 1323 578 officio
1350 547 1475 578 functus
1502 546 1612 584 l'ucrit,
1639 550 1726 577 tanto
1754 545 1849 577 etiam

1112 597 1235 641 abipso
1250 610 1375 632 cessare
1390 600 1508 631 debeat
1524 599 1687 631 utiterum
1708 599 1744 631 ad
1765 599 1848 631 idem

1089 680 1090 697 ἶ
1111 662 1226 683 munus
1251 652 1368 684 assumi
1395 652 1505 694 possit.

331 704 432 736 nerali
460 703 603 746 capitulo
628 703 761 735 secretis
785 708 910 746 patrum
936 702 1068 735 calculis
1089 702 1090 705 ’

1199 715 1241 737 lx.
1269 704 1338 737 Sive
1369 705 1410 737 ob
1443 710 1579 738 mortem
1607 705 1671 737 sive
1704 705 1745 737 ol>
1772 704 1848 736 alias

1111 767 1221 789 causas
1252 758 1323 800 quis
1347 758 1386 789 ab
1413 758 1518 789 ollicio
1545 757 1708 799 generalis
1734 767 1849 800 procu-

1111 810 1227 842 ratoris
1251 811 1420 850 vacaverit,
1443 816 1494 842 aut
1511 816 1637 843 amotus
1660 810 1766 849 suerit,
1781 810 1848 842 eius

1111 861 1194 894 vices
1219 867 1397 904 exequatur
1415 862 1512 893 abbas
1533 862 1563 894 S.
1585 862 1671 894 l’auli
1690 872 1792 905 usque
1809 861 1847 893 ad

1111 914 1291 957 proximum
1311 914 1487 957 capitulum
1504 916 1675 956 generale:
1693 914 1847 947 inviolato

1112 972 1217 999 tamen
1244 972 1472 1009 perseverante
1491 972 1619 1007 statuto,
1645 968 1728 1010 quod
1747 967 1846 999 abbas

1111 1019 1141 1051 S.
1158 1019 1249 1052 Pauli
1264 1020 1301 1051 de
1316 1018 1400 1052 Urbe
1414 1019 1452 1051 ad
1470 1019 1689 1062 procuratoris
1708 1019 1850 1059 officium¹

1111 1071 1187 1114 eligi
1213 1077 1363 1115 nequeat.

1197 1135 1227 1157 x.
1254 1125 1445 1157 Procurator
1474 1125 1633 1167 generalis
1657 1135 1747 1157 more
1774 1124 1849 1157 soli-

1111 1182 1143 1211 to
1164 1177 1379 1210 iuramentum
1405 1178 1436 1210 in
1465 1178 1613 1210 manibus
1640 1178 1846 1211 diffinitorum

1110 1235 1263 1273 praestet,
1284 1231 1369 1273 quod
1394 1231 1500 1263 nullas
1527 1230 1784 1273 dispensationes
1810 1231 1849 1262 ad

1112 1284 1239 1325 gradus,
1255 1283 1439 1325 dignitates,
1455 1283 1568 1323 ossicia,
1587 1283 1711 1326 aliaque
1729 1283 1849 1315 nostris

1111 1335 1394 1369 constitutionibus
1409 1335 1633 1378 repugnantia,
1648 1341 1711 1368 tam
1730 1346 1789 1378 pro
1803 1346 1848 1375 se,

1111 1399 1206 1431 quam
1223 1399 1283 1432 pro
1301 1388 1372 1421 aliis
1389 1389 1645 1432 quibuscumque
1664 1388 1782 1421 nostris
1799 1399 1850 1421 re-

1111 1442 1244 1485 ligiosis,
1259 1441 1491 1484 cuiuscumque
1506 1441 1701 1474 conditionis
1721 1438 1851 1482 suerint,

1111 1495 1306 1538 impetrabit,
1331 1500 1386 1527 aut
1409 1494 1584 1537 impetrare
1610 1495 1676 1526 sive
1701 1495 1850 1531 obtinere

1112 1547 1264 1580 tentabit:
1290 1548 1374 1590 quod
1405 1547 1430 1579 si
1464 1547 1636 1590 eontigerit
1660 1547 1697 1579 ad
1723 1545 1851 1590 praedi-

1112 1606 1197 1633 ctum
1216 1600 1432 1643 procuratoris
1451 1600 1592 1633 officium
1610 1600 1684 1642 eligi
1702 1600 1851 1632 abbatem

1112 1665 1128 1687 a
1147 1653 1287 1697 capitulo
1306 1653 1448 1696 generali
1465 1654 1642 1694 absentem,
1662 1654 1723 1686 boc
1745 1653 1851 1696 ipsum

1111 1707 1339 1746 iuramentum,
1366 1717 1436 1738 cum
1463 1706 1600 1749 primum
1625 1706 1758 1738 Romam
1779 1716 1852 1749 per-

1110 1760 1246 1805 venerit,
1271 1760 1354 1792 infra
1373 1765 1445 1792 octo
1468 1760 1592 1806 dicrum
1618 1760 1791 1791 terminum
1817 1760 1851 1791 in

1112 1814 1261 1847 manibus
1287 1814 1412 1846 abbatis
1438 1813 1469 1846 S.
1498 1814 1586 1846 Pauli
1611 1818 1791 1856 praestare,
1820 1817 1852 1845 et

1113 1868 1151 1901 de
1168 1867 1263 1899 liuius
1278 1866 1401 1899 decreti
1420 1866 1608 1899 executione
1623 1871 1748 1909 patrem
1762 1876 1853 1908 prae-

1112 1921 1213 1953 sidem
1238 1920 1409 1952 certiorem
1435 1920 1539 1952 sacere
1564 1925 1725 1953 teneatur.

1199 1983 1241 2006 xl.
1274 1972 1326 2005 Bis
1352 1972 1384 2005 in
1414 1983 1499 2005 anuo
1527 1978 1720 2016 procurator
1753 1982 1851 2014 genc-

1113 2027 1187 2059 ralis
1211 2026 1370 2059 rationem
1397 2026 1460 2058 dati
1488 2031 1519 2058 et.
1536 2025 1658 2068 acrepti
1681 2025 1850 2058 abbatibus

1113 2078 1144 2111 S.
1164 2078 1252 2111 Pauli
1270 2079 1308 2111 de
1334 2078 1431 2118 Urbe,
1452 2089 1486 2110 ac
1504 2078 1534 2111 S.
1556 2078 1671 2111 Mariae
1691 2078 1730 2110 de
1748 2077 1850 2118 Farl'a,

1114 2137 1145 2165 et
1169 2136 1320 2174 computa
1345 2131 1376 2163 in
1402 2131 1528 2174 scriptis
1554 2131 1691 2163 reddere
1710 2136 1742 2163 et
1766 2130 1852 2163 exhi»

1113 2186 1191 2217 bere
1211 2190 1358 2217 teneatur
1375 2195 1446 2216 cum
1464 2184 1646 2217 assistentia
1659 2184 1754 2216 unius
1768 2194 1853 2217 eom-

1114 2237 1272 2280 putatoris
1287 2248 1303 2269 a
1321 2237 1510 2270 diffinitorio
1536 2237 1742 2279 designandi.
1762 2236 1850 2274 Quod

1114 2291 1138 2323 si
1164 2292 1225 2324 hoe
1251 2291 1447 2333 neglexerit,
1475 2291 1614 2333 graviter
1639 2291 1670 2322 in
1702 2290 1808 2333 ipsum
1834 2301 1851 2322 a

1114 2346 1253 2388 capitulo
1282 2344 1423 2387 generali
1449 2346 1497 2377 vel
1524 2344 1628 2376 diaeta
1657 2343 1853 2376 animadver-

1115 2398 1245 2430 tendum
1272 2408 1341 2429 esse
1366 2398 1566 2430 mandamus.

1201 2462 1257 2484 ΧΠ.
1285 2451 1363 2483 Cum
1395 2456 1501 2483 autem
1535 2456 1642 2493 patres
1671 2450 1850 2483 visitatores

1115 2505 1345 2537 monasterium
1363 2503 1393 2536 S.
1414 2503 1500 2536 Pauli
1519 2504 1556 2536 de
1572 2503 1654 2536 Urbe
1668 2503 1849 2543 visitabunt,

1115 2563 1306 2600 procurator
1331 2557 1490 2598 generalis
1518 2568 1622 2589 annua
1640 2562 1789 2599 computa
1814 2566 1850 2588 ac

375 2617 385 2643 1
405 2616 566 2643 Particulam
578 2615 735 2643 siaddimus
747 2625 776 2642 ex
788 2615 959 2643 edeberto»
978 2618 1068 2652 (ar).
1092 2630 1095 2653 Ι
1116 2610 1179 2643 dati
1213 2610 1401 2654 acceptique
1427 2610 1567 2643 rationes
1600 2611 1639 2642 ad
1663 2615 1850 2653 procurato-

1766 225 1807 258 85
1855 235 1901 261 Αη.
1919 233 1947 260 e.
1971 234 2032 262 uns.
