2279 3260
171 249 222 276 An.
244 249 273 277 C.
291 251 360 278 1673

365 300 458 341 ciato,
473 302 615 345 quamvis
628 302 811 345 praedictus
823 303 1006 336 Alexander
1015 314 1103 347 prac-

367 353 522 388 decessor
551 360 583 388 et
606 355 799 388 recolendae
832 356 1009 389 memoriae
1034 356 1103 390 Cle-

365 417 457 439 mens
482 407 567 450 Papa
592 407 640 447 lx,
668 407 764 441 etiam
790 409 1023 452 praedecessor
1046 420 1103 442 no-

367 464 456 499 ster,
483 460 705 503 compluribus
741 461 854 493 officiis
891 466 923 494 et
958 461 1101 505 paternis

368 511 649 545 adhortationibus
678 513 878 556 interpositis
896 541 903 554 ,
930 525 1103 547 occurrere

368 563 562 604 studuerint,
581 567 675 598 causa
694 566 880 599 huiusmodi
899 567 1015 599 iterum
1032 577 1103 599 cum

368 616 520 649 omnibus
544 617 631 650 illius
656 618 788 651 annexis
813 619 850 652 ad
875 630 909 652 se
935 625 966 652 et
989 619 1104 652 Sedem

369 670 589 711 Apostolicam
615 671 812 714 praedictam
832 672 945 716 (prout
968 683 1004 705 ex
1023 673 1105 705 litte-

369 722 412 754 ris
427 722 694 765 Congregationis
709 729 785 757 tunc
799 725 1007 758 existentium
1023 725 1106 758 eius-

370 775 442 808 dem
460 775 488 808 S.
508 776 544 808 P..
565 776 599 809 E.
618 777 830 810 cardinalium
848 778 1039 811 immunitati
1057 789 1107 811 ec-

369 829 567 862 clesiasticae
582 835 613 862 et
630 830 859 863 controversiis
874 831 1107 864 iurisdictiona-

370 881 452 915 libus
489 884 751 926 praepositorum
788 884 839 916 die
871 895 948 917 xviu
981 884 1104 927 augusti

370 935 530 969 uncrxxv'
549 936 676 979 scriptis
697 937 795 969 fusius
820 936 946 980 patet²)
965 939 1104 978 avocata,

370 988 509 1021 inhibita
523 997 652 1031 quoque
664 989 1105 1033 specialiterarchiepiscopo

369 1041 519 1074 Ianuensi
532 1052 590 1085 pro
609 1047 755 1085 tempore
782 1042 931 1075 existenti
957 1043 1106 1076 facultate

369 1096 481 1128 utendi
523 1096 598 1128 sede
635 1095 907 1139 archiepiscopali
942 1097 1106 1139 praedicta

370 1149 409 1181 ad
442 1159 544 1182 cornu
580 1149 738 1192 epistolae
775 1149 856 1182 sicut
891 1150 1107 1193 praemittitur

370 1202 535 1241 translata,
563 1201 788 1242 nihilominus,
817 1203 890 1235 dum
911 1213 970 1235 nos
993 1203 1105 1236 eadem

370 1256 505 1297 paterna
541 1266 603 1297 qua
634 1256 805 1288 memorati
836 1256 1106 1298 praedecessores

370 1308 470 1340 nostri
496 1308 741 1350 longanimitate
771 1308 1014 1342 confidebamus
1041 1310 1106 1342 sore

371 1365 405 1392 ut
421 1359 594 1403 aliquando
613 1361 771 1394 eiusmodi
789 1363 1009 1395 controversia
1033 1373 1108 1395 con-

370 1423 482 1455 gruum
502 1419 534 1446 et
553 1414 743 1457 apostolicis
761 1415 899 1448 decretis
926 1415 1106 1459 ritibusque

370 1470 401 1497 et
418 1466 632 1499 caeremoniis
653 1467 882 1501 ecclesiasticis
906 1479 942 1501 ac
959 1468 1106 1511 dignitati

369 1519 638 1563 archiepiscopali
657 1527 910 1555 consentaneum
927 1522 1021 1556 finem
1041 1533 1108 1556 sor-

369 1572 421 1604 tiri
448 1572 596 1613 deberet,
624 1577 748 1607 attenta
772 1576 949 1619 praecipue
975 1576 1107 1619 antiqua

370 1624 583 1668 Reipublicae
598 1627 783 1670 praedictae
803 1628 834 1660 in
850 1628 1026 1662 Ecclesiam
1039 1630 1107 1673 pie-

368 1682 443 1717 tate,
470 1685 601 1721 praeter
625 1690 755 1713 omnem
780 1691 870 1724 spem
895 1686 925 1714 et
949 1693 1013 1715 non
1038 1683 1105 1716 sine

369 1730 455 1773 gravi
489 1731 585 1765 animi
622 1733 727 1766 nostri
760 1734 910 1767 molestia
940 1735 978 1768 ad
1011 1746 1105 1769 aures

368 1788 494 1816 nostras
510 1786 706 1827 pervenerit,
718 1786 1011 1830 interpraedictum
1021 1788 1107 1822 Ioan-

368 1846 441 1868 nem
467 1837 643 1880 Baptistam
670 1839 950 1883 archiepiscopum
976 1851 1012 1874 ex
1033 1845 1104 1882 una,

367 1899 403 1920 ac
420 1889 556 1923 dilectos
582 1890 664 1924 lilios
688 1892 814 1925 nobiles
831 1893 918 1927 viros
940 1895 1053 1928 ducem
1075 1901 1106 1929 et

367 1940 601 1984 gubernatores
616 1943 718 1977 dictae
731 1944 941 1988 Reipublicae
953 1948 1105 1981 exalterat

365 1994 520 2036 partibus,
545 1995 657 2028 initam
683 1997 790 2038 fuisse,
808 1998 901 2031 nobis
920 2004 951 2032 et
971 2000 1106 2042 Aposto-

365 2046 426 2079 lica
442 2046 523 2080 Sede
537 2047 743 2090 inconsultis,
758 2051 930 2093 quamdam
948 2058 1104 2086 assertam

365 2101 613 2134 transactionem
645 2102 711 2136 sive
743 2105 1016 2146 conventionem,
1046 2117 1104 2149 per

366 2163 471 2197 quam,
491 2154 515 2187 si
536 2150 765 2198 valida'fforet,
793 2168 889 2201 grave
914 2160 1103 2203 metropoli-

365 2211 458 2240 tanae
484 2208 641 2242 ecclesiae
659 2215 691 2242 et
708 2210 980 2256 archiepiscopali
1001 2213 1104 2256 digni-

365 2259 422 2292 tati
449 2259 598 2294 lanuensi
625 2263 861 2305 praeiudicium
890 2265 1084 2299 inferretur:

199 2319 353 2366 mqectarlauiia
409 2313 423 2355 g
449 2313 479 2345 ΕΞ.
506 2314 587 2347 Hinc
613 2320 661 2347 est
686 2317 770 2359 quod
794 2328 871 2358 nos,
903 2318 957 2361 qui
982 2319 1099 2352 iurium

169 2353 270 2394 'r'tiniissa'ff
292 2352 304 2367 ¹¹
341 2353 656 2400 ¹'ecclesiasticorum
693 2376 870 2404 assertores
901 2371 934 2404 in
965 2373 1059 2406 terris
1084 2384 1102 2406 a

364 2418 497 2452 Domino
511 2421 675 2454 constituti
694 2433 811 2464 sumus,
829 2425 1100 2469 metropolitanae

363 2472 520 2506 ecclesiae
557 2478 589 2506 ct
620 2475 909 2520 archiepiscopalis
935 2478 1100 2521 dignitatis

399 2552 409 2578 1
428 2551 543 2579 Videtur
552 2552 744 2588 legend.1665‚
757 2555 802 2582 vel
816 2555 906 2583 forsan
923 2558 992 2584 1657
1007 2559 1097 2593 (nm).

399 2597 409 2622 1
429 2595 575 2630 Perperam
584 2596 648 2624 edit.
662 2597 740 2625 Μαίη.
754 2599 817 2634 legit
830 2601 945 2634 pariter
959 2610 1008 2637 pro
1019 2607 1099 2637 pacet

362 2640 399 2676 (a.
416 2640 465 2675 τ.).

1006 254 1149 280 CLEMENS
1171 257 1190 280 X
1214 255 1263 281 PP·

1769 248 1834 282 339
1881 256 1930 283 An,
1949 256 1978 284 c.
2003 256 2074 284 ¹672

1145 304 1381 347 praedictarum
1405 304 1700 346 honorificentiam,
1725 305 1884 349 praeemi-

1146 357 1282 398 nentias,
1304 357 1548 401 praerogativas
1564 362 1595 391 et
1617 358 1687 391 iura
1710 368 1884 402 quaecum-

1146 420 1209 452 que
1233 415 1320 443 sarta
1344 415 1449 452 tecta,
1478 415 1575 455 atque
1601 410 1664 444 illis
1689 410 1775 444 bona
1800 410 1883 443 tueri

1147 467 1178 495 et
1194 473 1400 504 conservare,
1419 474 1455 497 ac
1471 463 1505 496 in
1526 463 1724 507 praemissis,
1743 473 1778 496 ex
1797 473 1884 496 com-

1131 514 1261 548 ¹missae
1279 515 1372 549 nobis
1397 516 1530 550 caelitus
1548 515 1798 559 dispensationis
1815 525 1884 547 mu-

1146 578 1244 609 nere,
1272 574 1456 612 opportune
1487 569 1659 613 providere
1694 568 1882 612 cupientes,

1146 631 1275 655 necnon
1288 623 1474 665 praedictae
1488 622 1716 656 transactionis
1736 632 1791 655 seu
1805 631 1884 654 con-

1146 673 1327 715 ventionis,
1350 675 1484 719 eiusque
1510 675 1719 709 articulorum
1751 685 1808 708 seu
1833 685 1885 708 ca-

1147 727 1322 769 pitulorum
1359 739 1637 772 quorumcumque
1674 728 1789 762 seriem
1806 755 1813 769 ,
1849 738 1886 761 ac

1148 780 1379 823 scripturarum
1397 786 1429 814 et
1446 782 1651 815 decretorum
1666 781 1887 825 quorumlibet

1148 832 1289 875 desuper
1314 834 1424 867 forsan
1458 835 1569 878 quovis
1599 835 1696 868 modo
1721 834 1886 868 consecto-

1148 895 1217 917 runi
1231 891 1262 918 et
1275 892 1499 920 emanatorum
1516 892 1658 928 tenores,
1677 888 1778 921 aliave
1793 898 1887 931 quae·

1148 948 1285 981 cumque
1311 939 1406 972 etiam
1431 940 1616 983 specificam
1637 945 1670 973 et
1685 940 1886 974 individuam

1148 992 1349 1025 mentionem
1367 997 1399 1026 et
1415 994 1658 1037 expressionem
1674 995 1884 1038 requirentia,

1148 1045 1376 1087 praesentibus
1410 1057 1468 1089 pro
1504 1047 1602 1090 plene
1632 1052 1665 1080 et
1688 1047 1888 1081 sufficienter

1149 1097 1310 1140 expressis
1329 1109 1365 1131 ac
1382 1098 1421 1132 de
1445 1100 1544 1132 verbo
1573 1100 1611 1132 ad
1632 1101 1766 1133 verbum
1789 1100 1888 1134 inser—

1151 1149 1189 1182 tis
1223 1156 1255 1183 et
1284 1151 1488 1185 exactissime
1519 1157 1614 1196 atque
1646 1153 1887 1187 accuratissime

1149 1202 1342 1246 specificatis
1367 1204 1539 1246 habentes,
1566 1210 1654 1239 motu
1679 1206 1822 1250 proprio,
1853 1218 1890 1240 ac

1150 1266 1186 1288 ex
1212 1259 1299 1289 certa
1316 1257 1453 1291 scientia
1469 1264 1501 1291 et
1514 1261 1637 1292 matura
1654 1259 1889 1293 deliberatione

1150 1308 1277 1349 nostris,
1297 1310 1402 1353 deque
1418 1312 1614 1354 apostolicae
1631 1312 1802 1356 potestatis
1820 1314 1890 1357 ple-

1150 1362 1308 1403 nitudine,
1321 1364 1468 1397 eamdem
1483 1365 1734 1399 transactionem
1750 1377 1805 1400 seu
1818 1378 1889 1400 con-

1149 1415 1333 1449 ventionem
1358 1428 1376 1449 a
1400 1424 1577 1452 memorato
1602 1419 1723 1453 Ioanne
1745 1420 1889 1464 Baptista

1150 1469 1399 1513 archiepiscopo
1431 1481 1501 1504 cum
1536 1473 1711 1515 praedictis
1745 1474 1826 1507 duce
1858 1480 1890 1508 et

1151 1521 1434 1564 gubernatorilms‚
1467 1525 1517 1557 vel
1543 1531 1675 1566 senatu,
1707 1532 1761 1559 aut
1791 1528 1890 1570 magi-

1150 1575 1303 1608 stratibus
1323 1602 1330 1616 ,
1365 1576 1501 1621 aliisque
1533 1578 1698 1622 quibusvis
1731 1580 1887 1614 ministris

1151 1628 1253 1661 dictae
1267 1628 1478 1672 Reipublicae
1499 1631 1664 1665 Ianuensis
1682 1643 1781 1676 super
1794 1644 1889 1676 prae-

1150 1683 1278 1714 narrata
1303 1684 1522 1716 controversia
1547 1685 1794 1728 quomodolibet
1828 1686 1889 1719 ini-

1150 1739 1234 1775 tam,
1261 1734 1395 1779 eiusque
1420 1737 1573 1771 articulos
1597 1743 1628 1772 et
1653 1739 1795 1783 capitula
1829 1750 1888 1773 seu

1149 1792 1241 1830 pacta
1267 1799 1499 1833 quaecumque,
1519 1801 1646 1824 necnon
1663 1792 1839 1836 scripturas
1856 1799 1888 1826 et

1149 1839 1280 1873 decreta
1312 1842 1476 1885 quaelibet
1507 1843 1648 1887 desuper
1682 1846 1831 1878 confecta
1856 1851 1888 1879 et

1149 1898 1296 1926 emanata
1309 1896 1499 1938 respective,
1515 1907 1587 1929 cum
1605 1897 1756 1931 omnibus
1775 1903 1807 1932 et
1823 1899 1887 1932 sin-

1149 1946 1232 1987 gulis
1249 1946 1281 1979 in
1302 1947 1348 1980 eis
1375 1958 1554 1993 eorumque
1581 1950 1727 1994 quolibet
1753 1956 1887 1985 conten-

1149 1998 1188 2031 tis
1201 2009 1238 2032 ac
1255 1999 1330 2033 inde
1349 2002 1493 2045 sequutis
1518 2007 1549 2036 et
1578 2004 1884 2048 quomodocumque

1148 2053 1341 2095 sequuturis,
1359 2054 1430 2098 ipso
1447 2055 1516 2089 iure
1534 2057 1634 2097 nulla,
1647 2056 1739 2090 irrita
1754 2063 1787 2091 et
1799 2058 1886 2091 inva-

1146 2105 1221 2146 lida,
1245 2105 1355 2139 inania
1379 2112 1412 2140 et
1435 2108 1474 2141 de
1499 2109 1582 2142 sacto
1607 2115 1782 2152 attentata,
1810 2111 1886 2144 viri-

1145 2158 1270 2203 busque
1289 2165 1320 2193 et
1348 2160 1462 2194 effectu
1479 2162 1610 2206 penitus
1631 2169 1663 2196 et
1683 2164 1817 2197 omnino
1834 2175 1886 2198 va-

1145 2221 1205 2244 cua
1222 2217 1254 2245 et
1270 2213 1391 2247 nullius
1412 2215 1540 2249 roboris
1555 2221 1587 2249 et
1610 2217 1767 2250 momenti
1784 2217 1885 2251 fuisse

1146 2269 1177 2297 et
1201 2275 1273 2299 esse
1301 2271 1333 2299 et
1356 2273 1515 2310 perpetuo
1536 2269 1626 2310 sore,
1652 2269 1884 2315 neminemque

1144 2318 1183 2350 ad
1207 2317 1338 2352 illorum
1362 2321 1597 2354 observantiam
1622 2322 1734 2364 teneri,
1760 2333 1821 2357 nec
1838 2323 1885 2356 di-

1144 2376 1230 2404 ctum
1254 2372 1407 2406 loannem
1432 2373 1606 2417 Baptistam
1631 2380 1663 2408 et
1686 2376 1813 2409 futuros
1831 2387 1883 2409 ar-

1144 2424 1373 2469 chiepiscopos
1397 2426 1571 2461 Ianuenses
1595 2427 1651 2461 illa
1683 2439 1741 2462 seu
1767 2439 1881 2462 eorum

1143 2478 1275 2521 aliquod
1311 2480 1541 2524 quodcumque
1577 2481 1751 2516 observare
1784 2493 1880 2526 posse

1143 2533 1192 2564 vel
1218 2532 1347 2573 debere,
1369 2544 1477 2577 neque
1501 2545 1538 2567 ex
1563 2534 1627 2568 illis
1652 2535 1801 2578 cuiquam
1826 2535 1882 2568 ali-

1144 2586 1230 2628 quod
1250 2586 1308 2627 ius,
1334 2588 1382 2620 vel
1408 2587 1582 2629 actionem,
1613 2593 1668 2621 aut
1691 2588 1880 2631 possidendi

1143 2649 1198 2672 seu
1224 2640 1315 2684 quasi
1340 2640 1529 2684 possidendi
1560 2641 1608 2674 vel
1634 2640 1879 2685 praescribendi
