2279 3260
244 234 258 259 Λ
275 244 290 261 ι,
313 234 340 258 (3.
366 233 432 259 ii575
477 224 540 256 556

294 293 424 313 inmunia„-
480 280 512 312 si⁰
537 280 569 312 lii
603 281 750 313 omuibus
788 281 1013 314 festivitatibus
1046 280 1080 312 B.
1108 279 1169 311 Ma-

256 323 297 359 “31'5
353 320 500 365 23¹¹‘213'ssi-iao
528 334 636 365 matris
662 334 785 367 Domini
813 334 912 367 nestri
939 334 1006 365 Iesu
1033 332 1168 372 Christi,

351 379 422 417 ..dasii
435 391 467 418 et.
484 397 541 429 per
559 392 685 419 octavas
704 387 854 430 ipsarum,
876 385 1028 430 praefatis
1048 384 1167 417 confra-

314 430 538 471 iwfqm'triliiis
563 450 637 471 vere
667 440 910 482 poenitentibus
937 444 964 471 et
992 438 1166 477 confessis,

434 491 486 534 qui
502 492 540 524 ad
556 492 707 524 ecclesias
721 491 849 525 Ordinis
868 491 1027 531 venerint,
1046 496 1078 522 et
1097 500 1168 532 cap-

434 555 442 587 ]
459 545 554 577 ellani
581 546 629 577 vel
651 546 749 577 altare
769 542 1046 576 confraternitatis
1062 541 1169 574 visita-

434 598 549 638 verint,
570 597 774 640 septuaginta
797 595 871 628 anni
894 601 925 627 ct
941 594 1074 627 totidem
1095 604 1170 637 qua-

434 650 595 692 dragenae
621 648 863 691 indulgentiae,
900 648 1087 690 eisdemque
1119 657 1170 689 pa-

434 705 511 735 riter
536 701 736 734 visitantibus
771 706 806 733 iit
830 711 927 743 supra
960 700 992 732 in
1018 699 1168 732 omnibus

434 755 609 798 praedictis
637 754 724 786 festis
753 753 906 786 Dominae
939 758 1065 785 nostrae
1094 752 1171 784 San-

435 812 503 839 ctae
537 806 664 845 Mariae,
700 805 805 838 dando
843 804 963 847 aliquid
989 804 1021 836 in
1047 804 1171 836 adiuto-

435 859 518 891 rium
544 869 603 901 pro
630 858 750 891 fabrica
775 858 931 891 dictarum
966 856 1171 903 ecclesiarum

434 912 500 944 sive
525 912 693 954 cappellae
719 912 767 943 vel
795 910 906 943 altaris
932 908 1172 942 confraternita-

434 964 474 996 tis
501 965 559 1007 (ex
586 963 713 996 indulto
739 962 886 1005 Gregorii
905 962 970 995 XIII
989 961 1171 1005 quinquies,

435 1018 522 1060 ete),
539 1027 596 1060 per
612 1016 791 1060 quamlibet
808 1016 937 1049 illarum
955 1015 1173 1054 festivitatum,

435 1075 565 1103 centum
601 1070 676 1102 anni
713 1075 745 1103 et
780 1075 909 1103 centum
946 1069 1172 1112 quadragenae

436 1122 656 1166 indulgentiae
689 1133 821 1156 suorum
854 1127 1063 1166 peccatorum
1099 1131 1174 1153 con-

437 1175 597 1208 ceduntur
623 1175 812 1218 <Gregorius
838 1175 886 1215 ix,
908 1179 943 1206 ut
960 1174 1084 1217 supra).

296 1235 428 1266 imum-¹31¹-
482 1228 513 1260 5⁰
527 1227 669 1270 Singulis
690 1227 765 1260 anni
789 1227 877 1260 festis
895 1227 1041 1260 eiusdem
1062 1227 1096 1259 B.
1115 1225 1175 1258 Ma-

243 1263 425 1289 gentiaplonaria.
458 1279 463 1285 .
558 1280 563 1285 .
610 1280 616 1286 .
646 1280 651 1285 .
818 1279 824 1284 .
906 1279 912 1285 .
1147 1278 1152 1283 -

438 1290 505 1312 riae
530 1280 670 1322 Virginis
693 1279 864 1321 Gregorius
891 1279 968 1318 Mil,
985 1278 1038 1312 Ad
1062 1289 1108 1319 ea,
1123 1278 1173 1310 die

437 1343 475 1365 xv
501 1333 579 1365 iunii
610 1343 754 1372 MDLxxv,
782 1331 988 1375 pontificatus
1019 1342 1104 1364 anno
1130 1341 1173 1372 iv,

437 1385 588 1418 omnibus
604 1390 635 1417 ct
653 1384 790 1427 singulis
808 1384 978 1427 utriusque
992 1394 1084 1416 sexus
1100 1394 1176 1416 con-

437 1437 589 1469 fratribus
621 1436 796 1480 praedictis
827 1447 900 1469 vere
935 1435 1174 1479 poenitentibus

438 1495 469 1521 ct
493 1489 663 1529 confessis,
684 1489 738 1532 qui
759 1490 859 1521 altare
885 1494 919 1521 ut
943 1499 1039 1531 supra
1065 1489 1176 1521 devote

437 1541 648 1581 visitaverint,
675 1547 707 1574 et
731 1541 774 1573 ibi
801 1542 972 1581 oraverint,
998 1541 1176 1584 plenariam

439 1594 583 1627 omnium
608 1600 813 1637 peccatorum
848 1605 980 1627 suorum
1005 1594 1177 1636 indulgen-

439 1647 515 1679 tiam
540 1652 572 1680 et
602 1647 827 1680 remissionem
858 1646 1115 1680 misericorditer
1145 1646 1176 1679 in

439 1699 577 1733 Domino
602 1700 754 1733 concedit
777 1704 810 1732 et
826 1700 960 1733 relaxat.

534 1784 591 1811 III.
609 1799 648 1805 —
666 1782 705 1811 In
727 1782 820 1812 sestis
843 1781 1082 1822 apostolorum.

274 1866 430 1896 inst—sinsu-
487 1855 524 1889 Et
548 1857 579 1889 1⁰
602 1857 633 1889 in
661 1856 833 1890 festivitate
865 1857 894 1890 S.
919 1857 1025 1890 Iacobi
1050 1857 1177 1891 Maioris

247 1897 330 1942 {Silium
343 1894 431 1941 IIZIZI?
443 1910 616 1953 collegium
630 1909 883 1953 vigintiquatuor
900 1910 1121 1951 cardinalium,
1140 1910 1179 1943 vi·

444 1964 562 1997 delicet
587 1963 724 2006 quilibet
747 1964 890 2006 ipsorum
914 1974 973 2007 per
992 1974 1037 2004 se,
1055 1964 1177 1997 eisdem

442 2016 658 2049 confratribus
681 2027 756 2050 vere
781 2016 1022 2060 poenitentibus
1049 2022 1080 2050 et
1104 2027 1179 2051 eon-

442 2070 548 2111 fessis,
574 2074 672 2113 atque
696 2070 913 2110 visitantibus,
935 2075 970 2102 ut
995 2081 1104 2113 supra,
1126 2080 1180 2103 an-

417 2123 576 2164 xunatim,
597 2122 648 2156 die
673 2122 837 2165 praedicto
864 2133 926 2166 quo
958 2123 990 2156 id
1020 2122 1177 2164 fecerint,

443 2181 573 2208 centum
597 2175 666 2208 dies
693 2175 730 2208 de
756 2175 909 2207 iniunctis
940 2175 985 2208 eis
1009 2176 1180 2218 poeniten-

445 2227 496 2260 tiis
521 2227 774 2260 misericorditer
791 2227 823 2259 in
840 2227 974 2260 Domino
999 2230 1133 2260 relaxat.

277 2289 299 2326 ¹¹}
315 2289 372 2309 rosus
388 2294 433 2325 spin-
490 2280 522 2313 9⁰
542 2281 577 2312 In
601 2281 682 2313 festo
701 2281 924 2323 apostolorum
942 2281 1028 2313 Petri
1046 2290 1077 2315 et
1089 2282 1179 2315 Pauli

251 2318 477 2368 1⁰33-·.¹,.⁰1:¹¹0{¹¹1513‡33701
491 2334 520 2366 iii
536 2334 790 2367 solemnitatibus
801 2335 1023 2376 apostolorum
1040 2340 1071 2367 et
1089 2346 1181 2369 evan-

252 2369 635 2446 {Piiffissiiiiiiii3⁰1i³¹²³sum
652 2387 766 2420 iisdem
785 2387 1001 2420 confratribus
1016 2383 1089 2421 vere
1107 2399 1182 2432 poe-

253 2451 328 2473 sseuae-
446 2441 625 2473 nitentibus
661 2445 692 2472 et
726 2439 881 2472 confessis
897 2466 903 2480 ,
937 2444 1034 2483 atque
1068 2452 1181 2475 manus

446 2492 689 2536 porrigentibus
707 2492 880 2525 adiutrices
899 2492 950 2535 (ex
968 2492 1093 2527 indulto
1108 2494 1181 2528 Gre-

449 2545 530 2588 gorii
547 2544 613 2578 XIII
631 2544 812 2588 quinquies,
829 2550 889 2577 etc.
903 2545 927 2588 ),
950 2556 1076 2579 necnon
1090 2545 1182 2580 Ordi-

448 2598 499 2634 nis
533 2597 687 2633 eeclesias
721 2602 753 2631 et
791 2598 969 2641 cappellam
1001 2600 1049 2633 vel
1082 2593 1203 2644 altare}

1017 232 1196 256 BI'LLARIFM
1220 232 1370 258 Romanuin

1954 237 2003 264 An.
2019 237 2049 265 C.
2071 237 2139 266 ¹675
2170 257 2174 260 -

1213 282 1485 316 confraternitatis
1504 285 1665 318 annuatim
1685 285 1798 319 devote
1814 286 1944 319 visitan-

1214 333 1307 374 tibus,
1335 335 1422 368 mille
1448 338 1521 369 armi
1548 343 1578 371 et
1611 339 1743 372 totidem
1769 339 1944 382 quadrage-

1213 396 1270 417 nae
1292 387 1543 422 misericorditer
1568 392 1751 425 relaxantur
1774 392 1943 434 (innocen-

1212 437 1273 469 tius
1297 439 1339 479 IV,
1368 440 1536 481 Qiiom‘arii,
1564 448 1597 474 ut
1621 445 1743 487 supra).

1254 491 1286 522 3⁰
1304 491 1335 523 Iii
1357 493 1442 524 festis
1469 495 1613 527 omnium
1637 498 1868 539 apostolorum,
1885 508 1943 541 per
1980 509 2002 530 in
2018 510 2076 530 sasas
2091 515 2138 530 «nn-

1212 545 1391 585 quamlibet
1416 546 1543 579 illarum
1570 547 1792 592 festivitatum,
1820 538 2034 593 1›i·aei'a-ffi?5'.¹„¹”
2050 539 2137 582 {witi}

1213 596 1250 627 tis
1275 598 1489 631 confratribus
1515 599 1717 634 visitantibus
1742 602 1868 635 Ordinis
1894 614 1944 636 ee·
1955 590 2140 640 fi‘l'L‘12⁰''‹'1u⁰Ja{32

1212 648 1327 681 cli-sias
1352 655 1383 682 ct
1407 652 1589 694 cappellam
1614 654 1663 685 vel
1695 655 1793 686 altare
1818 656 1945 687 confra-
1957 647 2029 666 “ms’'

1214 701 1391 742 teriiitatis,
1418 703 1523 736 dando
1549 704 1669 747 aliquid
1696 706 1727 737 in
1753 707 1947 740 adiutorium

1214 764 1270 796 pro
1303 754 1421 787 fabrica
1454 756 1615 789 dictarum
1648 759 1858 792 ecclesiarum
1891 760 1947 802 (ex

1214 806 1338 839 indulto
1368 806 1514 849 Gregorii
1546 809 1610 841 XIII
1643 810 1838 853 quinquies,
1865 815 1949 853 etc.)

1214 863 1340 891 centum
1361 860 1436 892 anni
1459 865 1491 893 et
1508 867 1637 894 centum
1656 863 1884 906 quadragenae
1905 864 1951 896 in-

1215 910 1397 952 dulgentiae
1416 923 1548 945 suorum
1569 920 1793 956 lamentorum,
1813 916 1951 949 eisdem-

1215 974 1276 1006 que
1309 964 1432 1007 paritei·
1456 976 1528 998 vere
1555 968 1797 1009 poenitentibus
1822 973 1854 1001 et
1878 979 1949 1002 con⁴

1217 1016 1307 1048 fessis
1340 1017 1377 1050 ad
1412 1017 1514 1050 dictas
1549 1019 1704 1052 eeclesias
1736 1019 1864 1054 Ordinis
1897 1032 1951 1054 ve-

1216 1068 1389 1109 nientibus,
1416 1075 1446 1103 et
1472 1072 1653 1114 cappellam
1679 1074 1727 1105 vel
1753 1074 1852 1105 altare
1874 1083 1951 1107 eon-

1218 1122 1425 1156 fraternitatis
1461 1129 1496 1155 ut
1530 1135 1626 1167 supra
1660 1125 1882 1165 visitantibus,
1917 1126 1950 1159 in

1217 1175 1366 1208 omnibus
1405 1177 1630 1210 festivitatibus
1663 1180 1886 1221 apostolorum
1921 1185 1953 1212 et

1218 1228 1495 1270 evangelistarum,
1521 1230 1726 1273 septuaginta
1751 1231 1826 1263 anni
1852 1236 1882 1264 et
1907 1236 1953 1264 to-

1218 1279 1316 1312 tidem
1341 1281 1569 1324 quadragenae
1592 1282 1813 1325 indulgentiae
1839 1292 1954 1316 conce-

1219 1333 1339 1366 duntur
1365 1333 1554 1377 (Gregorius
1579 1335 1627 1375 ix,
1646 1341 1682 1368 ut
1702 1337 1824 1379 supra).

1257 1418 1310 1446 IV.
1326 1434 1361 1439 -
1378 1417 1416 1446 In
1438 1418 1532 1447 sestis
1553 1423 1744 1448 sanctorum
1765 1419 1912 1450 Ordinis.

1263 1492 1300 1525 Et
1316 1492 1348 1525 1⁰
1366 1492 1398 1525 in
1418 1493 1498 1526 festo
1522 1494 1608 1526 beati
1625 1494 1796 1537 Augustini
1814 1495 1953 1529 doctoris
1990 1504 2147 1525 infestasti,-

1929 1549 1935 1554 ,
1964 1531 2040 1556 gusiini
2065 1534 2085 1550 nt
2111 1537 2148 1556 pei-

1194 1585 1196 1587 ,
1219 1545 1391 1586 Ecclesiae,
1407 1552 1438 1579 et
1450 1557 1507 1590 per
1521 1552 1665 1580 octavam
1683 1547 1760 1588 eius,
1778 1548 2149 1591 praedictisoctavamskua-

1964 1584 2021 1609 ginta
2044 1589 2148 1603 annui-um

1219 1597 1434 1631 confratribus
1461 1609 1532 1632 vere
1558 1599 1802 1642 poenitentibus
1829 1605 1861 1633 et
1884 1609 2149 1635 ccii-etioiiamnciua-

1220 1650 1324 1691 fessis,
1343 1651 1548 1685 venientibus
1572 1652 1611 1685 ad
1637 1652 1736 1685 dictas
1754 1652 1881 1686 Ordinis
1906 1637 2079 1687 ec-dmgeffl'

1220 1703 1334 1736 clesiae
1360 1708 1392 1736 et
1408 1705 1588 1747 cappellam
1610 1705 1661 1738 vel
1682 1706 1783 1738 altare
1805 1711 1840 1738 ut
1857 1716 1956 1749 supra

1219 1756 1433 1797 visitantibus,
1448 1757 1652 1800 septuaginta
1675 1758 1749 1791 anni
1771 1763 1802 1791 et
1822 1758 1957 1792 totidem

1221 1809 1446 1852 quadragenae
1478 1809 1699 1853 indulgentiae
1731 1811 1956 1844 conceduntur

1221 1860 1406 1904 (Gregorius
1433 1862 1483 1904 ix,
1511 1868 1546 1895 ut
1569 1864 1694 1907 supra).

1263 1914 1451 1959 Eodemque
1477 1915 1557 1949 festo
1582 1915 1759 1959 praedictis
1782 1926 1854 1950 vere
1877 1927 1955 1960 poe·
1989 1924 2012 1945 ln
2027 1924 2101 1945 eodem
2120 1925 2150 1956 ‚te-

1221 1966 1399 2000 nitentibus
1421 1973 1452 2000 et
1469 1968 1640 2009 confessis,
1657 1968 1710 2012 qui
1728 1969 1767 2001 ad
1783 1969 1953 2002 ecclesiam
1964 1953 2094 1999 iib-cemum
2105 1952 2150 1973 ω’

1221 2019 1350 2052 Ordinis
1368 2025 1399 2053 et
1416 2021 1454 2053 ad
1472 2021 1652 2064 cappellam
1677 2022 1726 2054 vel
1752 2022 1852 2055 altare
1878 2028 1955 2055 con—

1223 2072 1428 2105 fraternitatis
1443 2075 1537 2105 causa
1554 2073 1734 2106 devotionis
1751 2074 1955 2116 accesserint,

1223 2124 1386 2157 annuatim
1409 2129 1538 2157 centum
1559 2125 1627 2157 dies
1650 2125 1688 2157 de
1713 2125 1856 2160 iniuncta
1880 2137 1957 2170 poe-

1223 2176 1355 2210 nitentia
1380 2176 1635 2210 misericorditer
1660 2180 1845 2211 relaxantur
1870 2180 1957 2222 (Ale-

1223 2231 1343 2263 xander
1366 2230 1414 2270 IV,
1447 2230 1535 2263 Vitae
1555 2231 1716 2274 perennis,
1735 2242 1753 2265 v
1770 2231 1842 2265 idus
1862 2232 1954 2274 iunii,

1223 2283 1427 2326 pontificatus
1452 2293 1535 2316 anno
1555 2284 1600 2326 v).

1265 2336 1299 2368 In
1321 2336 1468 2369 omnibus
1486 2336 1609 2380 pariter
1625 2337 1851 2371 festivitatibus
1868 2339 1954 2373 beati
1991 2345 2041 2367 item
2051 2345 2151 2377 miuomi-

1224 2388 1389 2431 Augustini
1421 2389 1593 2432 praedictis
1629 2391 1844 2424 confratribus
1880 2402 1953 2426 vere
1965 2376 2151 2426 ggssfflqu‘gffl‘g'ss

1223 2441 1464 2485 poenitentibus
1489 2447 1520 2475 et
1544 2443 1706 2484 confessis,
1726 2443 1778 2487 qui
1796 2445 1954 2488 praefatas
1965 2431 2012 2447 Μ’

1223 2494 1351 2527 Ordinis
1375 2495 1536 2537 ecclesias,
1572 2501 1604 2528 et
1627 2497 1805 2539 cappellam
1836 2498 1886 2531 vel
1912 2499 1956 2531 al—

1225 2554 1291 2580 tare
1330 2548 1602 2581 confraternitatis
1638 2555 1672 2582 ut
1708 2560 1805 2593 supra
1840 2551 1955 2585 devote

1224 2600 1421 2634 visitaverint
1446 2603 1617 2644 annuatim,
1644 2608 1674 2637 et
1698 2614 1809 2639 niaiius
1843 2614 1957 2647 porre-
