2279 3260
148 229 199 257 An.
215 229 244 256 C.
268 230 336 258 1676

965 226 1107 259 CLEMENS
1128 235 1148 259 x
1170 236 1220 259 Pr.

343 284 412 313 ctae
433 280 637 314 obedientiae
656 281 807 314 omnibus
825 286 856 314 et
872 282 1007 325 siugulis
1027 294 1075 315 re-

344 333 468 375 ligiosis
493 344 533 366 ne
554 334 742 377 praebeant,
762 344 821 366 nec
846 336 997 375 alienent,
1017 345 1076 367 nec

344 386 382 418 ad
399 386 496 419 alium
521 391 714 419 conventum
739 388 788 419 vel
814 388 984 429 collegium
1002 398 1076 430 por-

345 442 412 470 tent
438 439 487 471 vel
507 438 635 471 mittant
659 438 778 471 librum
804 439 954 482 aliquem,
984 439 1077 482 quin-

345 494 444 530 terna,
464 489 592 522 codices
618 496 671 522 aut
696 491 862 532 codicem,
885 492 985 524 aliave
1011 503 1076 524 ma-

344 543 507 586 nuscripta
531 543 699 575 existentia
725 544 756 575 in
778 544 975 577 bibliotheca
1001 546 1077 577 alte-

344 594 408 627 rius
425 600 601 628 conventus
626 598 674 629 vel
695 597 832 639 collegii,
848 597 911 629 sive
930 597 967 629 ad
988 596 1076 629 illam

343 648 551 690 pertinentia,
575 649 671 682 etiam
697 650 753 682 illa
771 650 819 682 vel
838 660 874 681 ex
893 649 956 682 illis
974 649 1074 690 libris,

344 700 532 743 quinternis,
558 702 733 742 codicibus,
760 713 814 734 seu
839 701 1078 745 manuscriptis,

344 763 427 796 quae
453 754 595 796 religiosi
621 754 743 787 habent
767 755 799 786 in
818 754 921 794 cellis,
942 755 989 786 vel
1014 754 1077 787 alio

344 806 377 838 in
401 807 472 839 loco
497 807 536 839 ad
563 807 713 847 studium,
731 807 902 840 lectionem
928 812 959 839 et
986 817 1078 839 usum

345 869 451 899 suum;
469 869 527 892 nec
550 859 698 892 similiter
723 861 929 892 commodent
952 859 1079 901 praedi-

345 917 412 944 ctos
426 911 536 952 libros,
555 912 692 952 codices,
708 913 887 955 quinterna,
905 912 1079 944 manuscri-

345 969 417 1007 pta,
451 970 504 997 aut
528 970 659 1007 portent
690 970 777 997 extra
811 969 1003 997 conventum
1028 965 1077 996 vel

345 1017 520 1060 collegium
551 1018 589 1050 ad
621 1018 708 1060 quod
733 1018 913 1060 pertinent:
933 1017 1079 1050 minister

346 1081 420 1103 vero
445 1069 565 1113 poterit
588 1070 734 1103 libellum
766 1070 903 1113 aliquem
930 1070 1079 1113 spiritua-

344 1123 409 1155 lem
434 1123 591 1165 praebere
627 1122 721 1156 alicui
755 1133 915 1166 personae
946 1123 1078 1156 devotae

345 1185 402 1208 seu
427 1175 642 1208 benefactori:
672 1175 793 1218 poterit
827 1175 924 1208 etiam
951 1175 1077 1219 aliquos

345 1227 445 1261 libros
465 1228 513 1260 sui
531 1233 706 1261 conventus
729 1229 777 1260 vel
795 1228 924 1271 collegii
942 1239 1078 1261 commo-

346 1281 422 1313 dare
447 1280 608 1324 aliquibus
632 1281 790 1324 personis,
809 1286 906 1324 prout
924 1282 1077 1324 expedire

345 1333 474 1366 viderit.
508 1332 643 1376 Semper
675 1339 782 1366 tamen
816 1334 847 1366 iu
878 1334 1079 1366 bibliotheca

345 1391 532 1418 remaneant
556 1386 665 1429 scripti
688 1398 704 1418 a
720 1386 969 1419 bibliothecario
995 1386 1079 1427 libri,

345 1439 410 1482 qui,
440 1444 472 1471 et
488 1448 663 1482 personae,
683 1439 799 1482 quibus
821 1439 1077 1480 commodantur,

345 1501 417 1524 eum
441 1491 653 1524 annotatione
680 1492 756 1532 diei,
783 1492 904 1524 mensis
930 1495 959 1524 et
983 1493 1076 1524 anni:

345 1555 410 1578 non
436 1545 558 1588 poterit
575 1550 683 1578 tamen
701 1545 855 1585 minister,
875 1546 969 1578 eliam
995 1545 1080 1588 capi-

346 1598 414 1630 tulo
440 1598 643 1631 conventuali
671 1599 909 1638 consentiente,
939 1599 1078 1631 alienare

345 1651 487 1695 aliquem
505 1653 553 1684 rel
571 1652 697 1695 aliquos
722 1653 830 1692 libros,
857 1652 917 1685 nisi
936 1653 997 1685 sint
1014 1652 1080 1685 inu-

346 1704 426 1744 tiles,
444 1709 475 1740 et
489 1714 549 1748 pro
573 1704 707 1738 utilibus
730 1710 972 1748 permutentur,
992 1706 1079 1749 quod

345 1757 369 1789 si
395 1768 486 1791 secus
518 1757 647 1799 feeerit,
676 1768 800 1801 poenae
830 1758 934 1801 gravis
967 1760 1079 1802 culpae

346 1810 518 1843 subiaceat.

390 1874 439 1898 111.
456 1864 550 1897 Pater
567 1864 787 1908 provincialis,
805 1865 932 1907 quando
946 1865 992 1898 illi
1010 1875 1079 1898 con-

345 1917 479 1950 veniens
504 1918 605 1950 visum
631 1918 740 1959 suerit,
769 1922 875 1961 potest
899 1919 1078 1951 concedere

344 1970 507 2004 licentiam
533 1971 688 2014 religioso
720 1977 755 2004 ut
778 1982 886 2004 secum
912 1972 1029 2005 habeat
1049 1977 1079 2004 et

344 2029 454 2067 portet
478 2025 517 2057 ad
541 2035 637 2057 usum
661 2025 778 2057 librum
815 2025 956 2068 aliquem
986 2025 1079 2068 spiri-

345 2078 473 2117 tualem,
491 2077 592 2110 biblia
609 2088 705 2121 parva
726 2084 758 2110 et
774 2077 1003 2120 compendium
1028 2088 1076 2110 ca·

345 2139 438 2162 suum
461 2130 696 2171 conscientiae,
715 2141 775 2164 nec
799 2130 900 2163 libros
926 2131 1004 2163 alios
1023 2142 1079 2174 po-

345 2182 421 2215 terit
445 2182 615 2226 quisquam
641 2194 749 2216 secum
773 2188 921 2227 portare,
951 2184 1013 2216 nisi
1040 2185 1077 2217 de

346 2234 477 2267 licentia
501 2234 679 2268 definitorii
703 2237 751 2269 vel
778 2237 877 2279 patris
902 2237 1076 2278 generalis.

388 2297 431 2320 1v.
458 2287 590 2321 Codices
618 2288 744 2332 aliaque
777 2289 994 2332 manuscripta
1024 2291 1079 2322 de—

344 2339 529 2372 functorum
561 2340 785 2383 religiosorum
818 2341 849 2373 in
882 2342 1078 2375 bibliotheca

346 2393 460 2425 domus
481 2392 576 2434 illius,
595 2392 626 2425 in
645 2396 705 2437 qua
722 2395 889 2435 decedant,
908 2396 957 2428 vel
978 2395 1010 2428 in
1028 2406 1079 2429 ar-

344 2445 452 2495 chivio
469 2446 612 2488 generali
630 2446 756 2480 Ordinis
771 2448 993 2491 deponantur:
1012 2450 1078 2481 nul-

343 2499 392 2531 lus
408 2497 513 2531 *etiam
536 2500 700 2541 praelatus
717 2526 724 2540 ,
751 2501 808 2533 sul]
834 2503 939 2544 poena
963 2502 1076 2545 culpae

345 2551 460 2593 gravis,
479 2551 534 2583 illa
551 2550 610 2584 sibi
630 2561 795 2587 reservare
814 2554 938 2594 audeat,
959 2564 1017 2587 nec
1035 2555 1077 2587 al-

344 2604 405 2639 teri
429 2604 623 2639 concedere.

1749 226 1806 260 651

1161 295 1191 317 v.
1218 282 1362 326 Denique
1388 283 1446 315 snb
1472 283 1585 316 eodem
1611 289 1795 327 praecepto,
1818 289 1852 317 ut

1119 347 1214 379 supra
1245 347 1333 368 num.
1361 346 1402 376 11,
1430 337 1648 380 praecipimus
1677 342 1711 369 ut
1744 338 1850 370 nullus

1119 389 1267 421 extrahat
1287 399 1303 421 e
1331 388 1530 422 bibliotheca
1555 389 1695 431 aliquem
1716 391 1767 422 vel
1796 389 1853 422 ali-

1120 451 1199 483 quos
1223 441 1332 482 libros,
1358 440 1538 484 quinterna,
1561 441 1690 473 codices
1716 443 1764 474 vel
1787 453 1853 474 ma-

1112 495 1284 537 )iuscripta
1308 495 1429 537 absque
1463 494 1593 527 licentia
1626 495 1777 536 praelati:
1804 505 1853 526 re-

1119 546 1250 588 ligiosus
1271 551 1378 579 autem
1400 547 1580 586 extrahens,
1600 546 1745 579 notitiam
1763 557 1854 589 prae-

1119 599 1193 630 beat
1216 599 1486 639 bibliothecario,
1521 604 1551 631 et
1581 599 1731 631 similiter
1761 599 1853 632 illum

1120 657 1332 694 praemoneat
1352 657 1386 684 ut
1403 652 1534 694 colligat
1551 657 1581 684 et
1602 652 1633 683 in
1655 652 1854 684 bibliotheca

1119 703 1388 746 reponatlihros,
1414 709 1445 736 et
1471 709 1577 737 cetera
1603 704 1641 736 ad
1666 704 1755 736 illam
1780 714 1854 746 spe·

1121 756 1259 797 ctantia,
1282 758 1410 800 quando
1434 757 1502 800 ipse
1528 757 1699 799 religiosus
1724 758 1854 798 longam

1121 809 1298 842 absentiam
1323 821 1340 842 a
1364 816 1524 843 conventu
1557 811 1661 843 facere
1693 809 1855 849 intendit,

1120 863 1170 895 vel
1195 863 1227 894 in
1252 863 1349 895 alium
1375 862 1503 905 migrat.

1121 947 1250 976 REGULAE
1272 955 1364 975 CAPUT
1387 946 1506 975 xxxix.
1526 963 1564 968 —
1579 947 1741 977 Generale
1763 947 1854 987 capi-

1159 993 1264 1023 tulum
1286 993 1325 1023 de
1347 994 1490 1024 triennio
1512 995 1545 1023 in
1566 995 1744 1024 triennium
1766 995 1855 1025 cele-

1160 1042 1287 1077 hretur,
1307 1046 1368 1072 ete.

1190 1108 1285 1146 Caput
1306 1115 1405 1137 xxxix.
1420 1124 1454 1128 —
1468 1107 1508 1137 De
1522 1109 1642 1147 capitulo
1661 1110 1794 1147 generali,

1279 1160 1304 1184 et
1328 1156 1511 1194 fai‘maffillzccl
1531 1157 1694 1186 celebrandi.

1166 1242 1186 1263 i.
1213 1230 1394 1273 Capitulum
1419 1232 1569 1273 generale
1592 1232 1630 1264 de
1658 1231 1797 1264 triennio
1824 1233 1856 1265 in

1123 1283 1299 1316 triennium
1324 1283 1506 1316 celebretur
1539 1284 1670 1317 sabbato
1704 1289 1778 1317 ante
1805 1286 1857 1317 do—

1121 1336 1272 1369 minicam
1289 1340 1435 1378 quartam
1452 1342 1526 1378 post
1542 1337 1675 1377 Pascha,
1695 1337 1756 1369 nisi
1773 1337 1856 1370 iusta

1122 1389 1161 1421 de
1179 1391 1275 1420 causa
1294 1388 1425 1431 (iudicio
1442 1387 1617 1421 delinitorii
1636 1389 1784 1422 omnibus
1803 1401 1855 1422 vo-

1122 1441 1160 1473 tis
1183 1445 1312 1484 praeter
1332 1452 1430 1473 unum
1449 1443 1742 1485 concurrentibus)
1768 1442 1857 1475 diffe-

1122 1499 1226 1533 ratur,
1254 1500 1285 1526 et
1309 1499 1383 1526 tunc
1412 1494 1463 1527 die
1496 1494 1695 1536 designando
1723 1495 1761 1528 ab
1786 1495 1856 1539 ipso

1122 1546 1306 1580 definitorio
1338 1548 1533 1581 celebretur.
1561 1547 1592 1580 Si
1618 1558 1692 1581 vero
1718 1549 1856 1581 instante

1122 1605 1276 1643 tempore,
1296 1610 1368 1643 quo,
1390 1600 1476 1632 iuxta
1500 1602 1655 1643 regulam,
1681 1602 1857 1645 capitulum

1123 1654 1274 1695 generale
1292 1653 1449 1685 celebrari
1468 1653 1572 1693 debet,
1588 1659 1681 1697 pater
1693 1655 1856 1696 generalis

1122 1705 1312 1745 infirmetur,
1340 1705 1384 1737 ita
1412 1710 1445 1737 ut
1469 1706 1619 1739 assistere
1648 1718 1713 1740 non
1742 1708 1854 1747 valeat,

1123 1764 1198 1791 tunc
1221 1758 1359 1801 ipsemet
1383 1759 1503 1801 poterit
1523 1759 1699 1802 capitulum
1726 1759 1857 1793 differre

1122 1822 1180 1854 per
1203 1822 1303 1844 unum
1328 1821 1472 1844 mensem
1493 1816 1628 1844 tantum.

1166 1875 1200 1897 11.
1228 1864 1383 1897 Generale
1408 1865 1585 1907 capitulum
1615 1875 1742 1908 semper
1773 1866 1858 1899 cele-

1122 1917 1233 1950 bretur
1247 1921 1337 1949 extra
1354 1916 1475 1949 curiam
1496 1916 1628 1959 regiam,
1647 1917 1679 1950 in
1697 1924 1857 1951 conventu

1123 1970 1288 2012 designato
1307 1981 1323 2001 a
1341 1969 1534 2009 definitorio,
1557 1975 1588 2002 et
1604 1970 1637 2002 in
1659 1981 1696 2003 eo
1720 1981 1786 2003 non
1804 1972 1858 2004 ad-

1122 2023 1290 2056 mittantur
1329 2023 1477 2066 hospites
1516 2034 1576 2056 nec
1621 2023 1672 2056 alii
1712 2024 1857 2067 religiosi

1122 2068 1250 2119 praeter
1274 2075 1476 2109 necessarios
1501 2086 1560 2119 pro
1586 2076 1716 2119 capituli
1735 2083 1767 2109 et
1783 2087 1858 2109 con-

1122 2134 1236 2162 ventus
1261 2129 1405 2162 servitio.

1164 2192 1212 2215 111.
1239 2181 1456 2214 provinciales
1488 2186 1520 2215 et
1549 2182 1628 2214 socii
1661 2182 1693 2214 in
1725 2182 1857 2216 domum

1122 2235 1333 2278 capitularem
1355 2245 1420 2267 non
1438 2233 1561 2267 intrent
1584 2245 1643 2278 per
1669 2235 1748 2268 duos
1767 2247 1857 2269 men-

1122 2299 1172 2321 ses
1191 2293 1263 2320 ante
1282 2287 1535 2321 celebrationem
1561 2287 1702 2330 capituli,
1721 2294 1855 2332 excepto

1121 2339 1311 2384 provinciali
1336 2340 1422 2372 illius
1440 2340 1629 2383 provinciae
1654 2341 1708 2374 ubi
1734 2342 1856 2385 capitu-

1121 2396 1186 2427 lum
1204 2395 1394 2432 celebratur,
1414 2393 1462 2425 cui
1482 2394 1584 2426 solum
1599 2404 1657 2436 per
1670 2394 1855 2437 quindecim

1122 2448 1190 2481 dies
1215 2453 1288 2480 ante
1314 2447 1568 2480 celebrationem
1593 2448 1786 2491 prohibetur
1808 2449 1856 2481 in-

1123 2506 1205 2534 trare
1218 2501 1252 2533 in
1271 2500 1387 2534 dictam
1403 2500 1542 2539 domum,
1562 2506 1593 2532 et
1606 2506 1742 2543 excepto
1759 2501 1856 2534 etiam

1122 2554 1210 2586 socio
1236 2553 1383 2586 eiusdem
1403 2553 1595 2596 provinciae,
1615 2554 1745 2595 qnando
1763 2565 1855 2587 casus

1123 2607 1301 2641 occurrerit
1328 2607 1413 2651 quod
1440 2606 1479 2639 sit
1504 2606 1650 2639 minister
1674 2606 1775 2649 ipsius
1800 2608 1854 2641 d0=

1858 236 1911 262 An.
1927 235 1957 263 C.
1975 230 2047 262 1636

1893 1243 1904 1270 ἓ
1920 1244 1938 1264 ¹.
1953 1243 1982 1264 na
2000 1246 2051 1266 tems

1867 1276 1918 1295 pore
1934 1272 1954 1290 et
1969 1271 2015 1290 loco
2027 1276 2048 1290 iu

1868 1302 1909 1322 quo
1942 1296 2052 1316 celebrans

1867 1324 1915 1343 dum
1938 1325 1969 1343 est
1993 1322 2052 1347 capis

1868 1349 1933 1370 tulum
1944 1350 2054 1375 generale‘
