2279 3260
155 265 206 294 An.
222 263 252 294 C.
274 264 338 294 167¹

180 431 319 453 Prooemium.

178 1060 321 1087 snpplicatio.

175 1428 271 1453 Indulget
285 1434 332 1454 pro·

150 1458 172 1476 ut
187 1456 207 1475 in
220 1455 311 1476 rubrica.

982 265 1124 291 CLEMENS
1146 267 1165 291 X
1189 266 1236 291 PP-

574 315 706 346 clemens
726 314 805 348 Papa
823 314 856 346 x,

465 359 501 386 ad
520 362 697 393 perpetuam
716 359 762 386 roi
781 358 961 386 memoriam.

391 420 438 453 Ad
473 421 636 464 pastorale
673 420 856 462 fastigium,
882 421 973 454 nullo
1006 420 1102 468 licet1

346 473 537 506 meritorum
561 472 723 515 suffragio,
739 483 797 516 per
820 472 1017 506 inell‘abilem
1035 473 1082 505 di·
1101 495 1102 522 3

344 525 437 558 vinae
469 525 662 558 clementiae
694 525 924 558 abundantiam
955 526 1079 565 evecti,

344 577 398 620 pia
423 576 703 617 christifidelium,
731 588 841 611 eorum
867 577 1079 621 praesertim,

345 629 584 672 qui,Altissi1ni
611 630 775 673 obsequiis
800 631 860 662 sub
893 631 982 663 suavi
1007 630 1082 663 reli-

345 682 450 724 gionis
468 683 543 725 iugo
561 684 747 726 mancipati,
763 684 915 728 propriae
943 685 1084 717 alienae-

346 745 407 777 que
425 735 523 768 saluti
548 736 756 769 laudabiliter
775 737 977 776 incumbunt,
996 735 1080 769 vota¹

346 787 386 820 ad
410 788 591 830 augendam
630 788 662 821 in
699 789 793 822 terris
829 788 1080 831 gloriosissimae

344 839 483 882 Virginis
503 840 659 884 Deiparae
674 841 790 874 Mariae
803 847 962 884 patronae
980 845 1010 873 et
1028 840 1083 873 ad-

343 898 475 925 vocatae
499 898 631 926 nostrae
652 893 897 926 venerationem
915 893 1083 925 tendentia

344 945 487 978 libenter
510 945 710 985 exaudimus,
738 956 839 988 eaque
867 945 1027 978 favoribus
1052 949 1082 977 et

345 997 456 1040 gratiis
472 998 700 1041 prosequimur
717 997 922 1040 opportunis.

389 1050 403 1093 §
428 1050 459 1083 1.
482 1050 560 1083 Cum
584 1050 701 1094 itaque,
728 1050 809 1083 sicut
837 1061 897 1093 pro
921 1055 1010 1093 parte
1036 1050 1083 1083 di-

344 1103 502 1135 lectorum
516 1102 657 1136 filiorum
679 1103 873 1136 clericorum
885 1103 1082 1145 regularium

344 1155 614 1198 Congregationis
638 1155 872 1188 Theatinorum
905 1155 1000 1188 nobis
1026 1166 1083 1187 nu·
1103 1159 1104 1165 ¹

342 1219 402 1251 per
426 1209 609 1252 expositum
633 1209 700 1251 suit,
718 1209 777 1252 ipsi
804 1209 945 1242 officium
963 1209 1002 1241 de
1022 1209 1083 1241 Pu-

342 1262 525 1295 rificatione
550 1263 694 1295 eiusdem
729 1263 764 1295 B.
792 1263 907 1295 Mariae
931 1262 1081 1304 Virginis,

344 1325 440 1358 quam
457 1314 490 1347 in
514 1320 683 1358 patronam
701 1316 881 1358 elegerunt,
905 1326 978 1347 curn
997 1320 1083 1348 octa-

343 1369 381 1400 va
397 1367 534 1400 recitare
559 1378 653 1411 posse
672 1368 847 1411 plurimum
872 1367 1080 1401 desiderent:

386 1420 401 1463 g
426 1419 456 1452 2.
483 1419 557 1460 Nos,
577 1430 689 1453 eorum
715 1420 878 1453 desiderio
896 1420 958 1453 hac
975 1420 1008 1452 in
1033 1431 1080 1461 re,

343 1478 500 1516 quantum
525 1483 598 1505 cum
627 1473 764 1506 Domino
789 1484 969 1516 possumus,
988 1473 1078 1506 savo—

342 1525 490 1558 rabiliter
527 1536 671 1558 annuere
706 1527 869 1566 volentes,
908 1532 940 1559 et
970 1537 1079 1559 eorum

342 1577 525 1620 singulares
550 1589 708 1621 personas
725 1589 742 1610 a
769 1578 932 1622 quibusvis
957 1589 1082 1611 excom-

343 1630 581 1670 municationis,
600 1631 821 1674 suspensionis
846 1636 879 1664 et
902 1631 1078 1672 interdicti,

341 1683 477 1727 aliisque
503 1684 729 1717 ecclesiasticis
756 1684 924 1717 sententiis
940 1711 947 1725 ‚
970 1695 1081 1717 censu-

342 1736 385 1769 ris
402 1741 433 1770 et
447 1737 568 1780 poenis,
587 1747 604 1769 a
620 1737 690 1770 iure
709 1738 759 1770 vel
780 1738 819 1770 ab
840 1737 982 1778 homine,
1001 1748 1080 1780 qua-

342 1789 388 1822 vis
412 1789 584 1822 occasione
607 1790 656 1823 vel
682 1792 778 1823 causa
806 1790 888 1831 latis,
913 1791 939 1823 si
964 1791 1080 1834 quibus

343 1842 591 1885 quomodolibet
606 1842 780 1876 innodatae
802 1843 955 1884 existunt,
974 1844 1012 1876 ad
1038 1844 1081 1876 es·
1099 1857 1101 1882 ³,

342 1894 461 1928 sectum
503 1896 726 1938 praesentium
766 1896 931 1929 dumtaxat
966 1907 1081 1930 conse-

343 1947 519 1990 quendum,
539 1948 653 1981 harum
672 1948 754 1981 serie
768 1949 969 1982 absolventes
984 1955 1015 1982 et
1026 1950 1080 1982 ab·

342 2001 463 2033 solutas
488 2001 558 2033 sore
583 2007 769 2042 censentes,
790 2002 1080 2045 supplicationibus

344 2053 441 2086 etiam
465 2053 576 2087 dilecti
608 2054 665 2086 filii
698 2055 818 2087 nobilis
845 2055 902 2087 viri
927 2055 1014 2088 Petri
1040 2056 1078 2088 de
1099 2057 1101 2089 ξ

344 2106 507 2148 Aragonia
530 2106 621 2140 ducis
638 2106 833 2149 Segobricae
851 2112 883 2140 et
900 2107 1078 2148 Cardonae,
1099 2093 1101 2149 i

343 2158 437 2201 regni
461 2158 614 2202 Neapolis
643 2160 809 2202 proregis,
836 2161 910 2192 dum
941 2161 1079 2193 oratoris

342 2220 477 2244 munere
505 2221 564 2253 pro
595 2212 760 2244 carissimo
794 2212 827 2244 in
859 2212 985 2245 Christo
1016 2199 1102 2260 ⁶5⁰¹,

1755 260 1819 294 245
1865 268 1959 297 Amo.
1981 268 2042 295 1671

1123 315 1219 348 rectis
1244 315 1398 357 inclinati,
1412 317 1562 350 omnibus
1587 322 1620 350 et
1641 316 1775 360 singulis
1793 319 1857 351 ‹zle-

1124 367 1198 400 ricis
1221 368 1424 410 regularibus
1458 369 1645 413 praedictae
1675 369 1858 413 Congrega-

1125 419 1220 453 tionis
1244 420 1484 461 Theatinorum,
1507 427 1542 453 ut
1565 422 1627 465 ipsi
1653 421 1793 455 osticium
1819 423 1859 455 de

1123 472 1346 507 purificatione
1363 480 1559 508 memoratae
1578 475 1720 518 Virginis
1740 475 1861 517 glorio-

1101 525 1271 559 'sissimae
1292 527 1409 560 Mariae
1435 528 1609 570 quotannis
1641 527 1692 560 die
1717 528 1860 560 secunda

1124 578 1277 611 februarii
1302 590 1375 612 cum
1400 583 1512 613 octava
1537 581 1674 613 recitare
1700 579 1801 613 libere
1828 585 1860 613 et

1125 630 1209 663 licite
1235 632 1360 675 possint
1376 638 1408 666 et
1426 634 1561 673 valeant,
1581 632 1766 666 auctoritate
1783 643 1859 675 apo·

1123 683 1249 724 stolica‚
1263 689 1376 718 tenore
1401 685 1629 728 praesentium,
1649 685 1855 718 concedimus

1125 740 1157 768 et
1180 736 1400 779 indulgemus.
1419 766 1423 769 .

1167 788 1182 830 ἓ
1209 788 1241 822 3.
1267 789 1484 823 Decernentes
1508 791 1639 824 easdem
1670 795 1858 834 praesentes
1880 802 2006 832 ‚naeniam
2025 803 2053 822 ir-

1124 841 1246 874 litteras
1270 842 1397 883 firmas,
1422 843 1544 877 validas
1573 849 1604 877 et
1628 844 1775 877 efficaces
1792 832 1941 877 exi-''¹³³’'

1125 899 1210 927 stere
1224 895 1355 935 etsore,
1378 906 1520 939 suosque
1534 896 1699 940 plenarios
1724 902 1755 929 et
1778 896 1861 929 inte-

1125 956 1199 988 gros
1216 946 1348 980 effectus
1361 948 1470 981 sortiri
1499 954 1531 981 et
1554 949 1713 991 obtinere,
1728 960 1764 982 ac
1786 949 1861 989 illis,

1125 999 1260 1042 ad=qu0s
1285 1005 1410 1043 spectat
1429 1005 1460 1033 et
1479 1002 1640 1044 spectabit
1656 1002 1687 1033 in
1706 1001 1858 1042 futurum,

1124 1051 1313 1094 plenissime
1339 1052 1527 1096 suffragari,
1559 1053 1672 1097 sicque
1703 1054 1736 1086 in
1768 1064 1860 1097 prae-

1124 1103 1231 1137 missis
1261 1115 1320 1148 per
1344 1115 1568 1149 quoscumque
1586 1106 1709 1139 iudices
1733 1106 1861 1139 ordina-

1124 1157 1191 1190 rios
1208 1163 1240 1190 et
1257 1158 1436 1201 delegatos,
1454 1159 1550 1192 etiam
1567 1169 1736 1192 causarum
1749 1159 1861 1202 palatii

1126 1209 1297 1252 apostolici
1321 1211 1498 1251 auditores,
1519 1211 1654 1244 iudicari
1680 1216 1712 1243 et
1736 1203 1862 1244 definiri

1126 1263 1266 1303 debere,
1291 1273 1327 1296 ac
1344 1263 1470 1296 irritum
1488 1269 1520 1297 et
1535 1264 1632 1297 inane
1657 1264 1683 1296 si
1701 1274 1793 1296 secus
1814 1274 1865 1296 su-

1125 1325 1184 1357 per
1206 1314 1257 1347 his
1285 1326 1302 1348 a
1326 1326 1500 1359 quoquam,
1528 1316 1639 1359 quavis
1664 1315 1862 1357 auctoritate,

1125 1367 1265 1401 scienter
1288 1370 1339 1402 vel
1360 1369 1555 1412 ignoranter,
1575 1368 1747 1412 contigerit
1764 1373 1863 1401 atten-

1125 1420 1196 1453 tari.

1168 1475 1182 1518 ἓ
1206 1474 1238 1507 4.
1265 1474 1335 1507 Non
1360 1475 1565 1508 obstantibus
1578 1473 1861 1510 constitutionibus
1892 1484 2008 1506 Contrariis
2019 1486 2056 1508 ‹10-

1124 1532 1156 1559 et
1179 1527 1439 1561 ordinationibus
1459 1527 1659 1571 apostolicis,
1678 1527 1860 1570 ceterisque
1872 1515 1939 1537 ‘⁰²³¹'

1124 1581 1294 1613 contrariis
1320 1580 1589 1624 quibuscumque.

1167 1633 1228 1677 55.
1255 1634 1408 1666 Volumus
1427 1639 1533 1667 autem
1552 1639 1588 1666 ut
1604 1633 1745 1677 ipsarum
1767 1643 1860 1677 prae-

1123 1686 1264 1719 sentium
1295 1687 1478 1720 litterarum
1498 1686 1708 1730 transumptis
1724 1712 1732 1727 ,
1763 1686 1860 1719 etiam

1122 1740 1303 1784 impressis,
1323 1751 1420 1774 manu
1445 1741 1581 1774 alicuius
1597 1741 1716 1774 notarii
1738 1741 1861 1784 publici

1122 1794 1323 1837 subscriptis,
1347 1799 1380 1826 et
1404 1794 1512 1837 sigillo
1530 1804 1691 1837 personae
1708 1793 1742 1826 in
1759 1793 1863 1836 digni-

1122 1852 1186 1880 tate
1221 1847 1440 1880 ecclesiastica
1471 1847 1668 1880 constitutae
1706 1846 1861 1886 munitis,

1122 1901 1236 1933 eadem
1260 1910 1395 1944 prorsus
1420 1899 1501 1933 fides
1517 1900 1551 1932 in
1570 1899 1693 1933 iudicio
1719 1904 1752 1932 et
1775 1904 1864 1932 extra

1905 1644 2055 1668 Transumpm·

1871 1675 1915 1691 rum
1931 1669 1990 1690 fides.

1121 1953 1202 1986 illud
1218 1953 1425 1995 adhibeatur,
1445 1963 1526 1997 quae
1540 1953 1765 1997 praesentibus
1781 1952 1861 1995 ipsis

1099 2035 1100 2040 ,
1123 2006 1337 2040 adhiberetur
1368 2006 1393 2039 si
1424 2007 1530 2040 forent
1554 2006 1720 2039 exhibitae
1752 2007 1801 2039 vel
1827 2016 1861 2038 o*

1123 2065 1262 2093 stensae.

1165 2113 1282 2145 Datum
1314 2113 1454 2154 Romae,
1475 2113 1563 2157 apud
1591 2112 1622 2146 S.
1646 2112 1777 2145 Mariam
1798 2112 1861 2145 Ma-

1122 2166 1251 2206 iorem,
1278 2167 1339 2199 sub
1364 2167 1486 2200 annulo
1519 2167 1696 2200 piscatoris
1713 2193 1721 2207 ,
1745 2166 1796 2199 die
1821 2176 1861 2199 xx

1123 2219 1250 2262 augusti
1274 2228 1423 2260 nnetxxi,
1442 2219 1654 2263 pontificatus
1675 2219 1781 2252 nostri
1806 2227 1862 2251 an-

342 2268 455 2296 nostro
480 2263 593 2297 Carolo
618 2264 846 2307 Hispaniarum
870 2275 946 2307 rege
971 2266 1081 2299 catho-
1100 2265 1102 2279 ¹
1123 2283 1165 2306 no
1183 2283 1219 2306 11.

342 2315 406 2349 lico
431 2317 471 2349 ad
490 2318 716 2360 praestandam
740 2318 835 2351 nobis
855 2317 999 2352 eiusdem
1025 2319 1082 2352 Ca—

342 2369 405 2402 roli
429 2369 516 2412 regis
533 2370 664 2403 nomine
683 2371 905 2404 obedientiam
930 2372 1082 2415 fungeba-

342 2427 405 2463 tur,
432 2432 469 2455 ac
493 2423 631 2456 dilectae
656 2423 689 2456 in
713 2423 840 2458 Christo
857 2424 943 2458 filiae
961 2426 1081 2459 nobilis

342 2475 488 2509 mulieris
523 2476 671 2510 ducissae
696 2477 806 2510 Feriae
838 2478 907 2511 eius
931 2478 1080 2522 coniugis

341 2529 472 2563 nomine
496 2529 590 2563 nobis
614 2540 712 2574 super
736 2531 800 2565 hoc
818 2531 986 2565 humiliter
1009 2543 1081 2576 por-

376 2645 390 2673 1
403 2644 549 2681 Perperarn
561 2644 604 2672 ed.
614 2645 696 2673 Main.
709 2644 774 2681 legit
783 2654 858 2674 vana
868 2653 917 2682 pro
927 2649 990 2675 vota
999 2647 1081 2685 (uxr.)

1158 2334 1218 2363 Dat.
1235 2335 1280 2363 die
1295 2335 1330 2362 20
1349 2334 1456 2371 augusti
1477 2336 1555 2368 1671,
1575 2334 1667 2371 pontif
1692 2342 1737 2362 an.
1754 2341 1785 2361 11.

1421 2496 1563 2530 LXXVII.

1122 2585 1249 2619 Erectio
1286 2586 1407 2619 Montis
1445 2596 1511 2619 non
1549 2585 1707 2618 vacabitis
1747 2584 1861 2618 Ursini

1169 2640 1307 2683 quintae
1329 2640 1515 2681 erectionis,
1542 2649 1615 2672 cum
1643 2638 1858 2682 amplissimis
