2279 3260
195 248 244 274 An.
264 249 293 276 c,
319 249 379 276 ¹671
428 241 492 275 ⁶2:32
976 253 1154 279 BULLARIUM
1179 253 1328 279 noussen

387 297 450 330 illis
475 298 554 331 aliae
574 299 605 331 in
622 310 679 331 suo
699 301 817 333 robore
835 300 1066 343 permansuris,
1082 301 1120 333 ad

385 351 637 393 praemissorum
654 351 810 392 effectum,
825 352 1009 395 specialiter
1026 358 1057 384 et
1074 362 1120 384 cx-

384 412 508 445 presse,
525 414 560 436 ac
584 405 771 446 plenissime
791 410 821 437 et
845 403 1040 447 amplissime
1066 404 1120 436 de-

385 465 548 496 rogamus,
573 461 605 489 et
641 458 830 499 derogatum
863 467 931 489 esse
957 457 1118 495 volumus,

386 508 569 551 ceterisque
596 510 764 542 contrariis
783 510 1051 552 quibuscumque.

431 562 446 603 ἓ
465 560 496 594 6.
525 562 562 594 Ut
586 567 691 594 autem
715 562 845 594 eaedem
864 565 1050 604 praesentes
1068 560 1119 592 tit-

386 618 473 646 terae
498 614 535 647 ad
561 614 703 647 omnium
720 613 863 646 notitiam
886 612 1009 645 facilius
1028 612 1117 644 deve-

1897 255 1945 282 An.
1967 254 1996 282 C.
2021 255 2084 282 1671

1477 303 1577 337 LXVI.

1162 370 1375 413 Indulqentz'a
1398 373 1551 416 plenaria
1569 377 1725 416 perpetua
1743 384 1802 416 pro
1819 373 1896 406 visi-

1208 424 1352 455 tantibus
1376 425 1522 458 ecclesias
1545 427 1688 468 fratrum
1708 430 1741 458 et
1769 426 1896 458 monia-

1207 475 1289 506 lium
1326 476 1460 509 Ordinis
1491 478 1596 509 sancti
1626 478 1789 510 Dominici
1829 482 1895 510 lam

1205 531 1322 559 erectas
1338 539 1436 570 quam
1457 529 1626 570 eriyendas
1642 529 1834 572 ubicumque
1851 530 1894 561 lo-

1204 590 1314 611 corum
1346 581 1382 612 in
1413 581 1501 622 festis
1528 586 1713 614 sanctorum
1737 582 1894 614 Ludovici

243 577 368 597 constitutio

194 610 241 623 num
273 604 375 628 publicari

195 630 287 651 mandat.

224 1103 372 1127 'transumpto-

192 1135 235 1149 rum
251 1129 310 1148 sides.

386 665 483 705 uiant,
499 668 645 699 volumus
660 666 742 705 illas,
762 676 817 698 seu
832 675 941 697 earum
959 665 1116 706 exempla,

385 719 424 751 ad
449 720 553 752 valvas
578 718 729 751 basilicae
762 717 919 760 Principis
945 718 1116 759 Apostolo-

383 781 468 811 rum,
495 781 531 802 ac
556 770 769 803 cancellariae
796 768 1002 812 apostolicae,
1028 773 1058 801 et
1082 768 1113 800 in

382 823 449 856 acie
482 823 590 866 Campi
623 823 734 856 Florae
767 823 806 855 de
831 821 933 861 Urbe,
960 826 993 853 ut
1017 821 1114 854 moris

382 881 440 915 est,
469 876 552 918 affigi
578 881 609 908 et
633 875 810 918 publicari,
837 874 949 917 sicque
974 873 1114 917 publica-

382 934 442 968 tas,
468 939 580 961 omnes
605 933 635 959 et
659 927 814 969 singulos,
840 937 920 970 quos
946 926 1018 959 illae
1040 937 1114 958 con-

381 986 526 1021 cernunt,
553 980 688 1023 perinde
713 980 849 1019 afficere,
876 989 912 1011 ac
940 979 965 1011 si
991 978 1114 1011 unicui-

382 1044 443 1077 que
461 1033 673 1076 personaliter
690 1032 854 1065 intimatae
876 1032 1023 1071 fuissent,

425 1087 440 1128 {j
466 1085 495 1118 7.
524 1085 626 1129 thue
652 1085 795 1128 ipsarum
812 1084 1030 1128 praesentium
1063 1084 1114 1116 lit-

382 1143 523 1170 terarum
539 1136 755 1180 transumptis,
767 1148 821 1169 seu
837 1136 1002 1179 exemplis,
1018 1136 1113 1168 etiam
1134 1159 1135 1162 η

382 1190 558 1234 impressis,
582 1201 678 1223 manu
700 1190 837 1223 alicuius
857 1189 972 1222 notarii
991 1189 1112 1232 publici

381 1243 581 1286 subscriptis,
615 1248 646 1275 et
666 1242 772 1284 sigillo
799 1241 933 1274 alieuius
955 1251 1113 1284 personae

380 1295 412 1328 in
425 1294 642 1328 ecclesiastica
658 1294 814 1337 dignitate
835 1295 1031 1327 constitutae
1047 1304 1115 1325 mu-

381 1348 467 1387 nilis,
483 1348 595 1380 eadem
622 1358 758 1390 prorsus
788 1347 868 1379 sides
890 1347 1010 1390 ubique
1035 1347 1113 1379 loeo-

381 1464 462 1496 quae
488 1453 665 1485 haberetur
693 1452 813 1485 eisdem
838 1452 1066 1495 praesentibus
1088 1452 1112 1484 si

381 1506 489 1538 forent
510 1505 675 1538 exhibitae
695 1506 743 1537 vel
770 1510 936 1537 ostensae.

424 1558 538 1591 Datum
563 1558 702 1598 Romae,
729 1558 815 1601 apud
840 1557 870 1590 S.
898 1558 1027 1590 Mariam
1054 1558 1115 1589 Ma-

381 1612 504 1651 iorem,
532 1611 591 1643 sub
616 1612 736 1644 annulo
773 1610 946 1644 Piscatoris
963 1638 970 1651 ,
998 1611 1048 1644 die
1076 1610 1136 1644 izvx

381 1664 454 1698 maii
490 1674 626 1698 unctiori
640 1691 647 1704 ‚
675 1664 885 1707 pontificatus
920 1664 1022 1697 nostri
1059 1676 1115 1697 an-

381 1727 423 1750 no
442 1727 477 1750 11.

418 1778 474 1806 Dat.
491 1778 534 1805 die
552 1779 583 1805 15
603 1778 665 1805 maii
688 1779 765 1813 1671,
783 1778 878 1814 pontif.
895 1787 964 1806 anuo
982 1785 1009 1806 11.

425 1875 521 1909 Anno
546 1886 566 1907 α
586 1875 756 1908 nativitate
773 1875 906 1908 Domini
923 1876 1026 1908 nostri
1042 1877 1116 1910 Iesu

384 1928 506 1963 Christi
530 1937 681 1967 uncum,
696 1928 872 1961 indictione
898 1939 937 1970 lx,
970 1929 1022 1962 die
1045 1940 1116 1963 vero

383 1990 423 2014 xx
448 1981 565 2013 mensis
578 1980 675 2019 maii,
693 1980 903 2023 pontificatus
919 1986 1024 2014 autem
1041 1993 1116 2015 san-

383 2033 522 2066 ctissimz'
541 2033 575 2065 in
598 2033 725 2067 Christo
739 2034 846 2076 patris
863 2038 891 2066 et
918 2033 1044 2067 domini
1060 2046 1116 2067 no-

382 2086 444 2119 stri
467 2084 595 2117 dominiv
618 2085 790 2118 Clementis
814 2085 925 2118 divina
948 2088 1117 2129 providen-

383 2254 438 2276 vas
457 2243 609 2275 basilicae
633 2243 802 2285 Principis
825 2244 1055 2286 Apostolorum
1080 2246 1117 2277 de

390 2295 470 2329 l'rbe
494 2299 521 2327 et
553 2295 769 2328 cancellariae
800 2296 992 2338 apostolicae
1020 2305 1047 2330 et
1082 2299 1117 2331 in

383 2348 452 2381 acie
477 2348 591 2391 Campi
612 2348 739 2388 Florae,
761 2359 796 2381 ac
819 2349 897 2381 aliis
915 2349 990 2382 locis
1013 2351 1117 2384 solitis

384 2404 413 2433 et
440 2401 597 2433 consuetis
624 2400 728 2441 Urbis,
748 2411 807 2444 per
833 2401 1048 2435 Laurentium
1065 2404 1113 2437 Si-

383 2454 497 2498 qnium
524 2454 724 2487 sanctissimi
740 2454 866 2487 domini
889 2456 993 2488 nostri
1006 2457 1118 2500 Papae

384 2517 556 2540 cursorem.

644 2561 806 2593 Amemus
828 2570 870 2594 DE
895 2560 1072 2603 Mixoisrms,

678 2613 832 2656 magister
851 2624 1028 2647 cursorum.

1203 632 1391 671 Ber-arandi,
1412 632 1464 664 die
1487 643 1505 665 x
1525 633 1672 672 octobris,
1692 638 1719 666 et
1740 634 1840 667 Rosae
1857 634 1895 667 de

1203 684 1234 717 S.
1260 684 1381 722 Maria,
1406 684 1458 716 die
1481 695 1538 717 xxx
1563 686 1696 727 anqusti
1709 685 1728 718 ¹.

1374 763 1508 790 clemens
1536 763 1614 797 Papa
1633 764 1672 795 X.

1280 810 1316 834 ad
1337 811 1510 842 perpetuam
1529 808 1573 834 rei
1594 808 1774 835 memoriam.

1201 878 1427 921 Redemptoris
1462 883 1494 910 et
1525 878 1647 911 domini
1685 878 1785 910 nostri
1821 878 1889 912 Iesu

1157 923 1286 971 Christi,
1315 930 1367 974 qui
1398 931 1558 973 gloriosos
1589 931 1888 971 saluberrimorum,

1157 994 1239 1026 quae
1257 983 1351 1015 nobis
1376 983 1519 1026 reliquit,
1543 984 1768 1026 exemplorum
1794 988 1892 1016 secta.

1158 1041 1241 1068 tores
1266 1036 1338 1068 altis
1365 1036 1530 1068 decoravit
1556 1035 1736 1069 honoribus
1763 1041 1795 1068 et
1814 1046 1889 1068 cae-

1157 1089 1247 1122 lestis
1268 1088 1477 1121 beatitudinis
1503 1093 1670 1121 consortes
1696 1087 1823 1128 effecit,
1851 1088 1895 1120 vi-

1157 1152 1223 1181 ces,
1250 1140 1327 1173 licet
1350 1139 1523 1180 immeriti,
1550 1146 1699 1183 gerentes
1724 1141 1757 1172 in
1783 1140 1890 1181 terris,

1157 1193 1372 1236 spiritualium
1398 1203 1568 1226 munerum
1595 1193 1786 1232 thesauros,
1812 1203 1891 1235 quo-

1156 1257 1226 1279 rum
1252 1247 1344 1279 nobis
1370 1246 1492 1279 credita
1526 1250 1574 1278 est
1607 1244 1827 1288 dispensatio,
1853 1245 1891 1278 ti-

1157 1300 1272 1333 benter
1296 1310 1490 1342 erogamus,
1516 1299 1597 1331 sicut
1627 1298 1664 1330 ad
1691 1297 1892 1330 excitandam

1134 1371 1136 1394 3
1158 1358 1189 1385 et
1214 1353 1384 1385 fovendam
1410 1362 1487 1394 erga
1513 1352 1644 1384 eosdem
1668 1351 1780 1383 beatos
1811 1349 1890 1383 caeli

381 1411 449 1433 rum
475 1399 505 1432 in
532 1400 653 1432 iudicio
672 1406 701 1432 et
722 1405 810 1432 extra
835 1399 912 1432 illud
939 1400 1112 1439 habeatur,
1135 1409 1136 1415 ¹

1157 1405 1278 1437 incolas
1309 1404 1452 1437 fidelium
1493 1403 1698 1436 devotionem
1722 1402 1895 1436 salubriter

1134 1459 1136 1490 ὲ
1158 1457 1312 1500 expedire
1331 1457 1362 1489 in
1376 1456 1511 1489 Domino
1526 1456 1728 1489 arbitramur.

1201 1510 1215 1553 ἓ
1240 1509 1270 1541 1.
1299 1509 1375 1542 Cum
1400 1509 1509 1551 itaque
1534 1519 1592 1541 nos
1618 1518 1722 1551 nuper
1739 1508 1779 1541 ad
1793 1508 1894 1541 hono-

1157 1573 1224 1595 rem
1242 1561 1461 1594 sanctissimae
1476 1567 1507 1594 et
1523 1561 1706 1594 individuae
1718 1560 1891 1601 Trinitatis,

1157 1615 1196 1648 ad
1222 1615 1448 1647 exaltationem
1468 1614 1645 1646 catholicae
1662 1613 1737 1646 fidei
1756 1618 1789 1646 et
1807 1612 1894 1646 chri-

1157 1667 1279 1700 stianae
1304 1666 1472 1709 religionis
1497 1667 1748 1705 incrementum,
1776 1666 1815 1698 de
1841 1676 1894 1698 ve-

1158 1719 1351 1752 nerabilium
1378 1719 1509 1751 fratrum
1535 1723 1719 1751 nostrorum
1745 1718 1775 1750 S.
1804 1717 1838 1751 R.
1856 1717 1891 1751 E.

1159 1771 1392 1811 cardinalium,
1415 1782 1450 1803 ac
1474 1771 1744 1814 patriarcharum,
1772 1770 1896 1803 archie-

1158 1824 1365 1868 piscoporum
1412 1829 1444 1856 et
1480 1824 1709 1867 episcoporum
1745 1823 1778 1855 in
1810 1824 1893 1855 alma

1159 1876 1243 1910 Urbe
1268 1878 1380 1910 nostra
1414 1882 1488 1909 tunc
1512 1876 1716 1910 existentium
1742 1875 1890 1916 consilio,

1158 1929 1288 1963 beatum
1303 1929 1500 1962 Ludovicuni
1518 1929 1746 1968 Bertrandum,
1764 1928 1893 1961 Ordinis

1136 2014 1137 2020 ,
1159 1982 1420 2015 praedicatorum
1444 1982 1661 2025 professorem
1677 2007 1685 2021 ,
1711 1986 1741 2013 et
1766 1981 1892 2013 beatam

1136 2067 1137 2083 ἦ
1159 2035 1274 2068 Rosam
1299 2035 1337 2067 de
1363 2033 1393 2066 S.
1421 2033 1518 2066 Maria
1535 2032 1693 2075 virginem
1718 2033 1891 2073 Limanam,

1159 2087 1256 2120 Tertii
1268 2086 1395 2120 Ordinis
1409 2086 1511 2118 sancti
1524 2085 1690 2126 Dominici,
1702 2087 1893 2119 auctoritate

384 2138 431 2171 tid
461 2138 572 2180 Papae
590 2138 630 2179 X,
655 2147 741 2169 aimo
772 2138 840 2169 eius
869 2148 901 2178 11,
929 2129 1137 2182 supradicta*

384 2191 576 2226 Constitutio
593 2191 695 2233 affixa
709 2195 737 2223 et
751 2190 917 2233 publicata
927 2193 1041 2234 snitacl
1054 2194 1118 2226 val-
1136 2187 1137 2196 ¹

1159 2141 1251 2173 nobis
1271 2151 1289 2173 a
1312 2139 1448 2173 Domino
1469 2139 1593 2179 tradita,
1607 2139 1741 2172 Sanctos
1758 2149 1827 2172 esse
1843 2140 1893 2172 de-

1159 2194 1353 2226 creverimus
1389 2198 1421 2226 et
1460 2192 1720 2232 detiniverimus,
1752 2193 1893 2236 illosque

1159 2246 1347 2279 Sanctorum
1368 2246 1514 2287 catalogo
1532 2244 1668 2278 solemni
1693 2245 1755 2277 ritu
1780 2245 1894 2278 adscri-

1160 2298 1338 2342 pserimus:
1358 2297 1433 2330 hine
1460 2303 1508 2330 est
1531 2298 1617 2340 quod
1632 2308 1700 2337 nOS,
1718 2298 1757 2330 ad
1775 2308 1895 2340 augen—

1161 2353 1233 2385 dam
1258 2352 1400 2386 fidelium
1435 2351 1625 2395 religionem
1656 2355 1687 2383 et
1715 2350 1895 2383 animarum

1161 2407 1297 2438 salutem
1323 2404 1516 2437 caelestibus
1552 2403 1707 2436 ecclesiae
1737 2403 1895 2436 thesauris

1161 2458 1213 2501 pia
1237 2457 1396 2490 charitate
1421 2456 1548 2496 intenti,
1567 2466 1603 2488 ac
1628 2456 1667 2489 de
1693 2456 1896 2499 omnipoten-

1162 2510 1201 2542 tis
1225 2509 1280 2542 Dei
1305 2509 1529 2542 misericordia
1563 2515 1594 2542 et
1618 2509 1787 2542 beatorum
1811 2508 1896 2542 Petri

1197 2625 1208 2651 1
1231 2623 1304 2650 Nunc
1324 2623 1443 2659 primum
1464 2623 1603 2660 impressa.

1927 890 2048 912 fitur-uum.

1955 1520 2086 1544 indulgentia

1904 1546 1957 1567 utin
1970 1546 2063 1567 rubrica.
