2279 3260
217 258 265 285 An.
282 258 311 286 c.
334 259 401 286 1676
446 250 510 284 614

409 309 597 342 transeundi
623 309 663 343 ad
687 315 802 343 statum
838 309 1021 343 clericalem
1046 315 1145 342 0153-

410 371 481 394 cros
506 363 638 396 ordines
662 363 695 396 in
720 363 826 405 laicis,
850 364 898 396 vel
925 363 1010 406 quod
1035 362 1068 394 111
1092 361 1143 394 1115

410 415 695 449 constitutionibus
715 422 800 449 auta
813 416 1034 459 superiorilJus
1054 424 1146 457 prae-

411 468 527 511 cipitur
560 469 617 502 sub
642 472 748 513 poena
781 467 1144 506 excomuumicationis,

410 522 458 554 vel
476 522 508 554 in
524 523 640 556 virtute
659 529 789 556 sanctae
804 521 1030 555 obedientiae:
1046 525 1146 552 trans-

411 576 612 616 gressionem
639 588 714 610 vero
747 578 795 609 vel
830 575 1038 609 omissionem
1069 573 1147 606 alio-

412 638 490 669 rum,
509 631 637 662 secluso
663 634 863 672 contemptu,
889 629 1040 661 nolumus
1067 625 1147 658 obli-

412 692 487 723 gare
512 682 572 715 nisi
594 683 631 715 ad
657 693 796 725 poenam
821 681 1025 724 impositam,
1055 680 1103 711 vel
1130 689 1146 710 a

410 734 631 776 superioribus
657 745 715 778 pro
745 744 857 767 eorum
883 732 1033 777 prudenti
1060 731 1144 765 arbi·

411 785 472 818 trio
497 785 740 829 imponendam.

455 849 496 871 lv.
513 838 602 876 Quod
621 839 645 871 si
662 839 776 882 aliquis
795 839 895 881 (quod
910 838 993 870 Deus
1011 835 1145 878 avertat>

411 891 515 934 quoad
552 892 767 924 reverentiam
806 891 967 934 superiori
1006 889 1147 923 debitam

411 943 443 975 in
461 954 494 976 re
513 944 599 986 gravi
619 944 801 987 deliquerit,
819 944 917 976 ceteri
942 942 1085 985 religiosi
1105 941 1146 974 di-

410 995 549 1039 ligente-r
581 997 639 1029 sub
673 999 778 1040 poena
813 996 916 1039 gravis
949 996 1062 1038 culpae
1094 1004 1146 1026 03-

411 1055 483 1081 rent
511 1055 546 1082 ut
570 1060 645 1082 reus
670 1061 782 1083 severe
808 1049 968 1092 puniatur,
990 1049 1145 1090 nullaque

411 1103 505 1145 culpa
540 1103 770 1136 irreverentiae
804 1114 881 1145 erga
916 1101 1144 1145 superiorem,

411 1155 616 1197 quantumvis
643 1156 730 1196 levis,
758 1155 917 1198 impunita
941 1159 1080 1186 maneat.

454 1218 484 1240 v.
511 1208 542 1241 Si
568 1208 685 1251 aliquis
716 1208 891 1251 religiosus
919 1218 1026 1240 coram
1052 1216 1147 1249 supe-

411 1261 496 1293 riore
522 1261 616 1293 alicui
641 1266 814 1304 praecepto
829 1271 893 1293 non
912 1259 1083 1298 obedierit,
1097 1259 1145 1291 vel

411 1324 498 1346 suam
524 1313 780 1347 inobedientiam
806 1313 966 1346 mordicus
993 1318 1025 1345 01
1048 1311 1147 1355 perti-

411 1366 535 1399 naciter
553 1366 744 1406 defenderit,
760 1366 914 1399 continuo
929 1366 1147 1398 incarceretur

411 1424 575 1462 tamquam
599 1425 768 1452 contumax
795 1424 826 1451 et
849 1418 991 1457 rebellis,
1017 1423 1048 1450 01
1072 1427 1145 1449 1000

411 1472 512 1504 activa
529 1478 560 1505 et
583 1473 656 1505 loco
681 1472 824 1515 privatus
849 1472 890 1503 sit
914 1482 972 1514 pro
997 1476 1146 1513 tempore

411 1527 524 1568 culpae
544 1525 794 1568 proportionato
812 1525 851 1556 ad
869 1524 1037 1556 arbitrium
1056 1533 1147 1566 prae-

410 1577 487 1618 1a1i;
525 1583 557 1610 01
593 1578 704 1610 eadem
731 1579 837 1619 poena
870 1578 1065 1609 mulctentur
1093 1575 1145 1618 qui

412 1635 525 1662 contra
541 1629 729 1673 superiores
746 1629 991 1670 insurrexerint,
1009 1629 1146 1661 istorum

412 1682 515 1715 officia
539 1689 746 1726 usurpantes,
772 1684 821 1715 vel
847 1692 957 1715 eorum
984 1682 1147 1715 executio—

411 1745 486 1767 nem
512 1735 740 1778 impedientes.

455 1799 499 1822 v1.
526 1789 681 1831 Religiosi
707 1788 788 1822 nihil
815 1789 946 1822 omnino
965 1794 1061 1831 agant
1079 1789 1146 1821 sine

412 1842 542 1874 licentia
573 1842 773 1885 superioris,
799 1842 992 1884 praesertim
1026 1842 1146 1884 absque

413 1896 469 1928 illa
497 1905 568 1927 cum
592 1895 752 1928 extraneis
778 1906 843 1927 11011
868 1897 1062 1937 loquantur,
1088 1906 1148 1928 nec

413 1947 564 1987 scribant,
598 1958 704 1990 neque
729 1947 887 1990 recipiant
912 1948 1046 1988 litteras,
1070 1947 1147 1990 quin

413 2000 502 2043 prius
519 2000 590 2032 illas
608 2000 816 2032 manifestent
832 2000 1003 2043 superiori,
1023 2001 1076 2043 qui
1093 2012 1147 2034 eas

413 2054 512 2096 legat,
534 2058 566 2085 et
585 2058 677 2085 curet
701 2063 741 2085 ne
767 2053 948 2085 scribantur
983 2064 1043 2087 1100
1068 2055 1148 2087 reci-

414 2107 544 2149 piantur
560 2117 640 2149 quae
664 2106 894 2139 convenientes
919 2118 984 2139 non
1009 2107 1146 2148 suerint,

414 2164 566 2202 poterunt
598 2164 705 2191 tamen
738 2159 806 2191 sine
843 2160 971 2192 licentia
1000 2161 1036 2193 ad
1071 2170 1148 2193 suos

415 2213 592 2255 praelatos,
623 2212 825 2255 superiores,
859 2213 1046 2246 definitores
1071 2215 1150 2247 scri-

415 2265 502 2305 bere,
530 2270 562 2298 et
585 2275 698 2298 00111111
729 2265 850 2298 litteras
875 2267 1034 2310 accipere.

460 2329 517 2352 111.
544 2318 574 2351 Si
596 2319 744 2351 subditus
770 2319 886 2362 aliquis
914 2321 1078 2363 aperuerit
1099 2321 1149 2353 vel

415 2382 481 2406 nou
507 2372 676 2405 tradiderit
697 2372 819 2405 litteras
845 2373 945 2415 patris
970 2374 1148 2416 generalis,

417 2426 624 2459 delinit-erum
650 2426 858 2467 generalium,
876 2427 925 2459 vel
946 2437 1077 2460 suorum
1094 2428 1151 2460 mi-

415 2480 589 2512 nistrorum
610 2478 855 2522 provincialium
884 2480 933 2512 vel
958 2486 1151 2514 conventua-

416 2533 505 2572 lium,
525 2532 574 2564 vel
599 2532 671 2564 illas
689 2542 769 2574 quae
793 2532 833 2564 ad
862 2532 951 2575 ipsos
968 2534 1148 2575 mittuntur,

417 2586 459 2618 sit
482 2586 709 2626 incarceratus,
735 2591 767 2618 et
790 2596 865 2618 voce
891 2597 927 2618 ac
951 2588 1021 2619 loco
1047 2587 1150 2630 priva-

418 2643 466 2672 tus
490 2650 550 2683 pro
577 2645 723 2683 tempore
749 2640 860 2682 culpae
886 2641 1146 2684 proportionum,

1603 239 1622 255 5

997 261 1176 287 numanum
1198 260 1348 287 ROMANUM

1187 309 1212 341 51
1237 321 1312 343 vero
1338 310 1530 354 delinquens
1553 311 1719 355 praelatus
1744 310 1858 351 suerit,
1880 309 1922 343 sit

1187 373 1363 406 suspensus
1378 374 1395 396 a
1412 375 1470 397 5110
1485 364 1589 398 officio
1608 375 1667 408 per
1681 369 1818 408 quatuor
1834 373 1923 396 men-

1188 425 1258 455 ses;
1285 416 1372 459 quod
1398 416 1424 449 si
1450 416 1568 459 aliquis
1602 417 1736 450 inferior
1760 415 1925 460 aperuerit

1189 469 1237 500 vel
1255 478 1320 500 non
1346 468 1516 501 tradiderit
1538 469 1661 502 litteras
1689 480 1769 512 quas
1786 468 1925 513 quilibet

1188 519 1358 561 religiosus
1382 520 1475 553 alteri
1500 521 1614 561 mittit,
1643 522 1795 564 puniatur
1818 522 1924 564 poena

1188 573 1302 615 culpae
1320 572 1433 614 gravis;
1450 578 1482 606 01
1499 573 1611 606 eadem
1629 575 1734 617 poena
1750 575 1924 607 muletetur

1189 625 1282 657 ctiam
1298 625 1436 668 quilibet
1452 627 1626 669 praelatus,
1647 626 1702 670 qui
1720 627 1845 660 litteras
1862 626 1923 659 sibi

1188 688 1253 710 nou
1279 678 1483 712 subditorum
1508 679 1684 722 aperuerit.

1233 741 1254 763 1.
1281 730 1311 763 Si
1348 731 1465 774 aliquis
1500 731 1670 773 religiosus
1707 731 1816 774 (quod
1839 731 1923 765 Deus

1189 784 1329 827 avertat)
1359 789 1472 816 contra
1489 784 1669 817 castitatem
1687 784 1871 827 deliquerit,
1891 789 1924 818 et

1189 836 1227 868 dc
1245 847 1282 869 00
1303 837 1466 869 convictus
1492 836 1598 877 suerit,
1627 837 1848 870 incarceretur
1864 848 1924 881 per

1188 899 1240 921 sex
1266 899 1405 929 meuses,
1430 889 1554 922 ieiunet
1577 894 1610 922 et
1632 890 1814 932 flagelletur
1839 890 1924 922 arbi-

1190 941 1252 974 trio
1270 942 1462 985 superioris,
1485 944 1606 975 attenta
1623 943 1777 985 gravitate
1802 943 1922 984 delicti,

1189 1000 1220 1027 et
1243 1005 1302 1037 pcr
1327 995 1464 1038 spatium
1488 995 1585 1028 unius
1610 996 1685 1028 anni
1714 995 1858 1038 privatus
1883 996 1925 1029 sit,

1189 1048 1310 1088 officio,
1337 1058 1413 1081 voce
1439 1054 1471 1081 et
1494 1049 1581 1090 loco;
1609 1049 1695 1092 quod
1721 1049 1747 1081 si
1772 1048 1925 1082 delictum

1189 1100 1354 1143 publicum
1379 1101 1476 1134 suerit
1497 1101 1581 1145 apud
1607 1103 1807 1142 saeculares,
1828 1102 1925 1135 disci-

1189 1154 1278 1196 plina
1303 1155 1507 1188 conventuali
1533 1155 1723 1198 flagelletur,
1741 1165 1777 1188 ac
1801 1165 1860 1198 per
1876 1155 1925 1188 in-

1189 1213 1312 1249 tegrum
1339 1218 1459 1240 anuum
1484 1208 1518 1240 in
1543 1218 1671 1241 carcere
1703 1208 1762 1249 sit,
1787 1213 1820 1242 et
1843 1219 1924 1242 voce

1190 1271 1225 1293 30
1248 1262 1319 1293 1000
1344 1272 1404 1304 per
1428 1261 1604 1294 triennium
1624 1266 1744 1301 careat;
1764 1261 1790 1294 si
1816 1267 1925 1295 autem

1189 1314 1222 1346 in
1243 1314 1346 1347 simile
1370 1320 1538 1357 peccatum
1562 1315 1739 1355 relabatur,
1758 1314 1926 1358 praedicta

1189 1378 1295 1410 poena
1320 1368 1515 1411 duplicetur.

1234 1432 1268 1454 11.
1296 1420 1451 1459 Quoniam
1469 1427 1575 1454 autem
1589 1421 1628 1454 de
1643 1420 1829 1454 huiusmodi
1847 1421 1927 1455 deli-

1191 1474 1248 1506 ctis
1270 1475 1365 1517 plena
1379 1474 1525 1517 probatio
1545 1485 1617 1507 raro
1633 1474 1703 1507 fieri
1724 1475 1820 1515 valet,
1834 1485 1927 1518 prae-

1190 1527 1326 1569 cipimus
1359 1527 1521 1569 praelatis,
1539 1532 1582 1567 ut,
1606 1527 1763 1570 religioso
1789 1528 1828 1560 de
1845 1528 1925 1571 ipsis

1191 1579 1351 1612 diffamato
1367 1607 1374 1621 ,
1402 1580 1465 1612 nisi
1490 1580 1607 1612 samam
1643 1590 1731 1612 suam
1768 1580 1858 1624 prius
1882 1580 1927 1613 ita

1190 1633 1375 1675 purgaverit
1414 1638 1450 1665 ut
1478 1633 1605 1666 nullum
1638 1632 1787 1666 sinistrae
1820 1633 1858 1666 de
1891 1643 1926 1666 se

1191 1686 1337 1728 opinioni
1355 1687 1463 1719 1003111
1480 1685 1650 1728 reliquisse
1666 1685 1813 1718 videatur
1825 1685 1926 1729 (quod

1191 1738 1320 1782 quidem
1340 1749 1401 1782 pro
1419 1739 1568 1771 timorata
1592 1749 1706 1772 eorum
1727 1739 1926 1772 conscientia

1191 1797 1284 1835 atque
1301 1792 1475 1836 prudentia
1487 1792 1699 1835 iudicabunt),
1719 1792 1860 1825 honores
1878 1792 1928 1825 de-

1191 1851 1311 1888 negent
1347 1850 1379 1878 et
1413 1846 1530 1888 gratias
1567 1855 1647 1888 quae
1691 1844 1761 1878 aliis
1793 1845 1927 1879 concedi

1191 1900 1307 1939 solent,
1325 1898 1476 1932 videlicet
1502 1898 1614 1938 officia,
1633 1898 1750 1939 studia,
1772 1898 1903 1932 ordines
1917 1925 1924 1939 ,

1192 1953 1342 1991 lecturas,
1358 1952 1545 1984 facultatem
1566 1950 1784 1984 concionandi
1802 1956 1835 1983 et
1856 1961 1928 1983 con-

1192 2005 1348 2038 sessiones
1366 2004 1528 2046 audiendi,
1542 2009 1573 2037 01
1589 2014 1606 2036 a
1626 2008 1787 2037 conventu
1808 2014 1927 2036 exeun-

1193 2059 1235 2099 di,
1267 2063 1352 2098 ete.·‚
1386 2063 1579 2101 patrumque
1611 2056 1857 2099 provincialium
1892 2066 1928 2089 ac

1192 2111 1416 2144 ministrorum
1446 2109 1661 2143 conscientias
1691 2119 1861 2142 oneramus
1892 2114 1928 2141 ut

1192 2163 1366 2207 specialem
1391 2172 1499 2195 curam
1524 2161 1675 2195 similium
1700 2161 1927 2204 religiosorum

1193 2216 1343 2249 babeant.

1236 2281 1258 2303 1.
1286 2270 1333 2302 Ad
1350 2268 1552 2312 paupertatis
1571 2273 1677 2301 votum
1696 2273 1821 2312 spectat
1845 2269 1928 2302 nihil

1193 2329 1355 2366 tamquam
1385 2322 1554 2365 proprium
1589 2328 1643 2354 aut
1671 2322 1769 2355 etiam
1796 2323 1929 2356 nomine

1194 2381 1372 2409 conventus
1407 2374 1574 2417 possidere
1600 2375 1648 2407 vel
1673 2380 1802 2407 tenere:
1827 2385 1929 2418 quare

1194 2430 1249 2473 qui
1262 2439 1354 2462 secus
1370 2428 1490 2468 fecerit,
1508 2428 1558 2460 vel
1575 2427 1930 2470 aliquid,eustodiendo

1193 2483 1276 2515 iutra
1297 2483 1345 2514 vel
1371 2487 1460 2515 extra
1485 2481 1624 2521 domum,
1643 2483 1826 2524 praelatum
1851 2483 1931 2515 cela—

1193 2536 1283 2576 verit,
1310 2542 1473 2578 tamquam
1498 2535 1681 2577 gravissime
1714 2535 1929 2578 delinquens,

1193 2591 1297 2632 poena
1328 2588 1561 2632 proprietarii,
1589 2600 1625 2621 ac
1657 2589 1727 2621 aliis
1763 2589 1803 2622 ad
1838 2589 1927 2622 arbi-

1193 2643 1287 2675 trium
1322 2641 1527 2685 superiorum
1565 2641 1731 2686 puniatur.
1774 2642 1931 2676 Poterant

1927 261 1977 290 An.
1993 261 2022 290 G.
2045 262 2113 291 ¹67ss

1960 744 1971 771 5
1985 744 2005 766 Ξ.
2021 744 2052 766 Do
2067 747 2116 767 voto

1933 772 2047 793 castitatis.

1965 2276 1976 2303 5
1991 2277 2010 2297 3.
2027 2276 2057 2297 De
2071 2277 2121 2297 voto

1938 2303 2079 2330 paupertatis.
