2279 3260
238 278 286 304 An.
303 277 332 305 C.
357 277 425 306 1675
473 269 537 302 564

289 2187 370 2208 Petitur
385 2191 434 2207 con-

250 2214 347 2235 firmatio.

429 332 559 370 sumpto
584 326 724 366 Oscensi,
743 316 782 359 'ut
801 325 929 369 supra),
949 323 1103 357 Martinus
1129 322 1164 354 lv

1013 272 1195 300 amauit-u
1216 262 1368 299 nouantur

431 385 463 412 ct
491 379 627 412 loannes
667 378 746 412 XXII
780 378 931 411 omnibus
963 374 1165 409 visitantibus
1208 375 1300 418 sephi
1326 375 1468 420 episcopi
1494 388 1530 411 ae
1555 377 1675 411 Nicolai
1702 377 1822 421 prioris
1847 387 1944 419 gene-

432 433 506 465 dicti
527 432 655 465 Ordinis
672 431 869 464 monasteria
886 431 918 463 in
936 428 1087 462 omnibus
1105 427 1166 460 fes-

431 486 605 518 tivitatibus
626 485 815 518 Sanctorum
836 488 865 516 ct
883 482 1073 515 Sanctarum
1090 479 1164 512 dicti

431 538 581 578 Ordinis,
618 538 792 581 praecipue
825 535 911 568 beati
944 532 1110 576 Augustini
1136 537 1168 565 et

431 591 545 624 lwatae
572 591 713 623 Monicac
738 589 848 622 matris
865 588 942 627 eius,
964 591 996 620 et
1012 596 1071 630 per
1088 581 1168 618 octa-

431 655 484 676 vas
506 645 657 687 ipsarum,
676 648 707 676 ct
732 639 1014 674 translationibus¹
1037 643 1069 671 et
1093 648 1167 671 con-

432 697 580 729 versione
598 696 628 728 S.
650 693 829 737 Augustini,
848 703 907 737 pro
926 691 1071 736 qualibet
1086 691 1166 734 ipsa-

432 760 502 782 rum
528 749 755 787 festivitatum,
781 746 927 780 concedit
957 744 1169 788 quadraginta

433 813 537 835 annos
563 808 593 835 et
606 800 740 834 totidem
760 799 983 843 quadragenas
1000 797 1170 839 indulgen-

433 856 515 894 tiae;
541 854 692 887 Nicotaus
717 853 755 885 Ill
780 851 983 895 supradictas
1000 850 1170 891 indulgen-

433 909 493 941 tias
520 913 551 940 et
574 907 607 940 in
632 907 696 939 illis
721 905 796 938 anni
819 905 932 938 diebus
948 914 1007 947 pro
1028 901 1169 946 qualibet

434 961 484 994 dic
517 959 664 993 coneedit
689 963 820 991 centum
846 957 913 989 dies
938 954 1171 997 indulgentiae,

433 1020 465 1047 et
488 1013 593 1046 adhuc
617 1011 754 1045 remittit
779 1010 930 1044 omnibus
954 1007 1180 1041 morientibus

434 1067 466 1098 in
492 1065 606 1098 habitu
631 1065 663 1098 S.
692 1063 872 1107 Augustini,
898 1063 923 1095 si
950 1060 1108 1104 elegerint
1128 1071 1172 1093 se-

433 1118 529 1162 peliri
555 1118 587 1150 in
613 1118 698 1150 dieto
725 1116 848 1157 habitu,
875 1119 1022 1158 quartam
1046 1118 1172 1157 partem

435 1182 571 1204 suorum
610 1174 836 1213 peecatorum;
874 1168 940 1200 hoc
983 1166 1069 1200 idem
1103 1165 1173 1198 Clo-

434 1235 526 1257 niens
541 1222 578 1256 lv
592 1222 740 1256 concedit
754 1222 793 1255 de
811 1221 924 1254 habitu
946 1220 997 1263 (ex
1017 1225 1174 1251 transum-

434 1283 502 1320 pto,
517 1282 551 1308 ut
566 1276 697 1319 supra),
720 1274 868 1307 Nicotaus
885 1273 934 1314 lv,
954 1272 1040 1305 Licet
1058 1272 1096 1312 is,
1116 1281 1173 1304 vm

436 1329 508 1362 idus
540 1328 715 1367 februarii,
748 1337 832 1359 anno
869 1336 897 1366 1,
926 1324 1075 1358 omnibus
1099 1334 1173 1357 vere

436 1381 682 1426 poenitentibus
708 1386 739 1413 ct
764 1379 928 1419 confessis,
953 1378 1006 1421 qui
1031 1378 1063 1409 in
1090 1376 1175 1409 festi-

436 1434 587 1467 vitatibus
626 1433 863 1476 Assuinptionis
903 1432 1018 1464 Bcatac
1059 1429 1175 1462 Mariae

437 1487 576 1529 Yirginis
602 1491 633 1519 et
657 1485 688 1518 S.
709 1484 876 1528 Augustini
896 1482 1102 1522 confessoris,
1123 1492 1176 1514 us-

439 1551 501 1584 que
528 1540 567 1572 ad
592 1544 664 1572 octo
691 1539 758 1571 dics
791 1541 974 1580 sequentes,
996 1535 1087 1568 annis
1112 1535 1176 1567 sin-

438 1593 523 1636 gulis
549 1603 619 1625 cum
651 1591 823 1624 devotione
850 1589 957 1623 debita
983 1587 1176 1621 venerabili·

438 1652 488 1679 ter
505 1645 714 1685 visitaverint,
732 1650 864 1678 centum
882 1644 951 1676 dies
969 1643 1007 1676 de
1025 1642 1175 1674 iniunctis

439 1700 485 1732 eis
511 1698 722 1742 poenitentiis
747 1696 1005 1730 misericorditer
1033 1696 1174 1735 relaxat3

438 1753 586 1786 Urbanus
603 1752 626 1783 V
644 1751 794 1784 omnibus
811 1749 1071 1783 benefactoribus
1087 1748 1177 1782 Ordi-

438 1806 489 1840 nis
513 1805 663 1839 concedit
686 1804 845 1847 sutfragia,
867 1804 1029 1837 orationes
1046 1808 1077 1836 et
1091 1802 1177 1836 bona

440 1860 523 1893 sacta
547 1869 605 1902 per
629 1859 743 1891 fratres
767 1857 843 1890 dicti
867 1856 1013 1896 Ordinis,
1041 1861 1073 1889 et
1096 1865 1177 1899 quae

440 1912 522 1945 siunt
546 1922 606 1955 per
632 1916 730 1944 totam
752 1910 969 1943 universalem
991 1908 1176 1949 Ecclesiam,

441 1964 475 1997 in
499 1969 715 2008 perpetuum3
741 1963 774 1995 in
808 1963 925 2007 quibus
954 1963 1024 1995 vult
1054 1966 1091 1994 ut
1115 1961 1179 1994 sint

442 2017 620 2061 participes
645 2022 708 2049 tam
731 2016 794 2049 vivi
820 2026 916 2059 quam
935 2014 1088 2048 defuncti.

597 2097 773 2140 Hucusque
789 2096 951 2129 summare·
956 2106 1021 2128 um.

489 2178 504 2221 ἓ
538 2176 569 2210 3.
603 2176 702 2210 Nobis
734 2181 907 2219 propterea
938 2175 1101 2219 praefatus
1124 2174 1177 2208 Io—

447 2231 569 2274 sephus
607 2230 778 2273 episcopus
816 2229 1006 2262 dilectorum
1038 2228 1180 2262 filiorum

445 2283 567 2317 Nicotai
592 2282 699 2316 Olivae
724 2282 843 2326 prioris
870 2281 1040 2325 generalis,
1074 2294 1109 2315 ac
1134 2287 1182 2315 to—

447 2337 508 2369 tius
533 2336 660 2369 Ordinis
678 2336 813 2368 fratrum
834 2335 1048 2368 Ercmitarum
1065 2335 1096 2368 S.
1120 2335 1182 2367 Au-

446 2388 567 2432 gustini
586 2388 718 2422 nomine
743 2387 912 2420 humiliter
936 2387 1113 2431 supplicari
1139 2387 1184 2421 fe-

447 2444 489 2476 cit
513 2448 547 2475 ut
576 2441 610 2474 in
641 2440 827 2485 praemissis
860 2446 1041 2484 opportune
1073 2439 1182 2483 provi-

448 2496 527 2529 dete
553 2499 585 2528 et
609 2499 644 2528 ut
667 2493 749 2526 infra
774 2493 943 2536 indulgere
969 2493 1008 2526 de
1034 2491 1184 2536 benigni-

449 2553 513 2582 tate
539 2546 719 2592 apostoliea
743 2546 961 2589 dignaremur.

488 2663 497 2690 1
521 2662 632 2691 Videtur
647 2660 788 2698 legendum
809 2661 1023 2690 trasmlationis
1041 2661 1078 2697 (R.
1094 2661 1142 2697 Τ.).

1209 427 1284 460 ralis
1310 434 1342 461 et
1367 429 1499 463 fratrum
1525 431 1600 463 dicti
1625 431 1752 465 Ordinis
1777 431 1859 464 votis
1885 430 1944 463 liae

1211 481 1238 512 iu
1266 491 1299 513 rc
1326 488 1480 524 quantum
1513 493 1584 516 cum
1607 483 1743 516 Domino
1774 493 1944 527 possumus

1210 534 1427 567 favorabiliter
1445 546 1587 569 annuere
1608 537 1766 577 volentes,
1783 541 1816 569 ct
1832 546 1945 570 eorum

1210 586 1386 628 singulares
1410 598 1565 630 personas
1589 600 1606 620 a
1632 588 1793 632 quibusvis
1819 599 1945 622 excom-

1211 639 1448 680 municationis,
1474 640 1694 683 suspensionis
1715 646 1747 673 et
1771 641 1946 681 interdicti,

1211 691 1345 735 aliisque
1363 692 1590 725 ecclesiasticis
1603 693 1783 734 sententiis,
1801 693 1945 727 censuris

1212 750 1243 777 ct
1265 745 1390 788 poenis,
1409 757 1425 777 a
1450 745 1518 778 iure
1538 746 1587 779 vel
1608 746 1646 778 ab
1664 745 1807 786 homine,
1836 746 1947 789 quavis

1212 796 1380 829 occasione
1397 798 1556 831 velcausa
1582 797 1662 838 latis,
1689 798 1714 831 si
1740 798 1857 842 quibus
1874 809 1948 842 quo-

1213 849 1392 882 modolibet
1415 849 1589 883 innodatae
1616 851 1776 891 existunt,
1806 851 1844 883 ad
1874 850 1949 883 effe-

1214 909 1298 936 ctum
1318 904 1540 947 praesentium
1559 904 1723 937 dumtaxat
1747 914 1951 947 consequen-

1215 956 1300 996 dum,
1327 957 1439 988 harum
1460 957 1546 989 serie
1574 957 1776 990 absolventes
1805 962 1836 989 et
1864 957 1951 990 abso-

1215 1010 1295 1041 lutas
1321 1009 1389 1041 fore
1415 1014 1598 1049 censentes,
1615 1008 1802 1042 huiusmodi
1828 1008 1951 1052 suppli-

1215 1061 1394 1094 cationibus
1434 1062 1595 1103 inclinati,
1623 1062 1661 1095 dc
1696 1067 1951 1095 memoratorum

1216 1114 1426 1147 cardinalium
1459 1114 1669 1156 indulgentiis
1696 1119 1728 1147 et
1753 1114 1850 1147 sacris
1876 1115 1953 1148 reli-

1217 1167 1300 1210 quiis
1326 1167 1610 1210 praepositorum,
1643 1167 1698 1210 qui
1734 1167 1953 1210 indulgentias

1216 1221 1248 1252 in
1266 1221 1488 1253 Sunmmrium
1510 1220 1693 1254 huiusmodi
1716 1221 1860 1254 redactas
1877 1232 1954 1265 pro-

1217 1273 1353 1316 mulgari
1372 1283 1469 1316 posse
1485 1279 1691 1313 censuerunt,
1707 1273 1851 1313 consilio,
1871 1284 1956 1306 sum-

1217 1326 1354 1359 marium
1379 1325 1629 1369 praeinsertnm‚
1645 1325 1821 1369 omniaque
1839 1331 1872 1359 et
1891 1326 1956 1358 sin-

1218 1379 1290 1420 gula
1315 1378 1347 1410 in
1373 1389 1410 1411 eo
1435 1383 1596 1418 contenta,
1615 1378 1807 1411 auctoritate
1828 1384 1956 1421 aposto-

1218 1431 1286 1470 lica,
1305 1436 1417 1464 tenore
1443 1430 1673 1474 praesentium,
1690 1431 1906 1474 approbamus
1925 1437 1957 1464 et

1218 1483 1459 1523 confirmamus,
1487 1483 1613 1527 illisque
1643 1483 1839 1525 inviolabilis
1865 1495 1957 1527 apos-

1219 1538 1335 1571 tolieae
1346 1537 1615 1570 firmitatisrobur
1629 1537 1810 1579 adiicimus,
1825 1543 1865 1578 et,
1880 1549 1957 1581 qua-

1219 1596 1311 1623 tenus
1341 1601 1423 1634 opus
1458 1589 1515 1631 sit,
1541 1601 1654 1623 omnes
1688 1595 1720 1623 et
1742 1590 1886 1633 singulas
1911 1590 1959 1622 in-

1219 1644 1402 1686 dulgentias
1436 1648 1467 1676 et
1502 1648 1712 1687 peccatorum
1747 1643 1956 1676 remissiones

1220 1701 1249 1730 ct
1267 1695 1539 1739 poenitentiarum
1558 1696 1775 1729 relaxationes
1791 1696 1825 1728 in
1842 1696 1957 1729 eodem

1220 1749 1394 1782 summario
1413 1759 1581 1792 expressas
1610 1749 1649 1782 de
1667 1760 1752 1782 novo
1773 1750 1887 1782 eadem
1904 1759 1958 1781 au-

1220 1802 1368 1835 ctoritate
1394 1802 1508 1834 harum
1546 1801 1630 1835 serie
1655 1807 1816 1845 perpetuo
1842 1812 1958 1835 conce—

1221 1856 1335 1896 dimus,
1350 1866 1478 1889 necnon
1492 1855 1732 1899 praeinsertum
1747 1855 1957 1887 summarium

1221 1910 1385 1942 dumtaxat
1416 1908 1601 1951 (abrogatis
1635 1908 1770 1951 reliquis
1808 1908 1959 1940 omnibus

1221 1961 1402 1995 summariis
1430 1961 1707 2004 indulgentiarum
1740 1960 1959 1994 archicoufra-

1223 2015 1364 2048 ternitati
1390 2019 1422 2048 et
1454 2014 1775 2048 confraternitatibus
1807 2013 1960 2046 cinctura-

1224 2073 1329 2101 torum
1355 2067 1544 2100 huiusmodi
1571 2077 1799 2100 concessarum
1825 2067 1961 2100 antehae

1224 2121 1340 2164 editis)
1366 2121 1405 2153 de
1439 2125 1547 2153 cetero
1573 2119 1733 2163 publicari
1767 2125 1862 2163 atque
1894 2130 1961 2153 ser·

1223 2174 1288 2207 vari
1314 2173 1433 2206 debere
1458 2173 1661 2206 decernimus
1686 2178 1718 2206 et
1743 2173 1958 2206 declaramus.

1267 2226 1337 2270 {5-
1371 2226 1542 2259 Praeterea
1575 2226 1724 2259 omnibus
1759 2231 1791 2259 et
1826 2226 1961 2270 singulis

1225 2338 1309 2366 ctam
1335 2331 1737 2373 archiconfraternitatem,
1756 2334 1805 2366 vel
1821 2333 1961 2377 aliquam

1227 2396 1263 2418 ex
1282 2385 1600 2419 confraternitatibus
1629 2384 1675 2418 illi
1700 2385 1763 2418 iani
1780 2387 1961 2429 aggregatis

1227 2443 1258 2472 et
1274 2439 1487 2482 imposterum
1505 2431 1772 2482 quandocumque
1790 2449 1965 2483 aggregan—

1227 2492 1284 2533 dis,
1311 2492 1350 2525 de
1375 2495 1482 2525 cetero
1507 2490 1757 2534 ingredientur,
1782 2492 1833 2526 die
1857 2492 1964 2536 primo

1228 2556 1341 2579 eorum
1365 2544 1543 2588 ingressus,
1561 2545 1587 2579 si
1613 2556 1688 2580 vere
1714 2547 1918 2590 poenitentes
1934 2552 1966 2582 et

1265 2662 1275 2688 1
1300 2660 1368 2688 Edit.
1389 2659 1466 2688 Main.
1487 2660 1551 2697 legit
1570 2661 1737 2691 earumdem
1755 2663 1793 2699 (R.
1811 2661 1861 2698 Τ.).

1952 274 2004 302 An.
2021 274 2049 302 C.
2069 272 2139 303 4675

1251 322 1265 364 g
1289 322 1319 355 4,
1347 321 1409 356 Nos
1439 320 1549 367 igitur,
1575 333 1637 367 pus
1663 323 1869 357 eorumdem*
1894 322 2144 383 Ῑο-Ηιὲοὲιιῑηιηινοα-

1981 371 1990 383 U
2007 378 2011 384 -

2018 2233 2154 2259 lum-uitauit-

1224 2279 1391 2322 utriusque
1416 2289 1509 2312 sexus
1535 2279 1812 2321 christifidelibus,
1835 2280 1888 2323 qui
1914 2279 1960 2313 di·
1972 2261 2156 2340 ἓὲιέιιίἓῖιὶῖὲξὶῖἑ
