2279 3260
184 251 224 277 An
253 251 282 277 C,
304 250 370 277 1675

211 2319 266 2339 Privi
262 2318 324 2344 itegla
334 2317 377 2338 col-

191 2345 242 2369 legii
259 2345 287 2365 Ge
291 2344 376 2364 rmanici

194 2378 233 2391 con
223 2371 345 2391 niti-mantur
366 2377 378 2391 a

196 2397 297 2423 ῦωιςυτιο
311 2397 357 2418 XV.

999 245 1141 270 CLI-‘limans
1164 247 1180 269 X
1207 246 1253 269 [Ῥ-

1786 234 1848 265 5t27

377 300 664 344 praedecessorum
688 301 829 329 mentem
848 299 879 328 et
897 294 1111 327 intentionem
1134 297 1135 313 ¹
1158 293 1222 325 rius
1246 293 1309 325 XIII
1346 292 1579 336 praedecessor
1615 303 1674 334 per
1710 292 1788 324 alias
1815 301 1888 323 suas

379 353 477 386 fuisse
503 351 727 391 declaraverit,
756 350 996 392 quod,praeter
1022 359 1114 391 prae-

379 407 481 439 dictos
513 403 641 446 collegii
668 401 847 435 Germanici
885 406 916 434 et
941 399 1113 442 llungarici

379 458 563 492 huiusmodi
579 461 791 500 protectores,
808 456 913 488 nullus
927 454 1008 487 alius
1021 454 1114 486 index

380 521 581 555 quacumque
600 509 802 548 auctoritate,
826 507 997 551 privilegio
1023 511 1055 537 et
1074 506 1135 541 sa-,

380 566 497 598 cultate
514 562 741 603 munitus‚tam
760 560 1000 595 ecclesiasticus
1019 569 1115 603 quam

380 615 563 655 saecularis,
583 626 618 648 ac
644 619 707 647 tam
734 613 916 647 ordinarius
942 622 1037 655 quam
1063 610 1117 643 de-

379 669 517 711 legatus,
543 673 605 701 tam
633 667 664 700 in
691 667 775 700 dieta
796 666 881 698 I'rlie
907 675 1002 708 quani
1029 668 1115 697 extra

381 732 461 761 eam,
477 721 509 753 in
535 721 640 754 causis
666 725 697 753 et
720 719 859 761 negotiis
885 718 922 751 ad
945 716 1116 759 collegium

379 774 588 818 praedictum,
627 773 776 815 illiusque
810 781 978 815 personas,
1003 780 1055 801 res
1087 773 1116 801 et

380 828 466 860 bona
502 838 538 860 ac
563 827 631 859 iura
656 824 902 869 quomodolibet
935 834 971 856 ex
1006 821 1117 865 quovis

381 880 485 924 capite
501 879 721 923 spectantibus
740 883 772 910 et
787 876 1039 920 pertinentibus,
1056 881 1118 906 tam

382 933 612 977 praesentibus
637 942 731 974 quam
765 930 901 968 suturis,
927 929 993 961 sive
1018 927 1117 959 active

383 986 448 1019 sive
472 984 610 1029 passive,
638 989 700 1016 tam
727 983 758 1015 in
783 982 889 1025 prima
908 991 1002 1024 quan]
1020 979 1051 1011 in
1070 990 1120 1011 se-

383 1039 486 1071 cunda
511 1043 542 1070 et
566 1035 713 1069 ulteriori
733 1035 896 1073 instantia,
919 1031 1120 1076 quomodoli-

380 1092 436 1124 bet
460 1101 612 1124 exercere
638 1089 760 1122 valeret
781 1100 788 1128 3
822 1088 876 1120 sed
903 1087 989 1130 quod
1014 1085 1118 1119 omnis

381 1143 560 1176 iurisdictio
579 1148 609 1176 et
627 1141 836 1185 superioritas
862 1141 893 1173 in
915 1140 1064 1173 omnihus
1089 1143 1121 1171 et,

381 1197 516 1239 singulis
553 1195 657 1229 causis
695 1194 901 1238 supradictis,
926 1204 962 1225 ac
992 1193 1121 1236 quibus-

382 1259 521 1292 cumque
558 1248 627 1281 aliis
662 1247 809 1280 civilibus
834 1253 865 1280 et
889 1246 1119 1285 criminalibus,

383 1303 481 1335 meris
507 1306 537 1334 et
562 1301 680 1341 mixtis,
696 1301 799 1344 ipsum
821 1299 996 1342 collegium
1028 1310 1063 1331 ae
1089 1298 1121 1330 il-

382 1355 445 1389 lius
480 1355 658 1394 scholares,
695 1353 871 1393 ministros,
909 1352 1061 1385 officiales
1091 1356 1118 1384 et

382 1418 552 1452 personas,
578 1417 757 1449 eorumque
781 1407 888 1445 bona,
919 1415 971 1438 res
996 1410 1028 1437 et
1052 1403 1120 1436 iura

383 1470 606 1505 quaecumque
621 1465 674 1492 aut
688 1460 766 1493 alias
789 1457 1037 1502 quomodolibet
1048 1468 1122 1491 cou-

383 1513 601 1553 cernentibus,
628 1513 667 1545 ad
695 1511 878 1555 praedictos
904 1517 935 1544 et
960 1521 1019 1554 pro
1048 1515 1122 1542 tem-

383 1577 462 1611 pore
489 1566 665 1599 existentes
690 1565 834 1598 eiusdem
859 1563 989 1606 collegii
1014 1568 1123 1606 prote-

383 1625 503 1659 ctores,
530 1620 579 1652 vel
604 1629 714 1652 eorum
747 1617 885 1650 iudicem
919 1627 977 1649 seu
1002 1616 1122 1649 iudices

384 1673 572 1716 deputatum
599 1682 653 1704 seu
681 1671 862 1714 deputatos,
888 1671 936 1703 vel
969 1669 1123 1713 deputan-

384 1727 461 1759 dum
486 1736 542 1758 seu
572 1723 788 1768 deputandos,
813 1724 909 1765 pleno
935 1723 1005 1755 iure
1034 1727 1066 1755 et
1091 1722 1121 1754 in

384 1789 585 1822 quacumque
627 1776 798 1813 instantia,
837 1776 934 1809 etiam
970 1775 1122 1819 privative

383 1832 489 1875 quoad
508 1841 620 1863 omnes
639 1829 721 1862 alios
748 1839 968 1872 quoscumque
988 1828 1122 1868 iudices,

383 1884 479 1917 etiarn
505 1884 610 1927 quoad
628 1883 759 1915 illarum
778 1882 907 1915 finalem
934 1887 965 1914 et
991 1883 1122 1914 totalem

384 1937 619 1975 executionem,
642 1946 714 1968 cum
741 1935 891 1968 facultate
916 1935 987 1967 illas
1012 1945 1123 1967 omnes

384 1990 629 2035 quomodolibet
649 1999 758 2022 coram
775 1989 844 2022 aliis
863 1988 1121 2032 quibuscumque
1143 2008 1145 2026 ι

383 2043 544 2077 iudicibus
570 2042 768 2075 introductas
788 2047 820 2074 et
839 2041 1020 2085 pendentes
1039 2052 1124 2074 reas-

385 2095 544 2135 sumendi,
565 2105 601 2128 ac
625 2094 690 2127 illis
714 2093 900 2134 inhibendi,
921 2093 1057 2136 aliisque
1080 2094 1123 2126 sa·

387 2149 572 2189 cultatihus‚
593 2148 747 2181 clausulis
765 2153 797 2180 et
812 2147 949 2180 decletis
975 2148 1007 2179 in
1024 2147 1123 2190 ipsius
1144 2178 1145 2187 ,

387 2201 558 2235 Clementis
573 2200 836 2245 praedecessoiis
850 2199 966 2233 litteris
984 2200 1146 2258 desuper,r

388 2254 546 2299 εηθᾶίῐίε
578 2254 674 2287 latius
700 2253 861 2286 contentis
887 2259 919 2285 et
943 2253 1121 2296 expiessis;

432 2308 477 2340 Ae
504 2307 712 2350 postmodum
742 2306 896 2350 (accepto
921 2317 980 2349 pei
1009 2306 1147 2354 similisg

390 2360 583 2394 iecolendae
600 2359 774 2392 memoiiae
792 2359 981 2402 Giegmium
1000 2359 1058 2391 PP
1075 2359 1125 2392 ΧΑ

389 2414 486 2447 etiam
498 2413 783 2456 plaedeeessorem
801 2418 961 2454 nostium,
977 2413 1072 2456 quod,
1089 2413 1126 2445 li-

389 2473 447 2509 cet,
459 2466 616 2500 stantibus
627 2467 821 2510 praemissis,
831 2467 936 2500 omnis
946 2466 1126 2499 iurisdictio

390 2526 422 2554 et
445 2519 658 2563 superioritas
680 2519 712 2551 in
738 2519 873 2562 singulis
898 2520 1000 2552 cairisis
1022 2519 1128 2552 huius-

390 2573 476 2607 modi
492 2572 734 2617 protectoribus
749 2572 923 2615 praedictis
941 2577 1126 2615 competere

391 2632 589 2667 nosceretur,
625 2636 660 2658 ac
694 2625 790 2659 etiam
825 2626 988 2669 praefatus
1013 2626 1128 2668 Grego.

1158 346 1279 378 litteras
1299 345 1498 389 spiritualem
1526 344 1778 377 iurisdictionem
1806 349 1835 376 et
1861 354 1891 375 a—

1159 398 1313 431 nimarum
1349 408 1467 437 curam,
1495 407 1590 440 quam
1617 396 1773 429 ecelesiae
1805 396 1890 429 dicto

1158 451 1296 493 collegio
1313 451 1419 483 unitae
1434 450 1607 490 ludu-luant,
1625 454 1720 481 totam
1737 450 1774 481 ad
1790 449 1890 491 ipsius

1159 505 1285 547 collegii
1302 509 1503 547 protectores
1526 503 1700 546 pertinere,
1715 508 1755 544 el,
1772 502 1796 533 si
1815 502 1889 545 quid

1160 558 1240 590 sorte
1266 558 1297 590 in
1323 557 1477 600 praedicti
1501 555 1629 598 collegii
1657 555 1893 588 constitutioni-

1160 611 1218 642 bus
1234 610 1410 643 desiderari
1428 620 1503 641 usus
1522 619 1630 641 rerum
1650 609 1751 651 magis
1766 607 1895 640 demon-

1160 668 1284 703 straret,
1300 668 1348 695 aut
1367 663 1536 695 obscurum
1551 662 1687 694 soretvel
1698 660 1892 703 ambiguum,

1161 716 1190 748 id
1219 721 1420 758 protectores
1447 720 1477 747 et
1503 714 1686 758 superiores
1700 713 1894 757 praedictos,

1161 780 1193 801 re
1208 774 1330 801 matur(¹
1346 768 1572 807 deliberatam
1583 766 1743 799 communi
1754 765 1896 798 omnium

1161 831 1321 854 consensu
1351 821 1502 863 supplere
1533 824 1564 851 et.
1589 820 1751 852 declarare
1789 829 1825 851 ac
1857 817 1895 850 ad

1148 875 1221 908 >alia
1240 875 1413 907 extendere
1429 884 1524 917 posse
1537 873 1704 912 voluisset,
1716 877 1746 905 et
1760 873 1899 915 desuper

1162 928 1346 969 collegium,
1376 927 1525 970 illiusque
1559 930 1773 969 protectores,
1798 926 1899 958 colle-

1162 981 1272 1023 giales,
1306 990 1463 1023 personae
1489 985 1521 1012 et
1544 979 1681 1011 ministri
1712 978 1898 1011 huiusmodi

1162 1033 1326 1065 molestari
1360 1042 1424 1064 non
1461 1031 1646 1071 deberent;
1686 1030 1899 1064 nihilominus

1163 1085 1309 1118 nonnulli
1336 1090 1449 1117 contra
1473 1089 1616 1116 mentem
1635 1090 1666 1116 ct
1686 1083 1899 1116 intentionem

1164 1138 1450 1181 praedecessorum
1472 1137 1710 1180 praedictorum
1725 1146 1796 1169 sese
1810 1136 1842 1168 in
1858 1135 1901 1167 iu-

1165 1192 1353 1225 risdictione
1371 1191 1555 1223 huiusmodi
1574 1190 1788 1223 intromittere
1806 1199 1900 1233 prae-

1164 1246 1334 1278 sumebant
1358 1250 1390 1277 et
1406 1243 1635 1287 procurabant,
1661 1253 1697 1275 ac
1722 1248 1797 1275 tunc
1819 1243 1900 1275 sorte

1165 1299 1238 1332 lites
1267 1299 1408 1341 desuper
1443 1297 1647 1329 introductae
1684 1295 1901 1339 reperieban-

1168 1352 1235 1394 tur)
1261 1351 1328 1394 ipse
1365 1350 1538 1392 Gregorius
1564 1349 1615 1381 XV
1635 1347 1900 1392 praedecessor&

1166 1405 1197 1436 in
1222 1403 1408 1447 praemissis
1426 1413 1556 1435 omnem
1575 1401 1741 1434 dubitandi
1759 1402 1904 1434 occasio-

1166 1468 1238 1490 nem
1265 1458 1377 1489 tollere
1403 1456 1529 1495 volens,
1568 1460 1665 1495 motu,
1702 1455 1837 1488 scientia
1872 1459 1904 1487 et

1166 1510 1334 1554 potestatis
1371 1508 1574 1552 plenitudine
1606 1508 1737 1551 paribus
1762 1507 1904 1551 (praevia

1166 1562 1410 1607 privilegiorum
1429 1561 1627 1594 anteriorum
1649 1561 1902 1601 confirmatione,

1167 1628 1201 1649 ae
1228 1625 1506 1659 quarumcumque
1543 1614 1648 1647 litium
1679 1619 1711 1646 et
1735 1624 1904 1647 causarum

1166 1680 1264 1712 super
1280 1667 1464 1711 praemissis
1483 1677 1536 1699 seu
1556 1677 1668 1700 eorum
1696 1666 1805 1710 aliquo
1824 1677 1904 1709 quo-

1166 1721 1345 1754 modolibet
1380 1720 1644 1759 introductarum,
1679 1730 1715 1752 ac
1741 1719 1838 1751 etiam
1871 1719 1903 1751 in

1167 1774 1326 1807 auditorio
1336 1773 1346 1790 ‘²
1360 1783 1528 1805 causarum
1543 1772 1653 1815 palatii
1672 1771 1840 1815 apostolici
1854 1773 1902 1804 vel

1166 1828 1242 1860 alibi
1282 1837 1391 1860 eoram
1437 1825 1696 1868 quibuscumque
1743 1824 1903 1857 iudicibus

1166 1880 1378 1924 pendentium
1400 1878 1598 1918 avocatione,
1622 1878 1816 1921 illarumque
1834 1888 1904 1921 sup-

1166 1933 1332 1978 pressione
1359 1938 1391 1965 et
1415 1931 1621 1971 extinctione,
1641 1941 1675 1963 ac
1693 1930 1842 1974 perpetui
1868 1931 1905 1963 si-

1166 1987 1256 2021 lentii
1271 1986 1505 2029 impositione),
1519 1985 1606 2017 inter
1624 1984 1685 2017 alia
1703 1984 1853 2017 statuerit
1873 1989 1905 2017 et

1143 2035 1145 2043 ’
1166 2039 1374 2079 ordinaverit,
1395 2044 1425 2071 et
1444 2038 1488 2070 ita
1506 2037 1692 2070 eorumdem
1713 2037 1904 2080 praedeces-

1166 2104 1274 2127 sorum
1299 2098 1330 2125 et
1349 2102 1426 2124 suae
1443 2091 1561 2123 mentis
1581 2095 1611 2123 et
1628 2090 1816 2123 interitionis
1833 2090 1904 2123 suis-

1166 2158 1198 2181 se
1230 2153 1262 2179 et
1295 2156 1363 2179 esse
1399 2145 1547 2177 declaiav
1552 2144 1624 2183 etit,
1652 2144 1748 2186 quod,
1776 2148 1905 2186 piaetei

1167 2199 1351 2245 piaedictos
1389 2203 1420 2232 et
1453 2208 1511 2241 pio
1546 2202 1692 2240 tempore
1726 2197 1903 2229 existentes

1144 2229 1146 2298 i
1167 2253 1295 2297 collegii
1320 2250 1501 2285 Germanici
1534 2256 1565 2283 et
1588 2249 1765 2292 ilungaiici
1797 2249 1906 2282 huius-

1145 2301 1146 2304 *
1167 2306 1254 2339 modi
1256 2309 1479 2351 protect01eS,
1490 2304 1598 2336 nullus
1615 2302 1696 2335 alius
1714 2302 1809 2334 index
1828 2313 1905 2345 qua-

1145 2366 1303 2457 'chrnque
1329 2358 1494 2402 dignitate,
1519 2357 1718 2397 auctotitate,
1735 2356 1905 2400 privilegio

1169 2418 1201 2446 et
1224 2413 1374 2445 facultate
1400 2410 1550 2451 munitus,
1578 2414 1641 2442 tarn
1666 2409 1905 2442 ecclesiasticus

1206 2501 1225 2533 1ι
1240 2499 1314 2526 Bulla
1333 2498 1452 2532 Gregorii
1466 2497 1511 2524 XV
1529 2497 1636 2523 habitur
1651 2497 1678 2523 in
1696 2496 1829 2523 Bullario
1843 2496 1904 2523 Cle-

1170 2544 1267 2571 mentis
1286 2542 1330 2573 IX,
1352 2546 1416 2569 tom.
1434 2548 1498 2575 xvn,
1518 2549 1578 2576 pag,
1595 2540 1646 2568 682
1662 2544 1689 2566 et
1708 2548 1764 2575 seq.
1786 2540 1822 2574 (u.
1842 2541 1890 2572 T.).

1204 2588 1221 2615 2
1239 2588 1306 2615 Male
1322 2586 1364 2614 ed.
1380 2587 1458 2613 lllain.
1471 2586 1535 2620 legit
1554 2585 1713 2617 auditoris3
1735 2584 1794 2610 vide
1810 2584 1835 2610 in
1847 2584 1905 2611 loco

1170 2632 1310 2669 parallelo,
1332 2636 1396 2659 tom.
1417 2637 1480 2664 xvn,
1501 2638 1560 2665 pag.
1583 2629 1634 2656 685
1654 2629 1669 2655 b
1690 2630 1730 2664 (n.
1745 2628 1794 2665 τ.).

1897 241 1944 266 An.
1963 239 1990 264 C.
2015 238 2084 266 1675
