2279 3260
184 249 237 276 An.
258 248 373 277 (3.1670

214 892 302 913 Mandat
313 890 370 911 nulla

188 924 212 939 ox
224 919 287 938 vanua
298 918 371 938 liuius-

187 946 244 967 mod.
290 945 370 964 litteras

188 979 250 999 punse
264 971 319 995 impu
336 975 371 989 na—

187 999 205 1020 ri
217 1001 237 1019 ot
252 997 314 1017 invali
332 997 370 1017 art.

417 244 482 273 ‘lli‘z

378 308 514 341 cumque
540 298 635 330 etiam
661 297 865 341 quantumvis
884 308 1028 339 magnos,
1051 297 1113 329 l'or-

377 351 487 390 males,
507 351 703 393 incognitos¹
724 357 755 384 et
776 350 1040 393 inexcogitabiles
1059 349 1113 381 de-

377 403 487 443 sectus,
515 403 539 436 si
565 404 618 447 qni
646 404 677 436 in
704 403 889 447 praemissis
923 408 954 435 et
989 401 1112 433 eisdem

377 514 483 551 parte,
510 509 734 552 principaliter
759 510 808 541 vel
835 507 1035 546 accessorio,
1061 516 1115 537 an-

377 562 565 594 tecedenter
589 563 639 594 vel
666 565 933 603 eonsespienter,
961 564 1014 591 aut
1037 568 1114 591 eon-

378 614 579 651 comitantcr,
596 615 644 646 vel
662 614 740 645 alias
758 611 1001 655 quomodolibet
1017 611 1116 642 inter-

377 666 534 706 venerint,
553 676 609 698 seu
636 665 852 698 intervenisse
874 663 949 703 diei,
978 662 1113 702 censeri,

381 719 428 751 vel
462 718 631 761 praetendi
669 723 825 761 possent,
865 715 1049 760 plenissime
1085 720 1117 747 et

381 771 577 814 amplissime
604 772 803 814 snpplennis,
828 779 986 808 sanamus,
1006 779 1042 800 ac
1061 779 1116 810 pe-

381 824 466 856 nitus
492 829 523 855 et
548 824 678 856 omnino
713 823 853 856 tollimus
880 829 911 855 et
936 823 1113 854 abolemus.

426 877 440 919 ἓ
459 876 489 908 7.
510 877 727 909 Decernentes
754 877 836 919 ipsas
854 880 1043 919 praesentes
1069 875 1118 906 lit-

383 934 465 961 teras
501 935 532 961 et
560 929 593 961 in
625 930 670 961 eis
696 935 846 962 contenta
871 938 1115 972 quaecumque,

383 992 583 1025 quacumque
609 982 757 1026 specifica
783 987 812 1015 et
846 981 1007 1014 individua
1031 991 1119 1012 men-

384 1036 470 1068 tione
495 1041 525 1068 et
555 1035 763 1078 expressione
798 1035 908 1077 digna,
936 1033 1060 1067 etiamsi
1087 1033 1117 1065 in

383 1089 635 1132 praemissorum
653 1089 701 1120 vel
720 1099 830 1120 eorum
852 1087 960 1129 aliquo
982 1087 1119 1119 interes-

384 1152 417 1173 se
454 1142 611 1174 habentes
642 1152 696 1173 sen
724 1141 844 1173 habere
870 1137 1118 1184 praetendentes

385 1195 633 1237 quomodolibet
650 1195 714 1227 illis
732 1205 796 1226 non
812 1193 1044 1233 consenserint,
1062 1202 1120 1224 nee

385 1248 424 1279 ad
450 1258 486 1280 ea
510 1247 624 1288 vocati,
644 1247 729 1279 citati
751 1252 783 1279 et
802 1246 910 1286 auditi,
927 1256 1031 1288 neque
1050 1255 1120 1276 ean-

386 1311 439 1333 sae
462 1306 595 1343 propter
621 1311 697 1342 quas
722 1305 912 1343 praesentes
930 1303 1121 1330 emanarunt

385 1354 551 1392 adductae,
574 1352 776 1396 specificatae
796 1357 827 1384 et
843 1350 1034 1384 iustitieatae
1061 1351 1120 1382 t'ue-

386 1407 459 1447 rint,
481 1411 535 1438 ant
560 1406 637 1438 alias
661 1417 697 1438 ex
725 1406 784 1437 alia
806 1415 1006 1447 (pias-nmque
1028 1403 1118 1443 insta,

386 1460 447 1502 pia,
467 1458 669 1503 privilegiata
683 1460 790 1498 causa,
810 1459 932 1497 colore,
954 1462 1120 1500 praetextu

387 1519 419 1545 et
438 1512 552 1555 eapite,
572 1513 667 1544 etiam
689 1512 718 1543 iu
738 1521 875 1554 corpore
901 1510 978 1542 iuris
1004 1511 1119 1549 clauso,

387 1571 419 1597 et
439 1565 589 1604 enormis,
609 1563 857 1597 enormissimae
879 1568 911 1595 et
933 1562 1037 1595 totalis
1058 1563 1122 1597 lae-

386 1618 504 1659 sionis,
529 1619 618 1650 nullo
643 1628 783 1660 unquam
809 1622 958 1660 tempore
984 1616 1022 1648 de
1048 1616 1122 1648 sub-

386 1672 545 1716 reptionis
564 1672 612 1703 vel
632 1670 833 1714 obreptionis
851 1681 887 1702 ae
904 1669 1060 1702 nullitatis
1079 1669 1123 1701 vi-

387 1725 441 1764 tio,
460 1735 515 1757 sen
533 1723 722 1756 intentionis
741 1728 871 1755 nostrae
892 1728 945 1754 aut
964 1722 1122 1755 interesse

387 1775 578 1809 habentium
596 1774 803 1815 consensns‘2,
821 1775 924 1810 aliove
944 1775 1124 1818 quomodo-

386 1829 475 1868 libet,
502 1828 703 1871 quantumvis
729 1839 859 1870 magno,
887 1828 1023 1868 formali,
1051 1828 1124 1860 sub-

388 1882 529 1915 stantiali
553 1887 607 1914 aut
631 1881 848 1924 inexcogitato
874 1886 906 1914 et
929 1881 1125 1924 inexcogita-

387 1935 446 1968 bili
461 1936 587 1968 deseetu
605 1935 719 1975 notari,
735 1935 927 1977 impugnari,
946 1934 1124 1975 invalidari,

389 1988 534 2031 infringi,
560 1988 738 2028 retraetari,
764 1987 894 2020 limitari
915 1993 969 2019 aut
994 1988 1024 2019 in
1052 1998 1126 2020 eon-

390 2041 581 2074 troversiam
595 2040 710 2081 vocari,
721 2046 774 2072 aut
789 2041 941 2072 adversus
955 2041 1010 2073 illa
1024 2041 1125 2083 aperi-

391 2094 487 2127 tionis
512 2094 577 2126 oris
602 2099 633 2126 et
656 2093 870 2125 restitutionis
903 2093 935 2125 in
962 2093 1124 2136 integrum

391 2147 464 2180 aut³³
495 2147 581 2180 aliud
611 2147 838 2189 quodcumque
867 2146 952 2186 iuris,
976 2147 1048 2179 faeti
1076 2148 1125 2180 vel

392 2200 513 2242 gratiae
531 2199 712 2232 remedium
749 2199 915 2242 impetrari
948 2201 996 2232 vel
1022 2199 1126 2233 inten-

394 2254 471 2294 tari,
505 2255 555 2286 vel
594 2254 782 2297 impetrato,
809 2254 859 2286 vel
895 2253 990 2285 etiam
1017 2259 1124 2295 motu,

392 2305 527 2340 scientia
556 2311 587 2339 et
615 2306 783 2349 potestatis
812 2305 1012 2349 plenitudine
1042 2307 1132 2350 pari--

392 2359 454 2393 bus
479 2370 633 2393 concesso
660 2360 708 2391 vel
741 2364 912 2399 emanato,
943 2360 1125 2402 qnempiam

393 2410 426 2445 in
451 2412 569 2445 indieio
595 2418 627 2445 et
651 2417 739 2444 extra
765 2412 842 2444 illud
868 2412 914 2443 uti
940 2423 994 2444 seu
1023 2423 1055 2444 se
1080 2412 1127 2454 iti-

394 2475 467 2499 vitre
493 2475 606 2509 posse,

433 2547 440 2572 1
467 2544 565 2571 Forsan
592 2545 762 2578 incogyitatos
783 2544 922 2579 legendum
942 2550 979 2575 (n.
995 2545 1042 2577 72).

429 2590 446 2617 2
465 2589 536 2621 Edit.
551 2589 629 2615 Main.
646 2589 710 2623 legit
723 2598 859 2615 consensu
876 2594 912 2616 (u.
930 2595 977 2620 iz).

413 2634 447 2672 ,3
466 2633 625 2661 Particulain
646 2637 696 2661 αιιι
716 2642 763 2660 nos
783 2633 905 2659 addimus
924 2638 961 2667 (n.
982 2634 1030 2666 T.).

961 247 1141 273 numanum
1167 245 1316 273 ROMAN'UM

1892 243 1944 274 Ᾰη,
1967 247 1996 274 C.
2017 244 2084 276 1670

1198 297 1212 339 ἓ
1236 295 1267 329 8.
1295 297 1356 329 Sed
1393 302 1580 340 praesentes
1610 295 1734 329 litteras
1759 295 1887 337 sirmas,
1935 308 2023 329 Maneat
2044 309 2085 329 nn.

1210 349 1214 354 .
1560 360 1563 361 V
1596 349 1601 355 .
1806 350 1811 356 .
1902 335 2000 360 ‹inrogar-
2044 341 2085 356 non

1154 350 1275 382 validas
1306 355 1338 382 et
1373 350 1518 382 efficaces
1554 355 1692 382 existere
1734 354 1765 381 et
1798 350 2088 408 ¹⁰¹'0’5332258233123

1134 412 1297 451 >suosque
1327 403 1493 446 plenarios
1527 407 1558 435 et
1583 401 1727 444 integros
1761 401 1892 434 elleetns
1903 414 1993 435 act-em
2015 420 2086 434 usn-u-

377 456 540 498 partibns,
567 458 615 489 vel
642 467 752 489 eornm
777 455 888 499 aliquo
921 455 970 487 vel
1004 459 1135 486 earum*

1156 454 1264 486 sortiri
1296 459 1328 487 et
1357 454 1528 494 obtinere,
1555 465 1591 487 ac
1616 454 1708 487 dietis
1739 447 1945 486 auditori-⁸¹¹⁵·

1156 507 1215 539 bus
1230 507 1425 550 illorumque
1440 507 1733 540 locumtenentibus
1749 507 1780 538 in
1796 505 1893 539 omni·

1134 581 1136 592 .
1157 561 1217 592 bus
1244 565 1276 596 et
1299 570 1359 603 per
1376 559 1485 592 onmia
1506 559 1695 603 plenissime
1715 558 1894 602 suflragari,

1158 623 1217 644 nec
1230 612 1289 644 sub
1307 612 1473 655 quibusvis
1487 612 1767 655 suspensionilnis,
1785 622 1896 654 perpe-

1158 665 1220 697 tuis
1239 665 1286 697 vel
1301 665 1338 696 ad
1359 670 1495 707 tempus,
1514 664 1788 706 derogationibus,
1803 674 1894 696 revo-

1158 717 1339 750 cationibus
1352 717 1382 749 in
1402 717 1602 749 contrarium
1617 716 1705 749 sactis
1716 718 1764 749 vel
1778 716 1897 748 sacien-

1159 771 1207 803 dis
1241 770 1372 803 minime
1407 770 1657 813 emnpreliendi,
1691 780 1799 812 neque
1833 769 1896 802 illis

1161 822 1311 865 derogari
1337 834 1441 865 posse,
1468 822 1527 854 nisi
1554 822 1744 854 eorumdem
1772 822 1898 854 audito·
1927 848 1932 851 .

1160 887 1231 908 rum
1250 877 1299 909 vel
1318 876 1604 909 loeuintenentimn
1623 876 1660 907 ad
1677 875 1707 908 id
1726 874 1899 907 accesserit

1162 940 1328 969 assensus,
1356 929 1466 972 sicque
1500 934 1531 961 et
1555 939 1618 961 non
1645 929 1723 961 alias
1749 927 1781 959 in
1806 937 1898 970 prae·
1935 939 2046 959 [im-rum..
2067 939 2094 959 ii*-

1162 982 1265 1014 missis
1290 993 1350 1025 per
1374 992 1597 1024 quoscumque
1625 981 1745 1013 indices
1770 970 1983 1013 ordina-''¹¹³⁰’'

1163 1035 1228 1067 rios
1243 1040 1275 1067 et.
1293 1035 1467 1077 delegatos,
1483 1034 1580 1066 etiam
1602 1034 1633 1066 S.
1650 1030 1690 1066 R}
1703 1034 1738 1066 E.
1758 1043 1899 1065 camera-

1162 1087 1257 1128 rium,
1274 1093 1306 1120 et
1322 1081 1403 1120 alios
1419 1079 1608 1128 cardinales,
1625 1086 1721 1119 etiam
1740 1086 1778 1119 de
1797 1087 1900 1118 latere

1163 1141 1298 1183 legatos,
1317 1151 1444 1173 necnon
1464 1150 1611 1173 camerae
1628 1145 1755 1172 nostrae
1772 1143 1902 1182 aposto-

1163 1193 1243 1226 licae
1269 1193 1503 1236 praesidentes,
1528 1193 1682 1232 clericos,
1709 1191 1900 1231 auditorem,

1165 1245 1397 1278 thesaurarium
1408 1251 1439 1278 et
1450 1244 1707 1282 commissarium
1720 1244 1901 1286 generales,

1165 1299 1310 1342 aliosque
1336 1298 1489 1331 officiales
1515 1303 1547 1331 et
1562 1298 1740 1338 ministros,
1759 1301 1902 1329 ceteros—

1165 1362 1226 1395 que
1253 1353 1455 1395 qtnlenmque
1479 1349 1735 1394 praeeminentia
1757 1355 1788 1382 et
1812 1354 1904 1392 pote-

1165 1410 1244 1437 state
1271 1405 1442 1447 fungentes
1459 1409 1490 1436 et
1506 1404 1680 1444 funeturOS,
1708 1403 1833 1436 sublata
1859 1403 1904 1435 eis

1165 1462 1196 1489 et
1220 1467 1333 1489 eorum
1359 1457 1493 1489 cuilibet
1517 1456 1611 1490 aliter
1627 1456 1791 1489 iudicandi
1809 1462 1836 1488 et
1860 1451 1908 1487 in-

1167 1510 1364 1553 terpretandi
1385 1510 1535 1542 facultate
1554 1515 1585 1543 et
1605 1509 1805 1549 auctoritate,
1824 1507 1906 1540 iudi-

1166 1563 1229 1596 cari
1262 1569 1294 1595 et
1319 1562 1446 1595 deliniri
1480 1563 1620 1602 debere,
1655 1573 1691 1594 ac
1723 1561 1849 1594 irritum
1875 1565 1907 1593 et

1166 1617 1260 1649 inane
1286 1616 1309 1648 si
1335 1627 1424 1648 secus
1456 1626 1552 1659 super
1583 1615 1633 1648 his
1667 1626 1684 1647 a
1716 1625 1904 1657 quoquam,

1167 1670 1276 1713 quavis
1302 1669 1502 1710 auctoritate,
1523 1669 1663 1702 scienter
1676 1669 1725 1701 vel
1752 1668 1904 1710 ignoran-

1169 1728 1226 1763 ter,
1246 1723 1422 1765 contigerit
1443 1722 1603 1755 attentari.
1718 1763 1721 1766 Δ

1211 1776 1225 1819 ᾖ
1249 1775 1280 1808 9.
1308 1774 1464 1813 Quocirca
1484 1785 1544 1818 pro
1573 1780 1719 1818 tempore
1742 1773 1904 1806 existenti·
1955 1783 2100 1814 axi-quntum

1167 1829 1227 1862 bus
1253 1829 1284 1862 S.
1313 1829 1349 1861 R.
1376 1829 1411 1861 E.
1438 1828 1700 1861 vicecancellario
1727 1832 1759 1860 et
1783 1810 2021 1860 datziri0d⁹''³⁰'¹²'

1168 1894 1204 1916 ac
1229 1882 1336 1915 curiae
1356 1893 1525 1915 causarum
1545 1892 1689 1914 camerae
1709 1880 1905 1924 apostolicae

1169 1936 1314 1978 generali
1340 1934 1480 1968 auditori
1497 1945 1556 1978 per
1572 1939 1741 1978 presentes
1760 1939 1849 1967 motu
1866 1933 1907 1966 si-

1169 1989 1237 2022 mili
1262 1989 1468 2028 mandamus,
1497 1993 1654 2030 qnatenns
1675 1987 1745 2030 ipsi,
1764 1988 1814 2020 vel
1833 1987 1904 2027 duo,

1169 2047 1223 2074 ant
1246 2052 1329 2074 nnus
1347 2051 1467 2081 eorum,
1493 2050 1619 2083 perse,
1645 2041 1694 2072 vel
1720 2040 1831 2080 alium,
1850 2050 1906 2072 seu

1169 2095 1257 2135 aliOS,
1273 2099 1463 2138 praesentes
1481 2104 1516 2126 ac
1534 2093 1565 2125 in
1580 2093 1625 2125 eis
1642 2098 1795 2126 contenta
1813 2103 1906 2136 quae-

1170 2158 1319 2190 cumque,
1346 2147 1401 2179 nbi
1427 2152 1458 2179 et
1484 2147 1611 2189 qnando
1637 2156 1716 2188 opus
1743 2146 1847 2186 suerit,
1875 2149 1906 2178 et

1171 2202 1297 2244 quoties
1323 2211 1381 2243 pro
1406 2205 1496 2243 parte
1523 2200 1682 2232 dictorum
1707 2199 1903 2239 auditorum,

1171 2253 1470 2291 locumtenentium,
1498 2262 1555 2284 seu
1572 2252 1707 2284 alicuius
1726 2263 1837 2285 eornm
1856 2252 1909 2284 de-

1170 2317 1267 2350 super
1281 2306 1400 2338 fuerint
1416 2305 1569 2348 requisiti,
1590 2305 1782 2338 solemniter
1803 2305 1909 2348 publi-

1171 2365 1290 2398 cantes,
1309 2358 1419 2400 eisqne
1446 2358 1478 2390 in
1505 2358 1689 2401 praemissis
1716 2357 1906 2391 efficacioris

1171 2411 1370 2444 detensionis
1396 2411 1557 2454 praesidio
1576 2411 1771 2451 assistentes,
1791 2411 1908 2443 saciant

1171 2465 1362 2497 auctoritate
1390 2466 1499 2497 nostra
1517 2475 1572 2496 eos
1594 2470 1625 2496 et
1642 2475 1754 2497 eorum
1773 2464 1908 2507 quemli-

1171 2520 1225 2551 bet
1246 2517 1500 2558 confirmatione,
1528 2517 1747 2557 :ulium-tione,
1775 2517 1908 2550 innova-

1172 2571 1268 2610 tione,
1295 2570 1515 2607 concessione,
1534 2570 1670 2611 indulto,
1687 2570 1906 2613 ampliatione,

1171 2623 1399 2665 assignatione,
1415 2623 1643 2666 asqwlieatiene,
1659 2624 1904 2667 approbatione,
