2264 3270
1072 283 1117 290 ·-·-
1139 274 1197 299 vlu
1219 282 1265 291 *-

372 356 476 384 ann.
512 352 784 385 MDccxxxlx
816 337 873 383 ad
912 353 1018 382 ann.
1054 350 1277 382 MDCCLXII
1317 351 1396 382 sex
1435 335 1618 398 priores
1657 340 1810 383 tomos
1852 337 1967 383 Che-

371 429 643 473 rubinianos
684 427 741 472 ad
780 426 943 487 viginti
983 441 1133 486 usque
1174 423 1413 470 volumina
1452 425 1601 470 multo
1649 441 1758 471 sane
1806 425 1964 472 labore

368 518 581 577 miraque
624 515 882 561 constantia
929 530 1012 575 per
1059 513 1215 574 ipsum
1259 513 1487 558 ditissime
1534 513 1781 559 adauctos¹
1817 515 1964 575 (quae

369 621 454 649 nos
495 603 826 664 septemdecim
853 602 1046 646 antehac
1072 600 1119 645 in
1144 600 1296 645 lucem
1320 599 1514 661 prolatis
1540 600 1755 646 editionis
1781 604 1966 648 nostrae

370 694 508 737 vtomis
542 692 736 737 feliciter
770 692 860 736 iam
896 689 1151 751 exegimus)
1186 689 1434 734 addidisse.

432 781 749 841 Sperabamus
784 780 938 840 itaque
973 782 1234 840 postremos
1266 782 1368 824 octo
1394 794 1419 822 a
1447 792 1512 822 vn
1547 778 1604 822 ad
1637 792 1715 822 XIV
1750 778 1966 825 editionis

371 871 716 916 Mainan‘lianai¹
758 872 932 923 tomos,
968 868 1048 928 qui
1083 867 1235 912 adhuc
1270 867 1405 912 nobis
1447 866 1603 928 praelo
1646 867 1967 913 committendi

373 961 667 1018 supererant,
704 973 796 1017 quo
830 955 1060 1001 maturius
1095 958 1280 1016 paratos
1316 959 1358 999 et
1400 954 1568 1009 editos,
1612 970 1666 1000 eo
1707 957 1967 1001 accuratius

372 1047 627 1108 impressos
675 1047 792 1100 fore,
840 1044 1131 1106 proindeque
1179 1059 1271 1088 non
1320 1046 1496 1088 tantam
1544 1044 1877 1090 mendosarum
1925 1049 1969 1091 et

372 1151 673 1181 erronearun‘i
708 1135 959 1179 lectionum
995 1132 1276 1186 molestiam,
1303 1136 1524 1192 quantam
1559 1134 1761 1193 praeacti
1802 1134 1969 1179 hucus-

372 1240 460 1283 que
496 1226 870 1284 procreaverant,
908 1222 1042 1265 nobis
1077 1221 1383 1280 praebituros.
1419 1221 1496 1275 At7
1532 1221 1666 1281 longe
1702 1222 1834 1267 aliter
1869 1239 1966 1268 rem

371 1314 618 1373 contigisse
653 1328 793 1372 quam
829 1311 1153 1371 sperabamus,
1187 1310 1397 1369 proxime
1440 1309 1647 1354 adiectus
1684 1311 1778 1355 fere
1818 1312 1968 1356 octin-

371 1404 617 1460 gentarum
673 1400 1069 1445 ememlationum,
1123 1414 1237 1458 quas
1280 1398 1326 1442 in
1370 1398 1457 1442 hoc
1501 1398 1737 1443 volumine
1779 1401 1970 1444 concin-

372 1490 526 1534 nando
575 1505 659 1534 nos
708 1488 927 1533 adhibere
972 1503 1159 1532 necesse
1202 1487 1305 1540 fuit,
1350 1487 1460 1530 satis
1504 1502 1737 1547 superque
1780 1489 1970 1534 cordato

372 1580 539 1639 cuique
572 1577 923 1623 demonstrabit.
959 1575 1218 1622 Nonnullas
1252 1575 1605 1620 constitutiones
1640 1591 1786 1636 paene
1819 1593 1873 1622 ex
1907 1578 1972 1622 in-

369 1674 498 1730 tegro
534 1668 754 1713 resarcire
790 1666 1039 1711 debuimus
1074 1666 1159 1725 (tot
1191 1664 1424 1724 tantisque
1460 1646 1642 1708 mendis
1677 1665 1971 1727 scatebantl),

372 1760 440 1805 uti
475 1774 583 1819 prae
619 1757 784 1802 ceteris
817 1755 974 1799 videre
1000 1758 1067 1798 est
1094 1757 1238 1798 const.
1267 1767 1445 1797 Lxxxnl
1481 1756 1523 1797 et
1559 1767 1726 1808 cxxin,
1762 1759 1970 1800 nostram

376 1848 694 1894 recensionem
730 1860 837 1889 cum
863 1858 1052 1887 romana
1080 1842 1407 1902 (eomparando.
1435 1842 1530 1887 Nec
1557 1841 1699 1885 ullam
1724 1848 1971 1903 propterea

372 1938 588 1983 volumus
622 1936 762 1979 huius
798 1933 862 1977 rei
889 1932 1074 1992 culpam
1109 1931 1367 1975 clarissimo
1394 1929 1668 1990 Coquelinio
1700 1931 1972 1987 attribuere,

375 2029 473 2089 qui„
500 2024 770 2085 colligendis
796 2021 1154 2082 digerendisque
1183 2019 1516 2080 diplomatibus
1550 2020 1801 2079 pontificiis
1836 2022 1973 2067 unice

375 2119 528 2160 forsan
566 2115 792 2165 intentus,
829 2114 1032 2171 spartam
1058 2108 1318 2168 corrigendi
1344 2107 1692 2168 typothetarum
1718 2109 1974 2169 specimina

378 2205 514 2250 alicui
540 2204 695 2247 minus
721 2201 815 2245 scio
841 2199 1072 2244 dimittere
1099 2197 1279 2250 debuit3
1306 2197 1387 2242 sed
1413 2212 1525 2250 rem,
1550 2196 1701 2256 qualis
1728 2201 1810 2252 est,
1832 2198 1972 2243 nimis

379 2294 556 2338 diutina
600 2290 886 2349 molestaque
929 2286 1209 2348 experientia
1250 2286 1415 2340 coacti,
1451 2300 1737 2330 enarramus.
1779 2285 1973 2331 Interim

379 2397 504 2435 vero,
540 2379 667 2425 omni
694 2394 775 2439 spe
802 2378 893 2421 iam
919 2375 1127 2436 deposita
1154 2374 1329 2435 aliquid
1355 2373 1536 2427 melius,
1564 2389 1703 2433 quam
1729 2374 1974 2434 hucusque

424 2550 437 2576 1
462 2546 621 2576 Sciendum
650 2546 694 2572 est
723 2542 800 2571 enim
823 2541 943 2570 tertium
965 2549 1038 2568 rom.
1065 2539 1135 2568 edit.
1167 2541 1277 2567 tomum
1307 2537 1400 2566 tribus
1427 2539 1562 2566 constare
1591 2537 1806 2573 voluminibus,
1835 2539 1975 2574 quartum

382 2616 510 2652 quatuor
531 2612 655 2647 habere,
678 2609 814 2647 quintum
836 2608 982 2645 quinque,
1005 2609 1033 2634 ot
1055 2610 1171 2634 sextum
1194 2614 1262 2641 sex,
1285 2604 1392 2642 quibus
1413 2604 1436 2632 si
1462 2603 1554 2631 addas
1576 2605 1688 2632 tomum
1717 2604 1843 2641 primum
1873 2606 1902 2631 et
1929 2612 1974 2632 se·

384 2680 522 2710 cundum.
545 2686 668 2715 quorum
693 2676 816 2713 quisque
837 2684 896 2703 uno
919 2672 1068 2702 volumino
1092 2671 1267 2701 continetur.
1291 2671 1396 2708 viginti
1421 2670 1600 2699 voluminum
1623 2679 1737 2698 summu
1760 2669 1922 2698 conficitur.
