2279 3260
154 281 207 307 An.
229 280 258 308 C.
276 278 337 309 ¹67¹

187 1341 260 1362 timae
279 1341 336 1363 Rosa

152 1372 255 1389 nascitur.

207 2554 229 2575 ln
250 2555 339 2576 iurantia

155 2585 262 2603 constans.

972 281 1114 306 CLEMENS
1136 283 1154 305 X
1179 281 1226 305 ΡΡ.

348 330 408 361 bus
423 328 539 362 nostris
557 339 621 362 non
637 328 826 362 defecerunt
843 328 1081 362 misericordiae

348 382 415 414 eius
440 392 539 425 super
563 392 634 421 nos,
662 387 701 421 et,
725 382 798 414 licet
823 387 955 425 paterne
982 382 1083 425 culpis

348 434 465 467 nostris
486 434 688 476 exigentibus
707 434 870 477 corripiat,
893 445 958 467 non
976 440 1082 466 tamen

349 487 379 519 in
401 492 593 529 perpetuum
611 486 821 525 obliviscitur,
841 487 898 519 sed
917 487 948 519 in
968 498 1084 529 angus—

349 539 400 571 tiis
425 539 542 571 nostris
567 539 739 582 multiplici
767 550 825 572 nos
852 541 1031 573 electorum
1053 545 1081 573 et

348 591 525 623 amicorum
558 602 691 624 suorum
727 592 889 634 praesidio
921 592 1083 625 custodire

349 653 413 675 non
440 643 570 682 desinit,
588 643 642 685 qui
664 644 853 676 meritorum
876 650 906 676 et
923 643 1084 685 sull'ragio-

349 706 419 728 rum
445 706 576 728 suorum
602 696 787 738 patrociniis
805 707 864 728 nos
889 696 1035 728 muniant
1053 702 1085 728 ct
1104 699 1105 703 ’

348 747 552 781 defendant&
574 748 676 791 thue
694 748 813 781 Christi
829 749 954 781 Domini
972 748 1084 781 fideles

348 801 533 844 intelligant
557 812 654 844 quam
680 802 721 833 sit
747 802 901 834 eximium
932 802 993 834 hoc
1018 802 1085 843 pie-

349 854 422 886 tatis
447 855 642 897 exemplum,
670 854 756 896 quod
782 854 813 886 in
839 864 922 886 novo
948 854 1026 886 orbe
1052 854 1083 885 in

348 906 573 948 praesentibus
606 902 843 938 calamitatibus
877 912 908 938 et
932 906 1085 949 periculis

349 958 403 991 toti
422 958 525 991 illuxit
539 958 713 997 Ecclesiae,
733 958 907 991 illustriora
924 958 991 991 eius
1009 959 1085 991 cha-

346 1011 487 1050 rismata,
515 1011 648 1043 virtutes
673 1016 704 1043 et
729 1016 818 1052 gesta
842 1021 878 1043 ex
895 1011 1003 1043 multis
1021 1022 1085 1043 ma-

347 1063 508 1105 gnalibus,
527 1073 609 1106 quae
631 1063 768 1096 contulit
784 1063 832 1095 illi
850 1063 1011 1103 Dominus,
1035 1064 1083 1096 his

348 1117 468 1149 nostris
492 1117 608 1149 litteris
634 1117 846 1160 proponenda
872 1117 1029 1156 duximus,
1051 1123 1085 1149 ut

348 1169 416 1201 eius
442 1169 606 1209 sanctitas,
634 1170 831 1211 apostolicae
857 1169 952 1202 huius
978 1171 1086 1202 cathe-

348 1222 424 1254 drae
442 1221 628 1254 testimonio
647 1223 865 1264 comprobata,
883 1223 916 1255 in
934 1223 1085 1256 universo

348 1275 468 1308 mundo
491 1280 650 1318 perpetuo
676 1276 778 1317 magis
803 1276 980 1309 illucescat.

392 1329 406 1370 ἓ
439 1328 470 1359 1.
508 1327 640 1368 Limae,
667 1338 751 1370 quae
782 1334 831 1360 est
863 1329 1084 1362 meridionalis

348 1381 514 1413 Americae
529 1380 562 1412 in
575 1390 676 1423 regno
692 1380 869 1413 Peruviano
884 1382 1085 1424 metropolis,

347 1444 432 1466 anno
457 1444 474 1465 a
498 1435 645 1476 reparata
670 1435 771 1466 salute
791 1444 957 1473 MDLxxxvr,
972 1445 1014 1467 xn
1033 1435 1087 1466 ka-

346 1487 458 1519 lendas
472 1487 556 1525 maii,
576 1487 766 1529 parentibus
786 1487 931 1519 honestis
946 1488 1085 1530 *jaspare

347 1540 387 1572 de
412 1540 560 1572 Floribus
586 1546 617 1572 et
641 1540 738 1572 Maria
758 1541 798 1573 ab
823 1540 920 1582 Oliva,
947 1548 1015 1574 orta
1039 1549 1087 1575 cst

348 1593 429 1624 haec
465 1593 597 1636 mystica
628 1593 710 1625 Rosa
747 1594 779 1625 in
814 1594 884 1627 vieo
914 1594 945 1627 S.
980 1595 1086 1627 Domi-

347 1646 412 1678 nici
438 1646 523 1678 iuxta
547 1646 578 1678 S.
605 1646 742 1688 Spiritus
766 1647 890 1687 aedem,
917 1648 993 1680 etin
1014 1648 1084 1691 ipsa

347 1699 484 1732 solemni
511 1699 718 1737 Pentecostcs
739 1700 801 1740 die,
819 1711 916 1743 qnam
938 1711 1085 1734 rosarum

348 1751 470 1784 Pascha
496 1751 644 1793 dicimus,
669 1763 760 1786 sacro
777 1753 979 1796 baptismatis
999 1755 1086 1788 sonte

347 1803 526 1847 purificata,
546 1810 581 1836 ut
597 1815 680 1848 pene
700 1806 869 1838 videantur
886 1807 994 1840 omnia
1013 1808 1087 1840 suis-

347 1868 380 1890 se
405 1857 536 1890 infantis
562 1859 658 1891 huius
684 1859 808 1891 suturae
834 1861 1011 1893 sanctitatis
1040 1862 1087 1894 in-

347 1910 441 1942 dicia.
468 1910 669 1943 Primaevum
706 1911 767 1944 illi'
789 1922 907 1945 nomen
945 1914 983 1945 ab
1017 1914 1087 1946 avia

347 1960 514 1995 Elisabeth
529 1963 600 2003 suit,
615 1964 700 2007 quod
716 1970 829 2007 postea
842 1966 1003 2005 divinitus,
1021 1977 1086 1999 non

348 2017 453 2048 solum
479 2028 496 2049 a
520 2023 620 2049 matre
647 2024 781 2061 propter
811 2020 953 2052 caeleste
979 2021 1087 2062 prodi-

348 2069 437 2110 gium
451 2079 544 2102 rosae
562 2070 594 2101 in
612 2070 690 2103 l'acie
706 2071 772 2103 eius
790 2072 877 2104 illico
892 2073 1085 2115 apparentis,

348 2121 405 2153 sed
430 2122 526 2154 etiam
545 2133 562 2154 a
576 2122 706 2156 Turibio
725 2124 966 2167 archipraesule
981 2125 1086 2157 Limae

349 2173 540 2216 dignissimo
567 2176 647 2217 (non
672 2176 795 2219 absque
814 2177 955 2217 caelesti,
975 2183 1009 2210 ut
1025 2188 1088 2210 cre-

348 2227 443 2266 ditur,
456 2228 577 2271 asllatu)
593 2228 625 2260 in
640 2229 722 2261 sacri
736 2229 920 2262 chrismatis
937 2231 1087 2265 unctione

348 2279 382 2311 in
407 2279 508 2313 Rosae
533 2291 653 2313 nomen
671 2288 912 2323 commutatum,
932 2289 965 2316 et
984 2295 1001 2316 a
1019 2284 1089 2317 Dci-

349 2336 427 2375 para
452 2333 580 2376 Virgine
611 2335 785 2377 agnomine
810 2346 827 2368 a
852 2336 967 2368 Sancta
993 2337 1086 2370 Maria

349 2391 480 2419 auctum
512 2387 588 2427 suit,
620 2393 654 2420 ut
684 2388 746 2421 hoc
774 2389 870 2421 etiam
903 2389 1086 2423 testimonio

350 2439 567 2472 abundantius
588 2442 860 2484 comprobaretur
881 2442 997 2474 eximia
1011 2442 1088 2475 San-

351 2497 476 2524 ctorum
502 2493 617 2526 merita
642 2504 659 2526 a
684 2494 749 2527 Deo
774 2495 905 2527 nomina
930 2495 1053 2528 sortiri.

394 2546 409 2589 g
434 2546 465 2579 Ξῖ.
492 2547 599 2580 Infans
630 2558 725 2592 saepe
757 2548 822 2581 visa
855 2555 904 2582 est
928 2549 1016 2582 humi
1043 2549 1087 2582 ia-

388 2663 400 2690 1
418 2662 488 2689 Edit.
507 2662 583 2690 illain.
601 2663 664 2699 legit
680 2665 795 2692 muniat
810 2667 836 2693 el
851 2665 1023 2700 defemlal(n
1037 2666 1087 2700 r).

1125 340 1201 361 cens
1218 329 1287 362 lixis
1299 330 1412 362 ocellis
1431 330 1569 363 iucunde
1588 332 1710 364 caelum
1728 333 1856 372 intueri,

1126 382 1215 425 quasi
1242 383 1302 415 iam
1330 384 1502 426 peregrina
1528 384 1558 416 in
1584 385 1690 423 terris,
1708 385 1740 417 in
1758 385 1858 418 civem

1126 435 1272 468 caelestis
1303 436 1503 468 Hierusalem
1529 437 1696 479 eloquenti
1728 437 1859 470 silentio

1127 487 1204 529 (quo
1231 499 1267 520 ex
1295 493 1368 520 tunc
1386 488 1532 531 praedita
1549 490 1630 530 erat)
1650 489 1788 521 adscribi
1807 500 1862 532 po-

1103 540 1275 579 rtstularet;
1303 540 1429 583 iamque
1451 541 1572 583 pupula
1590 540 1777 582 intelligens
1798 551 1862 573 me-

1127 591 1241 624 liorem
1267 602 1337 624 esse
1355 592 1531 635 patientem
1549 593 1615 625 viro
1636 593 1718 631 sorti,
1743 593 1859 631 suavis,

1126 645 1234 687 lepida
1259 650 1290 677 et
1314 654 1429 677 serena
1454 655 1581 687 semper
1606 645 1774 688 apparuit,
1801 655 1862 677 nee

1125 707 1266 739 unquam
1302 697 1481 739 vagitibus,
1518 702 1573 728 aut
1607 708 1684 730 voce
1725 699 1862 740 querula

1126 750 1254 782 aedium
1287 751 1396 782 audita
1431 755 1479 782 est
1511 751 1641 782 turbare
1673 750 1857 787 silentium,

1127 807 1270 834 aversata
1295 803 1400 834 solum
1427 802 1459 834 in
1485 803 1651 844 publicum
1677 801 1796 834 efferri.
1819 801 1861 834 Ea

1128 853 1184 885 suit
1210 854 1240 885 in
1268 854 1389 886 teneris
1411 854 1502 886 annis
1520 854 1758 894 constantia,ut
1774 854 1862 888 diros

1127 906 1272 948 chirurgi
1307 906 1466 938 cruciatus
1500 907 1532 938 in
1558 907 1698 950 pollice,
1730 917 1806 940 aure
1831 912 1864 940 et

1127 957 1256 989 naribus
1283 959 1352 990 sine
1379 960 1518 1001 querela,
1546 965 1577 991 et
1602 959 1716 1002 capitis
1745 969 1867 1002 poena-

1128 1012 1190 1043 lem
1215 1011 1458 1051 corrosionem,
1486 1022 1521 1044 ex
1548 1011 1707 1055 impositis
1734 1013 1772 1045 ad
1798 1022 1867 1045 me-

1128 1064 1274 1096 dicamen
1292 1064 1480 1106 pulveribus
1503 1070 1614 1104 ortam,
1641 1065 1709 1097 sine
1734 1066 1867 1108 querela.

1128 1116 1244 1149 invicto
1269 1117 1377 1150 animo
1394 1118 1582 1157 sustineret,
1600 1123 1634 1149 ut
1651 1118 1719 1151 eius
1735 1118 1864 1151 indoles

1129 1169 1189 1201 iam
1215 1179 1253 1202 ex
1279 1175 1354 1203 tune
1378 1170 1552 1213 patientiae
1576 1175 1651 1203 nata
1667 1181 1736 1203 esse
1755 1171 1866 1204 crede-

1128 1228 1227 1255 retur.

1171 1276 1187 1317 §
1204 1274 1235 1308 3.
1257 1275 1309 1307 Vix
1329 1276 1550 1319 quinquennis
1568 1281 1644 1316 erat,
1664 1286 1745 1316 cum,
1764 1287 1781 1308 a
1800 1276 1865 1319 Spi-

1128 1327 1206 1360 ritus
1219 1328 1325 1361 Sancti
1342 1329 1495 1361 unctione
1514 1329 1650 1361 interius
1667 1329 1790 1369 edocta,
1809 1330 1866 1361 vir-

1128 1381 1269 1423 ginitatis
1294 1388 1403 1414 votum
1429 1382 1544 1422 emisit,
1566 1387 1597 1415 et
1621 1394 1657 1415 ex
1684 1382 1789 1414 fratris
1813 1383 1867 1415 ad-

1128 1434 1253 1466 monitu
1290 1435 1438 1467 vanitatis
1471 1436 1589 1468 saeculi
1623 1435 1753 1468 conscia
1786 1436 1867 1468 saeta

1129 1486 1266 1530 ipsamet
1290 1488 1350 1520 sibi
1375 1498 1482 1520 comas
1508 1488 1547 1520 ad
1572 1488 1673 1520 vivam
1691 1498 1792 1530 usque
1812 1497 1867 1519 cu-

1130 1544 1191 1572 tem
1228 1541 1329 1573 inscia
1364 1546 1465 1573 matre
1498 1541 1690 1583 praescidit,
1715 1551 1755 1573 ne
1788 1541 1865 1584 quid

1129 1594 1252 1626 sunium
1278 1599 1471 1638 superesset,
1498 1594 1614 1637 quibus
1638 1594 1792 1627 adversus
1813 1594 1866 1626 de-

1128 1653 1235 1679 votam
1260 1647 1434 1690 puritatem
1459 1653 1514 1679 aut
1550 1647 1695 1679 traheret
1720 1652 1772 1679 aut
1802 1652 1866 1679 tra-

1130 1701 1259 1733 heretur
1274 1700 1312 1733 ad
1327 1700 1468 1743 nuptias;
1480 1700 1642 1743 insignem
1654 1700 1743 1733 illam
1757 1699 1866 1733 heroi-

1128 1763 1200 1785 nam
1236 1752 1442 1786 Catharinam
1475 1753 1652 1786 Senenscm
1683 1753 1863 1791 aemulata,

1128 1817 1222 1849 quam
1243 1806 1305 1839 sibi
1332 1807 1364 1839 in
1387 1807 1459 1849 ipso
1495 1806 1629 1839 rationis
1663 1806 1806 1839 diluculo
1832 1806 1864 1837 in

1128 1859 1306 1892 sanctitatis
1332 1860 1500 1903 exemplar
1524 1864 1556 1892 et
1571 1858 1793 1901 magisterium
1813 1859 1866 1891 de-

1128 1913 1263 1955 legerat,
1282 1923 1377 1956 quam
1393 1913 1529 1946 subinde
1550 1913 1738 1955 magistram
1756 1912 1867 1954 appel-

1130 1967 1194 1999 lare
1220 1977 1285 1999 non
1307 1966 1440 1999 destitit.
1469 1965 1601 1998 Addidit
1617 1965 1648 1997 in
1665 1965 1865 2008 praesidium

1106 2015 1109 2057 l
1129 2020 1231 2062 primo
1250 2020 1387 2052 alterum
1404 2024 1581 2062 perpetuae
1598 2028 1616 2050 a
1632 2018 1782 2050 carnibus
1800 2017 1866 2049 abs-

1107 2065 1109 2079 ²
1131 2072 1284 2106 tinentiae
1309 2078 1425 2112 votum,
1446 2083 1511 2116 quo
1532 2071 1653 2104 cautius
1677 2070 1864 2104 obstrictam

1130 2126 1194 2158 Deo
1237 2125 1455 2168 virginitatem
1499 2124 1704 2164 custodiret;
1745 2123 1866 2166 optime

1107 2178 1316 2221 iintelligens
1350 2178 1558 2211 sobrietatem
1594 2177 1714 2210 docere
1740 2175 1867 2219 sapien-

1131 2232 1206 2264 tiam
1231 2236 1262 2264 et
1280 2231 1439 2271 virtutem,
1458 2231 1575 2274 quibus
1589 2229 1671 2262 nihil
1691 2229 1799 2262 utilius
1817 2233 1868 2261 est

1130 2286 1162 2317 in
1188 2285 1253 2316 vita
1274 2284 1479 2316 homiuibus:
1499 2281 1866 2326 quapropterieiunium

1131 2339 1236 2371 adhuc
1261 2339 1394 2381 parvula
1418 2337 1464 2369 sic
1488 2336 1634 2376 servavit,
1659 2341 1694 2367 ut
1717 2335 1804 2367 omni
1830 2345 1865 2366 se

1132 2392 1291 2424 fructuum
1327 2401 1384 2423 esu
1424 2389 1653 2428 interdiceret,
1687 2398 1766 2431 quos
1803 2387 1864 2419 sibi

1131 2446 1266 2477 donatos
1283 2454 1355 2476 mox
1377 2443 1447 2475 aliis
1465 2442 1675 2484 largiebatur.
1694 2441 1728 2472 In
1746 2440 1865 2472 hebdo-

1130 2499 1295 2531 madarum
1331 2497 1433 2541 spatia
1456 2496 1668 2540 protrahebat
1701 2495 1862 2532 inediam;

1130 2562 1277 2595 quaeque
1313 2551 1345 2582 in
1380 2549 1557 2593 puerilibus
1588 2548 1680 2580 annis
1704 2547 1863 2588 insignem

1130 2608 1317 2636 exercuerat
1331 2601 1570 2640 abstinentiam,
1585 2599 1733 2633 monialis
1750 2603 1863 2641 postea

1132 2668 1202 2690 eam
1232 2656 1364 2689 sibimet
1400 2654 1564 2688 ieiunandi
1601 2655 1705 2696 legem
1730 2651 1862 2693 indixit,

1754 274 1818 308 189
1864 285 1913 310 An.
1934 283 2045 311 &1071

1913 1289 2059 1315 Virginitatem

1877 1318 1945 1336 vovet.
