2279 3260
176 249 229 275 An.
245 247 275 275 C.
300 247 365 275 1674

413 307 448 331 11.
475 296 532 336 Qui
564 307 639 330 vero
675 296 821 329 eamdem
853 305 1006 328 coronam
1039 296 1104 328 sin-

369 350 452 392 gulis
469 350 582 382 diebus
596 359 654 393 per
668 359 813 381 mensem
830 348 991 391 integrum
1010 348 1103 381 etiam

369 402 563 442 recitaverit,
584 406 616 434 et
633 401 769 434 subinde
791 412 864 434 vere
883 401 1054 444 poenitens
1073 405 1106 433 et

369 455 545 496 confessus,
563 465 634 487 cum
659 456 747 487 sacra
772 454 998 486 communione
1024 453 1106 486 refe-

369 511 446 547 ctus,
464 518 522 550 pro
548 507 802 540 christianorum
823 507 1005 550 principum
1030 517 1106 539 con-

369 559 490 599 cordia,
516 559 686 592 haeresum
712 560 948 603 extirpatione,
976 570 1012 592 ac
1036 570 1106 591 san-

370 611 439 652 (tae
457 611 566 644 matris
585 611 751 645 Ecclesiae
769 612 962 645 exaltatione
981 611 1049 654 pias
1067 611 1103 643 ad

369 663 468 696 Deum
489 674 604 708 preces
623 664 779 705 effuderit,
798 664 925 708 quoties
942 664 972 696 id
992 664 1104 706 egerit,

370 715 479 749 itidem
504 717 684 759 plenariam
722 717 864 750 omnium
898 721 1104 759 peccatorum

370 779 500 802 suorum
539 769 774 812 indulgentiam
813 774 844 802 et
882 768 1105 802 remissionem

371 828 602 866 consequatur.
630 822 832 866 Quicumque
864 822 976 855 solitus
1009 822 1106 855 fuerit

371 876 486 907 saltem
513 880 560 907 ter
585 875 615 907 in
643 875 847 907 bebdomada
873 875 988 907 dictam
1015 885 1106 907 coro—

371 937 444 960 nam
466 928 611 968 recitare,
632 933 663 961 et
688 928 720 960 in
746 929 832 961 bello
858 933 968 960 contra
993 928 1104 960 infide-

366 971 426 1019 les,
446 980 638 1021 haereticos,
655 986 686 1013 et
703 980 776 1013 SR.
794 980 827 1013 E.
852 981 961 1013 hostes
979 981 1107 1016 dimica-

370 1033 461 1073 verit,
481 1033 507 1065 si
525 1044 563 1066 eo
580 1034 630 1066 vel
652 1034 866 1066 antecedente
885 1034 936 1066 die
958 1034 1105 1066 eamdem

370 1095 523 1117 coronam
549 1085 744 1126 recitaverit,
766 1090 799 1119 et
823 1085 854 1118 in
880 1091 951 1118 actu
977 1086 1107 1118 dimica-

370 1137 468 1169 tionis
494 1143 636 1170 mentem
662 1139 700 1171 ad
721 1138 828 1171 Deum
853 1138 1048 1179 elevaverit,
1076 1144 1105 1171 et

371 1194 579 1232 peccatorum
596 1201 727 1223 suorum
749 1191 921 1234 poenitens
939 1191 1107 1224 humiliter

371 1242 494 1274 veniam
519 1243 746 1286 postulaverit,
775 1244 799 1277 si
825 1244 856 1276 in
891 1244 974 1277 dicta
998 1247 1106 1287 pugna

371 1295 566 1335 occubuerit,
588 1296 767 1338 plenariam
793 1296 1027 1339 indulgentiam
1052 1308 1107 1340 pa-

373 1347 454 1380 riter
478 1354 704 1391 consequatur.

418 1410 465 1433 111.
492 1400 570 1433 Item
604 1401 800 1445 quicumque
832 1402 977 1434 infirmus
1010 1413 1105 1435 unam

373 1463 410 1485 ex·
432 1452 525 1485 dictis
544 1453 674 1486 coronis
698 1454 758 1485 sibi
788 1459 822 1486 ut
841 1455 1022 1497 praefertur
1046 1461 1108 1488 tra-

373 1505 471 1537 ditam
499 1506 583 1548 apud
609 1516 642 1538 se
668 1505 812 1547 habens,
839 1517 908 1539 eam
933 1507 1022 1550 prius
1048 1508 1108 1539 bac

374 1557 553 1590 intentione
588 1558 791 1599 recitaverit,
824 1564 855 1591 ct
880 1559 911 1591 in
938 1560 991 1592 illa
1020 1559 1109 1591 insir-

373 1610 482 1643 mitate
509 1611 702 1643 delictorum
727 1621 859 1644 suorum
884 1612 1057 1655 poenitens
1078 1618 1110 1645 et

374 1662 541 1696 confessus
574 1663 606 1695 in
631 1663 768 1695 articulo
801 1664 915 1696 mortis
947 1664 1109 1697 sanctissi-

374 1726 460 1747 mum
486 1716 557 1748 lesu
572 1727 689 1749 nomen
709 1716 805 1749 corde
824 1722 855 1749 et
872 1727 936 1757 ore,
955 1716 980 1749 si
998 1722 1110 1760 potue-

375 1767 425 1809 rit,
451 1768 499 1800 sin
525 1769 641 1809 minus,
654 1769 750 1801 corde
776 1768 982 1809 invocaverit,
999 1771 1110 1813 plena-

374 1820 454 1853 riam
479 1821 717 1864 indulgentiam
745 1827 776 1854 et
801 1822 943 1854 omnium
964 1828 1111 1866 peccato-

374 1879 444 1906 rum
470 1875 695 1907 remissionem
728 1876 753 1907 si
784 1886 871 1907 mors
902 1875 976 1908 inde
1001 1876 1111 1909 subse-

375 1932 513 1968 quatur;
534 1927 558 1959 si
584 1938 661 1959 vero
686 1938 772 1960 mors
797 1938 862 1960 non
887 1928 1110 1971 subsequatur,

374 1979 610 2022 indulgentiam
635 1980 850 2013 ducentorum
880 1991 1038 2013 annorum
1064 1982 1111 2014 lu-

375 2037 492 2065 cretur.

419 2095 460 2116 iv.
489 2084 545 2122 Qui
569 2095 678 2117 secum
700 2085 849 2118 deferens
878 2095 975 2119 unam
996 2096 1032 2118 ex
1063 2096 1111 2119 co-

376 2137 462 2169 ronis
486 2137 660 2180 praedictis
697 2137 757 2169 sibi
789 2137 871 2169 sicut
895 2139 1111 2180 praemittitur

377 2189 535 2229 traditam,
551 2200 668 2222 nomen
686 2190 753 2221 lesu
772 2190 963 2231 invocando,
977 2201 1109 2223 examen

377 2252 452 2274 suae
476 2242 696 2275 conscientiae
723 2242 842 2282 fecerit,
864 2248 895 2276 et
919 2249 968 2275 ter
993 2244 1112 2276 oratio-

377 2306 450 2327 nem
475 2295 669 2328 dominicam
702 2301 734 2328 et
761 2296 857 2328 toties
883 2297 1110 2329 salutationem

378 2347 557 2390 angelicam
582 2349 783 2388 recitaverit,
811 2359 926 2392 preces
951 2350 989 2381 ad
1014 2350 1111 2382 Deum

378 2411 437 2443 pro
463 2401 637 2444 tranquillo
657 2406 688 2434 et
705 2401 792 2433 felici
808 2406 891 2435 statu
908 2401 939 2434 S.
963 2402 998 2434 R.
1018 2402 1052 2434 E.
1071 2404 1112 2435 ef-

378 2454 553 2493 fundendo,
573 2453 682 2496 viginti
701 2455 768 2487 dies
790 2455 1027 2497 indulgentiae,
1046 2457 1112 2499 qui-

378 2517 441 2550 que
478 2507 563 2539 dicto
597 2507 740 2540 examine
774 2514 905 2550 peracto
944 2509 1113 2542 actualiter

379 2562 544 2593 confessus
571 2560 687 2599 fuerit,
716 2565 746 2592 et
775 2566 847 2603 post
876 2561 1110 2595 confessionem

378 2614 475 2646 Deum
502 2613 658 2656 optimum
675 2613 845 2645 niaximum
864 2624 922 2656 pro
937 2620 1110 2658 augmento

1008 247 1150 272 CLEMENS
1172 249 1190 273 Χ
1215 249 1262 272 ΡΡ.

1124 295 1220 364 [fidei
1246 297 1436 339 catholicae,
1463 298 1631 332 haeresum
1657 300 1879 343 extimatione,

1148 354 1178 381 et
1202 354 1329 383 sanctae
1360 351 1469 383 matris
1495 351 1654 384 Ecclesiae
1688 353 1880 386 exaltatione

1148 402 1298 442 oraverit,
1326 403 1434 445 viginti
1461 414 1561 437 annos
1589 405 1807 447 indulgentiae
1834 406 1881 438 lu-

1147 460 1271 495 cretur3
1295 460 1326 488 et
1346 456 1459 488 solitus
1478 467 1510 488 se
1538 467 1687 489 exercere
1714 458 1744 489 in
1771 457 1880 501 aliquo

1125 500 1183 569 ξω(
1210 508 1365 550 operibus
1395 520 1475 552 quae
1498 509 1576 541 liunt
1601 509 1631 541 in
1658 509 1879 552 religionibus,

1148 559 1187 592 sit
1206 560 1368 604 particeps
1390 561 1531 594 omnium
1547 567 1578 595 et
1593 562 1794 604 singulorum
1808 573 1882 606 ope-

1147 622 1217 644 rum
1237 623 1317 655 quae
1336 612 1414 645 fiunt
1443 613 1474 646 in
1497 614 1589 647 dictis
1612 615 1835 657 religionibus,
1855 615 1880 647 si

1148 664 1325 698 intentione
1351 666 1537 700 huiusmodi
1565 668 1820 711 participationis
1845 668 1882 700 il-

1148 718 1201 750 lud
1226 728 1307 760 opus
1333 720 1524 752 exercuerit.

1191 781 1220 803 v.
1255 770 1312 808 Qui
1349 773 1433 814 apud
1474 783 1508 804 se
1551 773 1676 805 liabens
1712 784 1808 806 unam
1845 784 1882 806 cx

1149 823 1321 865 praedictis
1338 825 1467 856 coronis
1485 825 1543 857 sibi
1564 826 1712 858 traditam
1741 832 1775 858 ut
1795 837 1883 869 prae-

1149 875 1257 914 fertur,
1277 881 1308 908 et
1326 876 1468 918 legitime
1494 878 1668 920 impeditus
1694 879 1808 911 missae
1833 890 1883 911 sa-

1148 927 1268 960 crificio
1295 929 1408 961 diebus
1434 930 1556 962 festivis
1579 931 1617 963 de
1636 937 1811 974 praecepto
1830 932 1885 964 Ec-

1148 980 1264 1013 clesiae
1291 992 1354 1014 non
1370 982 1560 1023 interfuerit,
1580 984 1603 1016 si
1623 985 1795 1027 quinquies
1814 996 1886 1018 ora-

1150 1033 1271 1065 tionem
1286 1034 1481 1067 dominicam
1504 1042 1535 1068 et
1550 1036 1643 1068 toties
1658 1037 1885 1071 salutationem

1149 1085 1329 1127 angelicam
1356 1086 1554 1127 recitaverit,
1588 1088 1772 1122 huiusmodi
1799 1090 1886 1123 defe-

1149 1143 1232 1170 ctum
1252 1140 1423 1182 suppleat;
1444 1145 1485 1180 et,
1503 1141 1528 1173 si
1548 1141 1634 1174 dicto
1649 1141 1767 1174 missae
1793 1143 1886 1175 sacri-

1142 1189 1220 1232 -ticio
1247 1191 1449 1231 interfuerit,
1484 1192 1600 1225 dictam
1625 1193 1805 1226 orationem
1830 1195 1886 1227 do-

1150 1241 1301 1275 minicam
1328 1248 1359 1275 et
1383 1244 1612 1277 salutationem
1638 1246 1818 1288 angelicam
1835 1257 1886 1279 re-

1150 1295 1286 1335 citando,
1306 1307 1539 1340 quamcumque
1555 1298 1670 1330 mentis
1683 1299 1885 1341 vagationem

1151 1348 1298 1381 similiter
1313 1350 1475 1392 suppleat,
1494 1351 1669 1383 dummodo
1685 1351 1792 1384 dedita
1810 1362 1888 1394 ope-

1152 1403 1186 1433 ra
1211 1401 1329 1433 factum
1356 1412 1420 1434 non
1446 1402 1498 1434 sit.

1195 1464 1237 1486 v1.
1271 1453 1420 1497 Quisquis
1456 1466 1564 1488 secum
1602 1456 1752 1489 deferens
1789 1468 1886 1490 unam

1152 1517 1188 1538 ex
1208 1507 1301 1539 dictis
1323 1507 1461 1548 coronis,
1481 1508 1541 1540 sibi
1562 1514 1597 1540 ut
1613 1519 1710 1552 supra
1725 1510 1885 1549 traditam,

1153 1560 1267 1592 missae
1288 1565 1342 1592 aut
1363 1561 1595 1603 praedicationi
1625 1561 1822 1602 interfuerit,
1838 1563 1887 1595 rel

1152 1613 1388 1645 sanctissimum
1405 1613 1622 1646 Eucharistiae
1641 1620 1887 1655 sacramentum,

1154 1666 1227 1698 dum
1252 1667 1290 1698 ad
1308 1666 1452 1698 infirmos
1473 1672 1527 1699 aut
1551 1667 1629 1699 alias
1647 1667 1835 1700 solemniter
1855 1668 1887 1700 in

1154 1718 1414 1762 processionibus
1432 1719 1585 1759 defertur,
1605 1719 1822 1761 associaverit,
1838 1721 1887 1753 vel

1154 1771 1295 1814 aliquem
1328 1783 1344 1804 a
1375 1773 1469 1814 prava
1505 1773 1543 1804 ad
1575 1773 1686 1805 salutis
1712 1773 1808 1805 vitam
1837 1784 1887 1806 re-

1154 1824 1289 1863 duxerit,
1308 1829 1341 1856 ut
1357 1829 1433 1867 puta
1453 1824 1491 1857 ab
1510 1825 1653 1865 liaeresi,
1673 1825 1886 1868 blasphemia,

1154 1876 1416 1916 detractionibus,
1442 1877 1491 1909 vel
1518 1887 1628 1919 pacem
1653 1888 1724 1910 cum
1750 1878 1887 1911 inimicis

1153 1929 1381 1972 composuerit,
1401 1930 1450 1962 vel
1476 1929 1607 1972 aliquod
1627 1930 1714 1962 aliud
1736 1935 1800 1962 tam
1825 1931 1888 1974 spi-

1155 1982 1267 2014 rituale
1286 1992 1382 2024 quam
1408 1983 1587 2024 temporale
1609 1993 1701 2025 opus,
1717 1983 1756 2015 ad
1782 1983 1887 2016 hono-

1154 2046 1219 2067 rem
1244 2035 1370 2067 Domini
1391 2036 1495 2068 nostri
1514 2036 1584 2067 lesu
1603 2035 1733 2076 Christi,
1751 2038 1798 2070 vel
1820 2038 1888 2079 glo-

1154 2088 1347 2121 riosissimae
1374 2088 1512 2131 Virginis
1530 2088 1657 2129 Mariae,
1674 2095 1729 2121 aut
1752 2090 1886 2122 alterius

1153 2141 1269 2182 Sancti,
1295 2152 1354 2185 pro
1380 2142 1533 2185 cuiusque
1562 2143 1754 2183 devotione,
1773 2144 1822 2176 vel
1847 2144 1886 2176 ad

1155 2195 1363 2237 temporalem
1387 2201 1441 2228 aut
1457 2195 1660 2238 spiritualem
1679 2196 1816 2239 proximi
1837 2207 1888 2229 sa-

1154 2250 1264 2289 lutem,
1280 2253 1429 2291 operatus
1455 2248 1563 2287 fuerit,
1591 2254 1621 2281 et
1646 2254 1694 2281 ter
1716 2249 1817 2282 Pater
1833 2260 1888 2282 710-

1154 2306 1217 2334 sler
1241 2306 1272 2333 et
1297 2300 1430 2333 totidem
1462 2300 1528 2333 Ave
1553 2301 1661 2333 Maria.
1685 2301 1886 2342 recitaverit,

1154 2352 1265 2383 decem
1301 2361 1459 2383 annorum
1498 2351 1732 2394 iinlulgentiam
1768 2363 1884 2386 conse-

1155 2409 1284 2448 quatur.

1198 2467 1252 2490 vn.
1270 2456 1328 2494 Qui
1347 2457 1459 2489 diebus
1483 2457 1653 2490 stationum
1679 2458 1886 2492 ecclesiarum

1155 2511 1255 2542 almae
1274 2509 1377 2550 Urbis,
1397 2515 1428 2542 et
1445 2515 1531 2543 extra
1545 2510 1630 2543 illius
1644 2522 1752 2543 muros
1770 2512 1886 2544 absens

1155 2558 1277 2603 abilla,
1297 2563 1464 2595 confessus
1485 2568 1514 2596 et
1530 2564 1730 2596 sainssetissiiua
1747 2574 1887 2596 commu-

1155 2616 1250 2648 nione
1277 2616 1437 2656 refectus,
1458 2626 1491 2648 ac
1517 2627 1625 2649 secum
1650 2628 1800 2649 coronam
1826 2617 1886 2651 sibi

1781 243 1845 276 493
1892 252 1940 279 An.
1958 250 1986 278 c,
2009 251 2074 277 1674
