2279 3260
242 279 289 306 An.
309 280 336 304 r..
362 278 427 304 iix-,5
472 267 535 301 500

243 345 317 359 ..μη-ιι
359 339 426 359 «naui—
437 324 605 364 confessis,
620 325 674 368 qui
693 325 805 367 quarta
820 323 980 356 dominica
996 321 1169 354 cuiuslibet

243 367 313 391 ‘mm
325 366 426 391 ‘'mm'‘
436 378 572 417 mensis,
594 384 738 410 cessante
757 376 902 419 legitimo
927 374 1167 417 impedimento,

436 430 540 463 dictae
550 430 752 474 processioni
767 427 979 466 interfuerint,
990 424 1168 469 plenariam

436 484 578 516 omnium
605 488 810 526 peccatorum
839 490 971 513 suorum
998 478 1168 520 indulgen-

437 536 511 568 tiam
536 543 567 568 et
591 535 835 573 remissionem3
851 543 886 565 ac
904 532 1026 564 eisdem
1047 530 1170 563 confra-

436 588 536 621 tribus
562 589 677 621 missae
703 586 838 620 solemni
871 585 983 628 quarta
1008 582 1169 616 dominica

437 642 609 675 cuiuslibet
622 641 744 673 mensis
759 640 797 671 ad
813 639 913 672 altare
928 635 1170 670 confraternita-

438 695 488 734 tis,
506 705 540 726 ac
562 694 655 726 etiam
674 693 814 735 privatae
837 691 952 723 missae
977 690 1008 722 in
1026 688 1169 722 oratorio

436 745 501 777 sive
515 744 607 777 altari
626 743 770 776 ciusdem
794 740 1066 774 confraternitatis
1087 739 1170 771 dicta

437 799 548 840 quarta
561 795 723 829 dominica
741 794 900 827 celebrari
918 793 1020 826 solitis
1036 793 1171 825 interes-

437 849 592 888 sentibus,
615 858 650 881 ac
672 847 750 880 inibi
775 858 832 890 pro
853 846 987 879 Romani
1009 844 1170 878 Pontificis

437 901 691 941 conservatione,
710 905 741 932 et
763 899 957 932 exaltatione
975 898 1067 931 Sedis
1086 898 1170 940 Apo-

436 955 581 994 stolicae,
612 959 642 987 et
669 953 790 986 unione
816 952 998 996 principum
1025 950 1171 984 christIa-

437 1018 552 1040 norum
567 1007 805 1049 liaeresnmque
821 997 1035 1048 extirpatione
1050 1005 1118 1047 pias
1131 1004 1170 1036 ad

436 1061 535 1094 Deum
554 1071 668 1104 preces
688 1059 938 1098 effundentibus,
957 1062 1086 1091 centum
1103 1057 1171 1090 dies

437 1114 475 1147 de
494 1113 645 1146 iniunctis
673 1112 718 1145 eis
739 1116 790 1144 aut
821 1112 898 1144 alias
927 1110 1173 1153 quomodolibet

438 1167 554 1201 debitis
572 1166 782 1210 poenitentiis
805 1164 1056 1197 misericorditer
1068 1164 1101 1196 in
1118 1164 1172 1196 Do-

437 1221 524 1253 mino
550 1219 697 1253 concedit
723 1224 754 1251 et
777 1218 909 1251 relaxat.
937 1217 1089 1249 Eamdem
1106 1218 1172 1260 ple-

438 1273 561 1306 nariam
579 1272 725 1305 omnium
750 1275 957 1314 peccatorum
975 1280 1105 1302 suorum
1126 1269 1173 1302 in-
1192 1295 1193 1312 3

438 1325 638 1369 dulgentiam
659 1329 690 1357 et
704 1324 931 1356 remissionem
946 1322 978 1355 in
996 1322 1174 1365 processio-
1192 1324 1193 1327 ’

438 1389 478 1412 ne
497 1378 657 1422 praefatae
672 1382 802 1420 quartae
823 1375 1002 1408 dominicae
1020 1375 1174 1418 elargitur

438 1432 524 1465 idem
538 1429 710 1473 Gregorius
720 1428 785 1462 XIII
796 1428 828 1461 in
842 1424 934 1461 Brevi
945 1427 1128 1468 Reclclilurz,
1140 1433 1175 1460 ut
1194 1440 1195 1447 ¹

439 1494 536 1527 supra
554 1510 562 1523 ,
594 1492 669 1515 vere
695 1480 936 1524 poenitentibus
961 1485 991 1513 et
1016 1480 1173 1513 confessis

439 1548 474 1570 ac
492 1537 580 1569 sacra
597 1534 824 1568 communione
842 1533 967 1566 refectis
983 1538 1013 1566 et
1031 1538 1066 1565 ut
1082 1544 1174 1576 prae-

439 1590 542 1622 fertur
567 1587 746 1621 orantibus.
767 1586 948 1619 plenariam
965 1586 1088 1629 pariter
1112 1596 1175 1619 om-

439 1643 527 1676 nium
551 1645 762 1685 peccatorum
787 1650 918 1672 suorum
939 1639 1174 1682 indulgentiam

440 1702 471 1729 et
487 1694 712 1728 remissionem
736 1693 824 1726 idem
840 1692 1014 1735 Gregorius
1030 1692 1105 1733 XIII,
1123 1692 1176 1726 Ad

439 1747 634 1792 augendum,
662 1752 697 1778 ut
721 1756 828 1789 supra,
852 1745 1006 1789 praefatis
1026 1745 1176 1778 omnibus

439 1802 608 1844 utriusque
640 1810 734 1833 sexus
760 1799 864 1832 dictae
898 1798 1174 1831 confraternitatis

441 1853 670 1892 confratribus,
685 1851 815 1895 quando
831 1851 1038 1894 poenitentes
1057 1857 1089 1884 et
1105 1862 1176 1884 con-

441 1907 518 1940 fessi
539 1912 571 1940 et
594 1904 795 1938 sanctissimo
826 1904 1046 1938 Eucharistiae
1078 1915 1178 1938 saera-

441 1966 549 1994 mento
586 1958 698 1992 refecti
733 1957 977 2001 processionem
1013 1959 1113 1991 semel
1144 1959 1176 1991 in

442 2023 553 2046 mense
572 2011 790 2051 celebrabunt,
805 2009 1059 2043 misericorditer
1073 2011 1106 2043 in
1123 2010 1178 2044 Do·
1197 2032 1199 2043 ,s

444 2066 531 2099 mino
555 2069 714 2109 perpetuo
739 2063 899 2096 coneedit.

279 2126 283 2130 ”
307 2129 435 2152 Anneianu-
489 2119 524 2153 ⁶2⁰
548 2118 721 2161 Gregorius
745 2117 827 2156 XIII,
850 2116 889 2150 Ει
917 2117 946 2149 si
969 2121 1117 2158 cunctae,
1144 2122 1179 2149 ut

249 2158 288 2179 bus
329 2156 436 2177 sanctissi-

251 2191 305 2204 mum
334 2183 562 2217 ss.=.:nars-sup1·a,
597 2171 721 2204 eisdem
752 2169 982 2203 associantibus
1018 2171 1199 2204 sanctissi-‡

250 2211 303 2230 suan
317 2215 435 2230 sacramen-

252 2240 293 2256 tum
306 2236 331 2256 ad
344 2236 435 2265 mmmos
446 2238 534 2260 mum
565 2223 785 2259 Eucharistiae
818 2228 1077 2265 sacramentum,
1104 2224 1180 2257 (lum

251 2266 334 2283 mmm
348 2262 485 2312 memm'ad
511 2278 650 2321 aliquem
674 2276 835 2309 infirmum
861 2276 1012 2316 defertur,
1034 2281 1099 2317 aut,
1126 2277 1178 2320 qui

447 2330 632 2365 infirmitate
671 2328 817 2372 impediti
854 2328 886 2361 id
926 2329 1030 2361 facere
1067 2330 1180 2372 nequi-

447 2385 562 2424 verint,
584 2392 758 2425 campanae
783 2381 822 2414 ad
840 2380 870 2414 id
892 2381 984 2424 signo
1010 2381 1179 2425 genuflexi,

447 2440 473 2471 si
493 2437 661 2471 commode
674 2436 846 2479 potuerint,
866 2440 914 2468 ter
927 2435 1107 2468 orationem
1125 2436 1181 2469 do-

446 2492 598 2525 minicam
614 2500 674 2534 pro
690 2489 804 2522 eodem
818 2487 944 2521 infirmo
963 2488 1179 2529 recitaverint,

446 2550 578 2578 centum
611 2543 699 2582 dies;
726 2541 843 2575 deinde
880 2541 980 2584 ipsius
1016 2541 1180 2584 utriusque

448 2608 542 2632 sexus
568 2594 807 2635 confratribus,
840 2593 894 2637 qui
926 2594 1124 2637 processioni
1148 2594 1182 2626 in

447 2650 621 2686 festivitate
645 2653 774 2683 sanctae
798 2647 940 2681 Monicae
972 2645 1041 2680 fleri
1067 2646 1181 2680 solitae

1004 273 1182 298 mmmmm!
1206 272 1357 296 nontxmt

1727 232 1741 251 ⁸
1952 269 1999 295 An.
2016 267 2045 295 C.
2068 268 2136 296 1675

1212 319 1423 360 interfuerint,
1442 321 1537 353 etiam
1566 324 1696 353 centum
1714 319 1800 358 dies;
1820 323 1943 361 praetc-

1211 382 1265 404 rea
1285 372 1370 405 idem
1389 372 1532 406 Pontifex
1557 373 1588 405 in
1614 372 1687 412 alio,
1705 371 1889 410 Reddituri,
1911 375 1945 403 ut

1211 435 1320 468 supra,
1336 425 1549 458 confratribus
1567 425 1726 468 praefatis,
1745 424 1798 467 qui
1816 424 1853 457 ad
1872 433 1947 467 pro-

1212 477 1373 510 cessiones
1406 477 1567 510 faciendas
1602 477 1830 517 convenerint,
1849 476 1946 509 etiam

1212 530 1377 572 sexaginta
1400 529 1468 562 dies
1494 529 1533 562 de
1556 530 1601 562 eis
1619 529 1769 562 iniunctis
1794 540 1849 562 seu
1868 529 1946 562 alias

1212 580 1459 624 quomodolibet
1484 580 1599 614 debitis
1620 581 1827 623 poenitentiis
1852 581 1947 614 mise-

1213 634 1385 667 ricorditer
1410 634 1439 666 in
1466 633 1598 667 Domino
1624 634 1758 666 relaxat.

1241 719 1310 747 VII.
1328 735 1365 740 —
1380 717 1419 746 In
1441 716 1598 747 exercitio
1620 716 1751 756 piorum
1773 726 1919 757 operum.

1256 793 1293 826 Et
1313 793 1342 826 1ο
1360 793 1508 826 omnibus
1525 792 1695 835 utriusque
1713 803 1807 825 sexus
1823 793 1948 826 confra-
1997 804 2096 825 racanas
2111 810 2144 825 an-

1215 847 1326 886 tribns‚
1345 847 1398 889 qui
1418 845 1567 879 dederint
1590 845 1766 878 seeundum
1783 846 1948 889 propriam
1958 831 2145 878 {ffflstfflssssnl'fi'ssssiitt

1214 910 1324 933 eorum
1336 898 1543 932 devotionem
1556 898 1696 941 aliquam
1710 898 1948 942 eleemosynam
1959 888 2145 934 iissssssatoffliiuuissi

1214 962 1273 995 pro
1299 951 1504 994 reparatione
1530 955 1562 983 et
1586 949 1808 983 aedificatione
1845 940 2146 991 deino-ss.fi⁰³iss¹⁰ff.a⁵2i

1214 1015 1283 1036 rum
1320 1009 1352 1036 et
1385 1003 1618 1036 sustentatione
1655 1003 1788 1035 fratrum
1822 1002 1951 1035 Ordinis
1960 988 2146 1034 {laam-eunomus-

1214 1057 1426 1089 Eremitarum
1440 1055 1541 1088 sancti
1560 1055 1740 1098 Augustini,
1755 1061 1786 1088 et
1798 1055 1863 1088 sive
1881 1066 1952 1099 cap-

1215 1110 1319 1152 pellae
1353 1110 1403 1142 vcl
1435 1108 1543 1141 altaris
1576 1114 1630 1141 aut
1661 1108 1793 1141 oratorii
1826 1108 1951 1141 confra-

1216 1161 1374 1194 ternitatis
1394 1162 1449 1204 (ex
1468 1160 1591 1194 indulto
1616 1160 1763 1203 Gregorii
1779 1160 1845 1193 XIII
1864 1160 1951 1203 quin-

1216 1216 1316 1259 quies,
1330 1215 1415 1258 etc),
1426 1214 1616 1247 conceditur
1630 1213 1771 1254 facultas,
1783 1213 1868 1257 quod
1882 1223 1951 1256 pos-

1216 1268 1279 1301 sint
1296 1268 1417 1310 eligere
1443 1267 1666 1299 confessorem
1690 1266 1845 1299 idoneum
1864 1276 1952 1309 pres-

1215 1321 1361 1364 byterum
1389 1320 1587 1352 saecularem
1613 1319 1663 1351 vel
1693 1317 1832 1351 cuiusvis
1863 1318 1953 1351 Ordi-

1217 1373 1265 1406 nis
1282 1372 1482 1415 religiosum,
1494 1372 1532 1404 al)
1546 1371 1716 1404 Ordinario
1734 1376 1905 1414 utrumque
1919 1377 1954 1404 nt

1216 1437 1312 1469 supra
1326 1425 1552 1469 approbatum,
1573 1424 1635 1468 qui,
1655 1434 1764 1457 eorum
1781 1424 1955 1457 confessio-

1217 1479 1312 1512 nibus
1338 1477 1668 1522 diligenteiffiauditis,
1691 1487 1750 1519 pro
1775 1476 1953 1510 commissis

1195 1526 1197 1542 ³
1217 1543 1276 1577 per
1293 1542 1347 1564 eos
1369 1531 1564 1571 excessibus,
1592 1529 1788 1570 criminibus,
1815 1529 1951 1570 delictis,

1219 1591 1514 1630 quantumcumque
1540 1583 1702 1626 gravibus,
1720 1588 1751 1615 et
1770 1581 1954 1616 omissioni-

1217 1641 1277 1673 bus
1298 1639 1452 1671 horarum
1476 1636 1720 1676 canonicarum,
1746 1641 1778 1669 et
1801 1647 1818 1668 a
1843 1646 1955 1669 censu-

1218 1693 1262 1725 ris
1279 1697 1310 1726 et
1325 1691 1439 1735 poenis
1464 1690 1574 1734 quavis
1599 1692 1694 1722 causa
1713 1690 1764 1723 vel
1782 1688 1954 1722 occasione

1195 1758 1197 1794 3
1218 1746 1291 1779 latis
1312 1744 1469 1788 (exceptis
1495 1743 1621 1776 casibus
1645 1742 1818 1776 reservatis
1833 1743 1872 1775 ad
1890 1742 1954 1775 for-

1219 1809 1303 1831 mam
1339 1795 1584 1831 Constitutionis
1622 1795 1848 1838 Quaecumque
1879 1793 1950 1827 Cle-

1218 1851 1335 1885 mentis
1348 1850 1424 1891 VIII,
1439 1849 1610 1893 utsupra),
1625 1848 1722 1881 toties
1739 1847 1955 1891 quotiesopus

1220 1904 1329 1944 fuerit,
1356 1903 1395 1936 de
1420 1902 1537 1946 quibus
1569 1901 1664 1934 corde
1689 1899 1818 1933 contriti
1842 1905 1874 1933 et
1897 1910 1954 1933 ore

1220 1956 1358 1991 confessi
1385 1955 1515 1995 fuerint,
1536 1955 1635 1987 semel
1661 1953 1693 1986 in
1716 1953 1779 1985 vita
1803 1957 1835 1985 et
1854 1953 1954 1986 semel

1219 2011 1252 2043 in
1277 2009 1391 2042 mortis
1416 2007 1555 2041 articulo
1587 2005 1765 2050 plenariam
1789 2005 1954 2038 remissio-

1220 2075 1295 2097 nem
1319 2062 1462 2096 omnium
1486 2066 1691 2104 peccatorum
1709 2059 1787 2102 ipsis
1805 2058 1837 2091 in
1854 2058 1956 2092 since-

1220 2117 1314 2150 ritate
1327 2115 1411 2155 fidei,
1434 2114 1557 2146 unitate
1574 2113 1605 2146 S.
1626 2113 1662 2144 R.
1683 2112 1731 2151 E„
1751 2122 1787 2144 ac
1804 2112 1956 2145 obedien-

1222 2170 1263 2203 tia
1283 2174 1315 2202 et
1339 2167 1511 2201 devotione
1528 2166 1746 2198 Romanorum
1766 2164 1955 2198 Pontificum

1222 2221 1468 2266 persistentibus
1493 2219 1701 2262 impendere,
1726 2228 1761 2251 ac
1786 2218 1956 2260 poeniten-

1223 2276 1299 2308 tiam
1315 2275 1488 2306 salutarem
1505 2272 1676 2314 iniungere
1700 2270 1857 2303 valeam&
1876 2269 1913 2303 Et
1928 2272 1955 2304 si

1223 2329 1332 2362 forsan
1350 2326 1515 2368 contingat
1533 2334 1690 2368 personas
1709 2323 1869 2367 praefatas
1886 2323 1956 2357 sine

1223 2379 1428 2414 confessione
1453 2377 1623 2417 decedere,
1651 2376 1826 2409 dummodo
1850 2376 1957 2420 aliqua

1224 2434 1316 2476 signa
1339 2430 1542 2465 contritionis
1562 2434 1635 2462 ante
1654 2429 1776 2462 obitum
1794 2439 1907 2462 corum
1923 2429 1957 2462 in

1224 2487 1270 2520 eis
1295 2483 1515 2529 apparuerint,
1534 2483 1583 2515 vel
1602 2487 1703 2516 morte
1729 2482 1900 2525 repentina
1917 2482 1956 2514 ab

1225 2540 1285 2572 hac
1307 2539 1377 2571 luce
1401 2536 1554 2570 subtracti
1579 2535 1705 2576 fuerint,
1725 2535 1819 2568 etiam
1845 2535 1957 2578 plena-

1261 2611 1272 2636 1
1302 2608 1396 2644 Aptius
1427 2608 1486 2643 lege
1519 2606 1612 2635 valeat
1642 2614 1740 2642 nempe
1767 2606 1957 2641 confessarius

1224 2655 1264 2690 (a.
1283 2655 1332 2688 τ.).
