2279 3260
219 247 265 274 Λιι,
286 247 315 274 c..
335 247 400 273 ¹672
445 238 509 270 350

413 306 527 328 eorum
562 295 716 328 institutis
754 304 909 338 prospere
942 291 1168 334 ‹tii-igninum*

250 520 329 538 Abu-n<
341 519 402 538 iutrov

223 545 304 565 ductus.

253 1095 343 1115 atu-omi
364 1101 406 1114 om-

226 1129 259 1142 nia
271 1122 349 1141 indulta
360 1127 406 1146 per-

413 349 542 391 illisque
567 348 700 380 firmiter
725 347 935 385 insistentes,
964 342 1148 386 multiplici-

415 403 473 434 bus
498 401 528 433 in
555 401 636 441 dies,
658 401 872 433 benedicente
898 398 1045 437 Domino,
1075 406 1149 438 pro-

416 454 522 487 [iciant
546 454 767 487 incrementis.

459 507 473 549 ξ
498 507 528 539 1.
556 507 633 539 Cum
654 506 758 548 itaque
785 505 878 546 (sicut.
902 501 1099 544 accepimus)
1118 501 1149 532 in

415 559 533 591 Ordine
552 559 683 590 fratrum
698 557 854 588 Minorum
870 555 971 587 sancti
991 552 1151 585 Francisci

416 613 454 644 de
478 610 686 644 Observantia
723 616 754 641 et
790 609 1044 641 Reformatorum
1061 632 1068 645 ,
1094 616 1150 638 seu

415 665 591 697 Strictioris
617 663 844 695 Oliservaiitiae
874 666 1150 704 nuncupatorum,

416 718 616 749 introductus
644 715 737 747 fucrit
762 715 880 746 abusus
899 718 933 745 ut
952 712 1072 756 passim
1094 712 1153 744 sra-

417 771 521 802 tribus
546 770 708 801 indultum
738 767 801 800 voti
839 767 988 810 perpetui
1025 766 1151 808 aliaque

416 822 582 866 privilegia
618 820 803 864 personalia
837 819 1077 858 concedantur,
1116 829 1151 849 ex

416 885 479 918 quo
505 884 656 916 magnum
683 872 872 905 relavatioui
905 871 1022 904 ostium
1048 869 1152 913 aperi-

416 926 487 959 tur¹
506 932 537 959 et
561 926 782 969 gravissimum
800 925 982 969 paupertati
1002 929 1034 957 et
1049 923 1151 956 bumi-

416 980 506 1020 litati,
526 991 604 1023 quas
623 980 725 1012 dictus
749 979 834 1012 Ordo
859 978 1038 1022 profitetur,
1057 988 1153 1010 nocu-

417 1038 560 1065 mentum
577 1033 730 1065 insertur:

461 1086 476 1128 g
501 1085 532 1117 2.
559 1084 715 1128 Nosque&
742 1085 925 1127 regularem
951 1083 1153 1126 disciplinam

226 1149 306 1168 »unatim
345 1148 406 1167 ‹tv-us
417 1138 535 1181 ubique
560 1138 669 1180 vigere
688 1142 720 1170 et
738 1148 863 1170 omnem
882 1136 966 1169 illius
984 1135 1156 1169 relaxatio-

226 1175 323 1194 tuatribus
358 1179 406 1194 con-

226 1207 284 1220 cussa

418 1191 467 1223 nis
481 1191 561 1223 viam
575 1190 739 1234 praecludi
754 1200 961 1233 summopere
976 1188 1153 1231 cupientes,

420 1244 459 1276 de
490 1248 677 1287 opportuno
704 1242 869 1281 remedio,
897 1246 1049 1285 quantum
1081 1251 1154 1272 cum

419 1297 553 1329 Domino
578 1306 759 1339 possumus,
786 1295 957 1339 providere
984 1295 1151 1331 volentes,

419 1360 455 1382 ac
475 1349 574 1382 felicis
594 1347 830 1381 recordationis
846 1347 961 1380 Urbani
979 1347 1081 1389 Papae
1092 1346 1154 1377 VIII

419 1401 680 1445 praedecessoris
705 1401 805 1434 nostri
831 1401 1040 1433 inhaerentes
1064 1399 1156 1432 vesti-

421 1455 493 1497 giis,
520 1460 607 1487 motu
632 1454 775 1497 proprio,
797 1465 834 1486 ac
859 1464 894 1486 ex
917 1456 1004 1485 certa
1021 1453 1156 1485 scientia

421 1512 451 1539 et
476 1509 602 1539 matura
627 1506 864 1540 deliberatione
891 1504 1022 1545 nostris,
1050 1505 1155 1548 deque

420 1560 616 1603 apostolicae
634 1559 805 1603 potestatis
819 1558 1031 1601 plenitudine,
1049 1558 1157 1590 omnia

421 1618 452 1644 et
479 1622 700 1655 quaecumque
732 1611 856 1644 indulta
896 1622 951 1643 seu
986 1610 1157 1654 privilegia

420 1664 602 1708 personalia
627 1664 928 1707 quomodocumque
955 1669 1155 1706 nuncupata,

422 1717 587 1761 quibusvis
613 1718 688 1750 dicti
714 1716 841 1749 Ordinis
870 1716 1029 1756 fratribus,
1052 1716 1157 1748 cuius-

422 1768 766 1814 cumque'dignitatis‚
793 1769 955 1812 qualitatis
988 1775 1020 1801 et
1048 1769 1158 1802 condi-

422 1824 520 1856 tionis
549 1823 687 1856 existant
703 1823 953 1866 <carissimorum
980 1822 1012 1854 in
1033 1821 1158 1855 Christo

423 1876 560 1909 filiorum
585 1882 766 1909 nostrorum
788 1875 872 1918 regis
886 1875 1101 1908 Romanorum
1127 1875 1157 1908 in

424 1928 656 1971 imperatorem
682 1928 776 1961 electi
808 1939 842 1960 ac
875 1929 1010 1961 aliorum
1046 1939 1157 1970 regum

424 1981 707 2013 concionatorilms
723 1987 754 2013 et
770 1981 976 2013 conl‘essariis
997 1981 1161 2013 dumtaxat

424 2034 592 2077 exceptis),
614 2044 816 2076 quocumque
841 2033 954 2073 titulo,
979 2039 1158 2076 praetextu,

424 2089 521 2118 causa
546 2091 577 2118 et
602 2086 782 2124 occasione,
809 2086 847 2118 ad
878 2086 1014 2118 cuiusvis
1039 2087 1160 2119 instan-

424 2139 500 2171 tiam
528 2144 559 2171 et
583 2138 863 2181 supplicationem,
892 2145 953 2171 tam
979 2151 995 2171 a
1012 2139 1105 2172 nobis
1132 2143 1160 2173 et

426 2191 575 2223 Romanis
617 2191 826 2224 Pontificibus
865 2193 1161 2234 praedecessoribus

426 2245 559 2284 nostris,
585 2255 621 2277 ac
645 2244 809 2287 quibusvis
834 2245 864 2277 S.
892 2245 927 2276 R.
955 2245 989 2276 E.
1020 2245 1162 2278 cardina-

426 2296 505 2329 lium
523 2297 838 2339 ecrogrcgatiouibus,
858 2307 952 2339 quam
969 2297 1063 2329 ctiam
1081 2308 1097 2329 a
1114 2308 1161 2330 ve-

427 2350 565 2381 nei-abib
587 2352 681 2381 l‘ratrc
707 2355 816 2381 nostro
841 2350 1011 2382 Francisco
1038 2350 1162 2393 episco-

428 2412 468 2444 pe
495 2401 631 2434 Ostiensi
657 2402 801 2433 eiusdem
828 2402 858 2434 S.
887 2402 923 2433 R.
952 2402 985 2434 E.
1006 2403 1160 2435 cardinali

430 2454 604 2486 stubei-mo
621 2459 814 2496 nuncupato,
837 2454 910 2486 dicti
929 2453 1056 2486 Ordinis
1078 2455 1160 2497 apud

429 2517 486 2538 uos
520 2511 550 2539 et
573 2506 686 2539 Sedem
712 2506 929 2548 Apostolicam
955 2512 1158 2549 protectore,

466 2579 476 2603 1
500 2576 569 2603 Edit.
591 2577 669 2604 Main.
692 2577 755 2612 legit
774 2578 924 2611 aperiatur
943 2582 980 2611 (R.
993 2577 1041 2612 T.).

464 2621 481 2646 2
499 2620 660 2655 Simpliciter
680 2621 738 2655 lege
758 2621 813 2647 Nos
833 2622 871 2656 (n.
888 2621 936 2654 T.).

984 244 1163 269 tintinnum!
1187 242 1337 266 Romnum

1190 290 1325 332 aliisque
1350 289 1495 322 ciusdem
1520 289 1646 322 Ordinis
1672 286 1922 331 protectoribus,

1190 352 1225 374 ac
1249 352 1265 373 a
1290 342 1489 384 quibuslibet
1511 341 1638 374 Ordinis
1663 339 1849 373 huiusmodi
1874 349 1926 371 su-

1191 393 1384 436 perioribus,
1399 393 1552 426 hactenus
1568 392 1799 436 quoquomodo
1814 395 1927 424 contra

1192 452 1223 478 et
1255 452 1382 488 praeter
1422 447 1583 488 regularia
1611 445 1738 478 Ordinis
1771 443 1927 488 praedicti

1193 498 1338 530 instituta
1352 503 1384 530 et
1397 499 1591 541 apostolicas
1605 497 1848 530 constitutiones
1860 506 1930 529 eon-

1193 561 1290 589 cessa,
1312 551 1426 582 barum
1443 551 1524 583 serie
1542 556 1699 594 perpetuo
1724 560 1927 590 revocamus,

1194 602 1419 642 annullamus,
1461 613 1622 635 cassamus
1639 630 1646 643 ,
1680 599 1872 645 abrogamus
1899 607 1930 634 et

1194 657 1372 695 abolemus,
1387 655 1505 698 illaque
1520 661 1677 698 perpetuo
1692 660 1852 695 revocata,
1866 665 1930 687 cas-

1195 713 1270 747 sata,
1297 708 1450 749 abrogata
1475 712 1507 739 et
1528 706 1663 746 abolita,
1687 707 1874 749 viribusque
1899 710 1931 738 et

1195 760 1308 793 etl'cctu
1333 771 1430 793 vacua
1455 761 1533 800 sore,
1558 759 1745 802 neminique
1768 760 1930 791 ullatenus

1196 812 1372 855 suflragari,
1400 823 1506 855 neque
1529 812 1567 844 de
1593 817 1703 844 cetero
1729 821 1745 842 a
1770 821 1930 853 quoquam

1195 866 1327 898 concedi
1352 876 1465 908 posse,
1491 865 1600 908 sicque
1625 875 1682 907 per
1706 873 1930 907 quoscumque

1196 918 1316 951 iudices
1350 917 1530 951 ordinarios
1564 922 1596 949 et
1623 917 1808 958 delegatos,
1838 915 1933 948 etiam

1196 983 1363 1005 causarum
1382 982 1524 1004 camerae
1544 970 1739 1013 apostolicae
1757 969 1932 1007 auditores,

1196 1024 1314 1067 ubique
1336 1023 1469 1057 iudicari
1491 1028 1522 1056 et
1542 1023 1668 1055 definiri
1690 1022 1819 1062 debere,
1836 1032 1871 1054 ac
1896 1021 1936 1053 ir-

1197 1077 1293 1109 ritum
1325 1082 1357 1109 et
1388 1076 1485 1109 inane
1522 1076 1549 1108 si
1575 1086 1668 1108 secus
1698 1085 1796 1118 super
1828 1074 1880 1106 his
1917 1085 1934 1106 a

1197 1140 1368 1173 quoquam,
1387 1129 1495 1172 quavis
1511 1128 1711 1166 auctoritate,
1730 1127 1868 1160 scienter
1885 1127 1933 1160 vel

1197 1182 1408 1224 ignoranter,
1435 1181 1609 1224 contigerit
1632 1180 1798 1220 attentari,
1825 1180 1934 1213 decer-

1198 1234 1314 1267 nimus.

1241 1285 1255 1327 §
1278 1285 1309 1318 3.
1337 1285 1524 1317 Mandantes
1549 1289 1724 1327 propterea
1754 1283 1786 1316 in
1815 1283 1933 1316 virtute

1197 1343 1325 1370 sanctae
1350 1336 1572 1377 obedientiae,
1599 1347 1636 1369 ac
1669 1336 1728 1369 sub
1754 1346 1934 1369 excommu-

1197 1389 1366 1423 nicationis
1383 1390 1634 1433 privationisque
1664 1400 1794 1422 suorum
1819 1389 1934 1422 officio-

1198 1454 1269 1475 rum
1288 1453 1324 1475 ac
1340 1442 1428 1475 vocis
1453 1442 1572 1475 activae
1590 1448 1621 1475 et
1645 1442 1788 1485 passivae
1816 1442 1933 1485 poenis

1199 1506 1235 1528 co
1260 1496 1329 1539 ipso
1355 1495 1567 1535 incurrendis,
1594 1495 1720 1528 dilectis
1744 1495 1817 1528 filiis
1841 1495 1935 1527 mini-

1199 1555 1263 1582 stro
1289 1560 1325 1581 ac
1354 1548 1473 1581 vicario
1510 1559 1566 1581 seu
1591 1548 1809 1581 commissario
1836 1558 1935 1590 gene-

1199 1603 1319 1635 ralibus
1345 1607 1375 1635 et
1399 1602 1553 1635 ministris
1574 1601 1833 1645 provincialibus,
1853 1600 1935 1633 aliis-

1200 1666 1263 1698 que
1281 1655 1355 1688 dicti
1373 1653 1499 1687 Ordinis
1514 1654 1744 1697 superioribus,
1762 1659 1805 1693 ut,
1825 1664 1936 1696 quam-

1200 1708 1339 1751 primum
1357 1712 1547 1751 praesentes
1565 1712 1695 1740 nostrae
1716 1706 1843 1739 litterae
1862 1716 1936 1749 per-

1199 1760 1366 1799 venerint,
1393 1770 1507 1793 omnes
1544 1765 1575 1792 et
1605 1760 1748 1802 singulos
1771 1765 1878 1802 patres
1903 1764 1935 1791 et

1202 1816 1314 1848 fratres
1344 1814 1472 1847 Ordinis
1508 1813 1716 1854 huiusmodi,
1744 1813 1859 1845 similia
1887 1812 1934 1844 in-

1202 1869 1288 1901 dulta
1313 1879 1366 1901 scu
1391 1868 1560 1911 privilegia
1591 1867 1769 1906 habentes,
1795 1865 1869 1898 illos
1895 1875 1934 1898 eo

1201 1922 1270 1965 ipso
1295 1922 1434 1964 privatos
1452 1925 1483 1953 et
1499 1919 1654 1963 spoliatos
1671 1930 1741 1952 esse
1760 1920 1934 1959 declarent,

1202 1986 1261 2008 nec
1286 1984 1477 2018 quemquam
1503 1973 1567 2005 illis
1590 1972 1635 2005 uti
1661 1972 1768 2005 sinant
1792 1972 1841 2003 vel
1868 1981 1937 2013 per-

1202 2028 1337 2068 mittant,
1356 2025 1582 2059 inobedientes
1607 2024 1769 2068 quoslibet
1788 2030 1819 2056 et
1836 2025 1937 2057 rebel-

1203 2083 1247 2114 les
1279 2078 1468 2123 opportunis
1493 2078 1571 2110 iuris
1596 2083 1623 2109 et
1661 2077 1733 2109 t'acti
1767 2076 1935 2115 remediis,

1203 2135 1289 2166 iuxta
1313 2132 1475 2175 regularia
1500 2131 1643 2163 eiusdem
1668 2129 1796 2163 Ordinis
1820 2135 1937 2162 statuta

1203 2186 1379 2229 apostolica
1402 2184 1592 2217 auctoritate
1622 2183 1823 2221 confirmata,
1850 2182 1936 2215 omni

1204 2245 1235 2272 et
1251 2248 1450 2282 quacumque
1465 2236 1692 2280 appellatione,
1708 2236 1935 2269 reclamatione

1203 2298 1235 2326 et
1258 2303 1392 2324 recursu
1417 2291 1560 2329 remotis,
1585 2290 1835 2333 compescendo.

1246 2347 1260 2389 ἓ
1284 2346 1315 2378 4.
1342 2345 1410 2377 Non
1447 2343 1648 2377 obstantibus
1679 2341 1875 2386 praemissis,
1901 2353 1935 2376 ac

1204 2399 1368 2443 quibusvis
1393 2397 1508 2431 litteris
1534 2396 1719 2439 apostolicis
1740 2407 1835 2440 super
1862 2407 1938 2429 con-

1204 2452 1352 2485 cessione
1377 2462 1432 2483 seu
1451 2450 1695 2483 confirmatione
1717 2449 1938 2483 concessionis

1204 2504 1447 2548 privilegiorum
1474 2503 1656 2535 huiusmodi
1676 2502 1840 2542 emanatis,
1859 2501 1940 2534 aliis-

1205 2568 1265 2600 que
1301 2555 1564 2588 ordinationibus
1590 2560 1622 2587 ct
1647 2554 1939 2587 constitutionibus

1205 2609 1408 2654 apostoliciS,
1439 2620 1565 2642 necnon
1585 2609 1659 2641 dicti
1686 2607 1826 2648 Ordinis,
1846 2607 1941 2641 etiam

1923 235 1974 264 An.
1994 236 2025 264 C.
2046 233 2113 263 ¹672

1970 1294 2056 1315 Mandat
2066 1300 2127 1319 supe-

1945 1321 2035 1341 rioribus
2057 1321 2126 1340 nudul-

1945 1348 2009 1367 [arlos
2018 1347 2127 1367 declarare

1945 1374 2006 1393 dictis
2043 1373 2128 1394 indutus

1945 1406 1990 1420 essa
2006 1400 2105 1426 priuatus.

1968 2350 2079 2371 Obstantla
2089 2355 2132 2371 me—

1947 2380 2023 2398 murat.
