2279 3260
109 281 158 307 An.
179 280 207 306 C.
227 281 295 309 ⁴673
495 316 499 319 γ

301 331 433 364 maioris
452 331 556 375 partis
583 340 705 369 eorum,
730 334 784 362 aut
805 330 882 362 alias
905 340 1038 373 quomo-

302 384 437 424 dolibet,
458 394 513 417 seu
539 383 578 416 ab
604 383 674 416 aliis
697 382 864 425 quibusvis
886 383 1036 426 personis

301 437 405 470 dictae
418 436 636 469 universitatis
651 441 714 468 tarn
729 435 926 468 coniunctim
943 446 1036 478 quani

301 490 426 522 divisim
439 495 470 522 et
483 490 562 522 alias
577 489 884 532 quomodocumque
897 494 928 521 et
942 488 1038 531 quali·
1058 480 1061 514 ὖ

301 541 568 585 tercumquefieri
583 542 812 584 contingeret),
829 542 934 574 nullas
952 551 1039 584 pror-

302 605 355 627 sus
383 606 418 627 ac
442 595 562 635 irritas,
590 595 702 627 inanes
727 600 759 627 et
783 595 950 632 invalidas,
968 595 1039 626 nul-

302 647 428 690 liusque
453 647 581 680 roboris
608 653 638 679 et
662 647 832 686 momenti,
860 657 895 679 ac
918 646 1039 678 viribus

302 705 332 732 et
351 700 464 733 effectu
481 701 611 744 penitus
629 706 659 733 et
677 701 808 733 omnino
828 710 941 732 vacuas
959 700 1037 738 fore,

302 764 362 785 nec
387 754 536 796 cuiquam
564 754 704 793 titulum,
732 753 827 785 ctiam
848 753 1038 790 coloratum,

303 811 357 838 aut
381 806 571 848 possidendi
589 807 639 838 vel
658 805 824 838 detinendi
843 815 968 837 causam
993 805 1040 836 ul-

303 860 430 891 latenus
455 859 620 898 tribuere,

111 948 115 952 ,
149 920 229 950 omnia
245 921 292 940 acta
348 913 362 955 ἓ
388 912 418 944 5.
447 911 622 944 Citationes
649 921 794 953 qnoque,
829 910 1037 948 monitiones,

109 947 294 994 'h'llfffiir'ssaussss
306 964 465 1003 mandata,
484 964 626 1002 decreta,
645 973 828 1005 processus,
849 962 1038 1000 sententias,

110 1000 294 1019 ‹>·1uw¹·vator=luis

109 1026 516 1076 :iniit-:squgguffigcensurarum
543 1014 794 1052 fulminationes‚
827 1014 937 1046 auxilii
968 1013 1041 1045 bra-

111 1081 142 1107 ω
178 1078 294 1098 declarant
306 1068 370 1100 chii
389 1067 564 1100 saecularis
581 1067 810 1106 invocationes,
827 1071 858 1098 et
875 1072 943 1098 acta
960 1066 1042 1098 iudi-

109 1104 397 1155 L‘Jsslitinssuss'ssli'gjcialia
422 1125 453 1152 et
477 1118 733 1151 extraiudicialia
758 1128 990 1161 quaecumque,
1017 1118 1040 1150 si

305 1183 388 1216 quae
421 1183 437 1204 a
469 1171 749 1204 conservatoribus
780 1170 968 1213 p1·aedictiS‚
992 1172 1041 1203 vel

305 1226 375 1259 aliis
392 1224 553 1257 iudicibus
572 1224 838 1267 quibuscumque,
858 1233 912 1255 seu
930 1234 1041 1255 eorum

305 1278 423 1321 aliquo,
440 1278 478 1309 ad
505 1276 689 1309 instantiam
708 1287 832 1316 eorum,
855 1276 971 1318 quibus
988 1276 1042 1308 be-

304 1330 420 1364 neficia
444 1329 647 1368 huiusmodi,
674 1329 890 1372 suspensione
915 1329 1042 1372 praedi·
1062 1347 1066 1354 ι

304 1387 354 1416 cta
379 1384 525 1422 durante,
545 1383 583 1415 de
610 1383 693 1415 facto
714 1383 830 1415 collata
849 1388 967 1422 essent,
987 1393 1043 1414 seu

304 1437 383 1469 alias
405 1434 654 1478 quomodolibet
678 1446 738 1478 pro
764 1435 891 1467 tuendis
922 1445 977 1467 seu
1003 1435 1042 1467 ad

305 1488 452 1521 effectum
471 1488 671 1521 deducendis
690 1488 879 1520 huiusmodi
897 1488 1043 1520 collatio·
1067 1478 1071 1502 ³

304 1542 399 1575 nibus
426 1553 484 1574 seu
510 1542 754 1585 provisionibus
777 1542 859 1581 fieri,
886 1542 1041 1581 mandari,

306 1595 450 1635 decerni,
473 1594 632 1635 relaxari,
659 1595 735 1626 ferri
761 1596 811 1627 vel
837 1594 1043 1637 pronunciari

307 1648 521 1690 contingeret,
540 1658 611 1680 cum
630 1648 777 1680 omnibus
796 1653 827 1680 et
847 1648 982 1690 singulis
1000 1648 1046 1680 in-

307 1701 345 1733 de
373 1700 480 1732 forsan
506 1700 752 1743 quomodolibet
769 1700 938 1740 secuturis,
957 1701 1045 1732 nulla

306 1752 429 1795 pariter
454 1763 490 1784 ac
515 1752 665 1792 invalida,
691 1753 791 1792 irrita,
813 1753 922 1784 inania
943 1753 981 1785 de
1007 1753 1045 1784 fa-

307 1811 358 1837 cto
385 1810 594 1847 praesumpta
619 1815 655 1837 ac
680 1815 812 1847 prorsus
836 1810 990 1837 attentata
1015 1810 1045 1837 et

308 1858 423 1890 vitiosa
442 1859 524 1897 fore,
544 1858 773 1900 neminemque
795 1869 926 1901 prorsus
947 1864 1046 1891 arcta-

308 1921 343 1942 re
368 1911 418 1943 vel
444 1910 584 1950 afficere,
605 1910 659 1942 sed
678 1911 861 1943 nullatenus
879 1911 1046 1944 attenden-
1066 1913 1067 1924 ¹

933 281 1074 306 ermitztxs
1096 284 1112 306 X
1138 284 1184 307 r‘t‘.

311 1963 349 1995 da
375 1963 443 1996 fore
469 1969 501 1996 et
526 1974 616 2003 esse;

115 2056 127 2069 o
161 2024 299 2070 cona-gone&
354 2017 368 2059 g
393 2016 425 2049 6.
449 2016 663 2049 Collationem
681 2027 758 2049 vero
777 2017 918 2049 omnium
939 2022 967 2049 et
984 2017 1046 2049 sin-

115 2056 299 2096 cifiii‘ivininer‘ni21i>
312 2071 460 2112 gulorum
479 2069 713 2102 beneficiorum
739 2070 769 2102 in
788 2070 924 2109 civitate,
942 2071 1046 2113 patria

114 2103 247 2123 ebus-duciae
256 2109 299 2123 um-

115 2129 341 2156 versi'aticonces-et
367 2123 508 2156 dioecesi
539 2123 710 2156 Leodiensi
739 2124 915 2166 praedictis
941 2123 1047 2156 consi-

117 2155 465 2209 {ff.13¹1?l‘;¹5{‚³0¹222gremium
492 2177 690 2216 huiusmodi,
716 2188 796 2220 quae
822 2178 853 2209 in
880 2177 1046 2209 mensibus

117 2208 299 2227 muttumsanctae

114 2234 165 2254 δώ
176 2235 299 2254 reservavit
311 2235 509 2262 memoratae
531 2229 731 2262 universitati
757 2240 811 2262 seu
838 2229 979 2262 facultati
997 2240 1046 2261 ar-

312 2281 389 2313 tium
415 2287 450 2313 ut
481 2282 664 2324 praefertur
695 2283 882 2322 concessis,
908 2283 1044 2315 durante

311 2334 524 2376 suspensione
553 2335 744 2373 huiusmodi,
772 2341 930 2375 vacarent,
950 2336 987 2367 ad
1009 2345 1043 2367 se

309 2391 341 2417 et
365 2386 449 2418 hanc
469 2392 609 2418 sanctam
627 2387 742 2419 Sedem
759 2393 907 2430 spectare
926 2393 957 2420 et
973 2397 1046 2430 per-

310 2439 427 2477 tinere,
452 2450 511 2471 nec
530 2450 733 2482 quemquam,
752 2440 848 2473 etiam
866 2441 976 2484 vigore
992 2452 1046 2473 cu-

308 2491 498 2535 iuscumque
514 2492 629 2524 indulti
646 2493 684 2524 ab
699 2493 767 2535 ipso
781 2493 944 2526 Clemente
959 2504 1046 2537 prae-

309 2544 479 2577 decessore
517 2550 547 2576 et
585 2544 665 2577 Sede
703 2545 866 2587 praedicta
892 2547 1045 2583 concessi,

309 2597 449 2640 desuper
481 2598 654 2640 quidquam
688 2599 909 2640 praetendere,
935 2605 988 2632 aut
1014 2611 1046 2632 se

308 2649 526 2682 intromittere
551 2660 664 2693 posse;
698 2661 769 2682 cuni
806 2651 940 2685 diversis
976 2653 1046 2685 aliis

1708 276 1767 308 4:³11

1081 331 1230 371 decretis,
1248 331 1398 364 clausulis
1416 337 1443 363 ct
1465 331 1731 374 derogationibus
1753 344 1816 365 am-

1080 384 1242 427 plissimis,
1261 390 1288 417 et
1310 386 1399 425 alias,
1418 390 1515 428 prout
1533 386 1564 417 in
1583 386 1727 418 eiusdem
1746 386 1816 418 Cle-

1080 437 1196 469 mentis
1229 438 1492 480 praedecessoris
1526 438 1640 471 litteris
1671 439 1816 481 desuper

1081 490 1112 521 in
1138 490 1232 523 simili
1259 491 1359 522 forma
1384 491 1494 523 Brevis
1520 491 1571 523 die
1596 501 1653 523 xm
1679 496 1817 533 septem-

1081 532 1146 574 biis
1171 552 1307 575 tinetxix
1326 543 1492 585 expeditis,
1513 553 1646 586 quarum
1669 548 1815 575 tenorem

1082 596 1306 638 praesentibus
1339 607 1396 639 pro
1427 597 1523 639 plene
1559 602 1591 629 et
1621 596 1819 628 sufficienter

1082 657 1233 690 expresso
1260 658 1295 680 ac
1313 648 1351 680 de
1368 649 1468 680 verbo
1486 649 1524 680 ad
1542 648 1674 681 verbum
1694 648 1817 680 inserto

1082 700 1195 732 haberi
1221 702 1383 739 volumus,
1411 700 1543 733 uberius
1569 701 1765 733 continetur.

1125 752 1139 794 ἓ
1165 752 1194 784 7.
1222 752 1298 784 Cum
1328 758 1442 791 autem,
1463 753 1545 785 sicut
1569 764 1627 796 pro
1653 758 1744 796 parte
1770 753 1816 784 di-
1840 763 2012 793 ‚noeiaummr-

1082 806 1237 837 lectorum
1262 804 1399 837 liliorum
1424 806 1560 838 rectoris
1585 816 1621 837 ac
1644 791 2011 847 magistro-ii'iffiuqu-iissiffi'ss

1083 868 1163 897 rum,
1189 857 1359 889 doctorum
1393 863 1424 889 et
1454 857 1662 897 scholarium,
1689 868 1815 891 necnon
1827 844 2012 899 {Z.1;l¹.2151'‡'¹¹².1;¹-

1084 909 1195 941 decani
1222 920 1277 941 seu
1305 909 1499 949 vicedecani,
1519 911 1719 953 aliarumque
1745 896 2014 953 per-325l31?3‚.1'83.2'5'21

1083 972 1233 994 sonarum
1269 962 1508 1004 praedictarum
1537 963 1715 1005 respective
1747 949 2013 994 tini-fflfictiss53'22'1'1‘53

1084 1014 1240 1047 versitatis
1266 1020 1298 1047 et
1323 1015 1480 1046 facultatis
1507 1015 1623 1047 artium
1649 1015 1743 1048 nobis
1767 1000 2012 1048 ex-35¹1¹‚¹fs⁰ssi'-Z.-it¹.-¹i‘tl

1084 1069 1225 1111 positum
1258 1068 1333 1107 fuit,
1359 1068 1434 1110 ipsi,
1461 1069 1617 1112 praedicti
1647 1068 1818 1101 Clementis

1085 1121 1347 1165 praedecessoris
1365 1121 1482 1153 litteris
1502 1121 1670 1154 humiliter
1694 1121 1822 1164 acquie-

1085 1175 1215 1213 scendo,
1237 1185 1254 1206 a
1280 1174 1454 1206 collatione
1472 1173 1706 1206 beneficiorum
1730 1184 1823 1216 prae-

1086 1228 1252 1265 dictorum,
1290 1237 1381 1269 quae,
1409 1226 1622 1269 suspensione
1659 1227 1821 1269 pendente

1086 1277 1270 1309 huiusmodi
1297 1277 1442 1316 durante,
1470 1277 1502 1308 in
1527 1277 1691 1309 mensibus
1717 1277 1822 1309 dictae

1086 1331 1226 1363 facultati
1254 1330 1367 1362 artium
1396 1331 1477 1362 sicut
1503 1330 1721 1373 praemittitur
1747 1330 1823 1362 assi-

1086 1385 1190 1426 gnatis
1219 1388 1432 1423 vacaverunt,
1470 1389 1501 1416 et
1536 1394 1553 1415 a
1585 1383 1680 1415 nobis
1706 1383 1823 1415 collata

1086 1438 1224 1476 suerunt,
1246 1437 1470 1474 abstinuerint,
1497 1442 1528 1468 et
1552 1447 1568 1468 a
1594 1436 1767 1478 praedictis
1793 1446 1824 1466 a-

1087 1490 1175 1523 liisve
1201 1488 1364 1532 quibusvis
1390 1489 1543 1521 abusibus
1576 1488 1710 1521 omnino
1736 1498 1824 1520 rece-

1088 1543 1175 1581 dere,
1201 1553 1236 1574 ac
1273 1542 1393 1574 nostris
1431 1546 1462 1573 et
1494 1541 1701 1584 Apostolicae
1733 1540 1824 1573 Sedis

1087 1595 1254 1634 mandatis,
1287 1594 1369 1626 sicut
1394 1594 1526 1626 devotos
1551 1594 1713 1626 Ecclesiae
1741 1593 1823 1626 tilios

1087 1648 1295 1690 sincerosque
1321 1646 1411 1679 Sedis
1429 1646 1571 1679 eiusdem
1597 1647 1737 1679 cultores
1768 1646 1824 1679 de-

1088 1706 1146 1737 cet.
1173 1700 1205 1732 in
1230 1699 1377 1732 omnibus
1402 1704 1434 1731 et
1458 1710 1515 1742 per
1540 1698 1647 1732 onmia
1672 1704 1822 1742 prompto

1088 1754 1246 1796 obsequio
1265 1763 1388 1785 morem
1405 1762 1519 1794 gerere
1537 1752 1639 1795 parati
1658 1752 1721 1784 sint
1737 1779 1743 1791 ,
1764 1762 1824 1784 nec

1088 1806 1261 1849 quidquam
1279 1805 1516 1837 ardentioribus
1534 1804 1615 1837 votis
1635 1805 1822 1837 desiderent

1088 1869 1183 1901 quam
1201 1858 1304 1890 dictae
1323 1857 1414 1890 Sedis
1439 1857 1576 1899 gratiam
1595 1857 1746 1898 religiosa
1772 1858 1824 1889 ob-

1087 1910 1248 1943 servantia
1273 1910 1444 1949 demereri,
1469 1920 1505 1941 ac
1534 1910 1639 1952 palam
1674 1909 1824 1941 omnibus

1090 1964 1192 1996 facere
1219 1973 1253 1995 se
1279 1973 1295 1994 a
1331 1962 1440 2005 prisca
1473 1962 1575 1994 dictae
1607 1962 1824 1994 universitatis

1089 2018 1139 2057 (ex
1159 2027 1220 2059 qua
1241 2021 1284 2048 tot
1310 2015 1432 2057 egregii
1459 2014 1638 2047 catholicae
1659 2014 1735 2047 fidei
1752 2025 1825 2057 pro-

1088 2074 1284 2111 pugnatores
1323 2078 1360 2100 ac
1396 2068 1577 2100 divinorum
1618 2068 1822 2110 eloquiorum

1088 2126 1276 2153 tractatores
1318 2121 1437 2162 aliique
1478 2120 1623 2162 insignes
1662 2120 1695 2152 in
1735 2121 1823 2152 omni

1088 2173 1293 2206 scientiarum
1309 2183 1428 2215 genere
1442 2172 1502 2205 viri
1514 2172 1680 2215 prodiere)
1696 2172 1727 2204 in
1742 2183 1825 2204 eam-

1089 2227 1160 2259 dem
1187 2226 1301 2259 Sedem
1320 2226 1538 2269 Apostolicam
1558 2225 1630 2265 tide,
1652 2226 1823 2259 devotione

1089 2285 1120 2312 et
1152 2279 1333 2312 reverentia
1364 2278 1495 2310 minime
1526 2278 1719 2318 descivisse,
1759 2289 1822 2321 quo

1088 2343 1164 2365 vero
1194 2337 1280 2364 certa
1305 2341 1555 2374 congruensque
1580 2331 1612 2362 in
1638 2331 1823 2374 praemissis

1089 2396 1199 2418 norma
1224 2396 1241 2417 a
1272 2385 1421 2427 suprema
1452 2383 1613 2427 aequitate
1644 2386 1752 2417 nostra
1784 2395 1822 2417 eo

1089 2438 1237 2472 celeriori
1274 2442 1385 2481 posset
1414 2437 1597 2470 maturitate
1628 2438 1732 2477 statui,
1760 2449 1822 2481 quo

1089 2493 1127 2525 de
1149 2492 1318 2535 plerisque
1343 2501 1409 2524 non
1433 2491 1477 2523 ita
1493 2491 1579 2523 notis
1597 2490 1670 2524 sacti
1687 2491 1823 2524 circum-

1089 2545 1213 2577 stantiis
1230 2545 1331 2578 maior
1349 2544 1461 2578 notitia
1477 2544 1663 2584 haberetur,
1684 2544 1743 2588 ipsi
1769 2555 1822 2576 ex-

1089 2604 1249 2642 ponentes
1273 2599 1375 2631 multa
1398 2597 1492 2631 nobis
1510 2603 1573 2630 tam
1585 2597 1593 2613 ¹
1611 2608 1670 2641 per
1686 2598 1822 2642 scriptu-

1127 2663 1136 2687 1
1161 2661 1255 2695 Aptius
1269 2660 1328 2696 lege
1345 2664 1405 2688 tum
1419 2663 1450 2688 ut
1463 2660 1542 2697 paulo
1557 2663 1616 2696 post
1631 2660 1667 2696 (a.
1685 2661 1733 2698 T.).

1822 284 1869 308 An.
1888 283 1914 309 C.
1941 283 2006 310 ¹673
