2279 3260
251 273 303 299 An.
325 273 350 300 c.
374 274 440 301 {670
486 265 527 298 Μ

444 322 640 366 picturarum
679 334 735 356 seu
774 325 1010 367 sculpturarum
1047 334 1109 356 non
1146 333 1179 355 se

443 374 671 415 continuerint,
699 381 730 409 et
755 376 785 408 in
813 376 954 408 futurum
972 386 1035 408 non
1054 386 1086 407 se
1104 384 1179 406 con-

443 426 567 460 tineant
591 428 688 461 modo
721 433 752 460 et
782 428 879 460 forma
906 426 1112 470 praemissis,
1140 436 1178 458 co

442 490 517 512 casu
543 479 642 513 voluit
665 485 697 512 et
721 480 891 519 mandavit,
906 489 943 511 ae
960 479 1074 511 vultet
1091 488 1180 510 man-

443 533 499 565 dat
522 543 581 576 per
607 533 785 576 quemlibet
809 538 1081 574 transgressorem
1105 530 1180 572 (sal-

443 584 489 617 vis
515 585 593 617 taxis
618 584 784 617 collective
817 589 851 616 ut
884 594 980 626 supra
1008 582 1177 625 stabilitis)

443 637 523 670 solvi
559 643 650 669 scuta
681 647 736 669 sex
773 636 917 679 quolibet
947 645 1033 667 anno
1058 640 1090 668 ct
1120 645 1178 678 pro

443 689 587 733 qualibet
610 689 778 732 apotheca.

275 752 432 778 nannenopro
487 744 501 785 g
525 742 557 774 4.
585 741 653 779 Quo
679 751 754 773 vero
780 740 818 773 ad
844 740 934 780 alios,
955 750 1072 783 nempe
1098 739 1179 783 lapi-

248 777 541 835 22¹Rli';¹.31‚.fissssleidas,
568 794 786 832 ealceolariOS,
812 793 958 826 colorum
983 793 1177 833 venditores,

248 831 364 855 “mmm
379 834 419 852 ‘ie‘
443 847 697 886 barbitonsores,
719 850 856 885 sutores,
876 850 1080 885 stuecatores‚
1099 855 1179 878 onus

443 900 575 943 depingi
599 899 739 932 faciendi
764 898 797 931 in
822 909 855 931 se
881 898 1108 942 suscipientes,
1125 899 1180 932 mi-

443 953 583 986 niatores
609 958 640 985 et
663 952 742 985 alios
766 952 997 994 cuiuscumque
1016 951 1092 984 artis
1121 961 1178 984 seu

443 1005 662 1049 professionis,
673 1016 709 1037 ac
723 1005 854 1038 alterius
865 1005 1092 1048 cuiuscumque
1108 1015 1179 1038 con-

443 1058 574 1097 ditionis
599 1063 631 1090 et
655 1057 828 1100 qualitatis,
845 1057 1020 1100 apothecas
1041 1057 1180 1100 pictura-

443 1120 513 1143 rum
549 1121 604 1143 seu
629 1111 869 1153 sculpturarum
889 1109 1026 1142 cuiusvis
1052 1109 1179 1152 generis

442 1163 642 1202 retinentes,
667 1163 717 1194 vel
742 1162 813 1195 illas
839 1161 952 1205 quovis
987 1161 1051 1194 alio
1082 1162 1178 1194 modo

437 1211 572 1247 ¹venales
598 1220 805 1257 exponentes,
832 1224 888 1247 seu
914 1213 1010 1246 etiam
1030 1214 1178 1257 privatim

443 1268 634 1307 vendentes,
661 1267 808 1299 eamdem
840 1272 944 1299 taxam
977 1266 1178 1300 annuorum¹

442 1325 605 1352 scutorum
624 1320 735 1352 decem
753 1319 785 1351 in
805 1319 973 1363 praedicto
994 1320 1086 1352 Brevi
1107 1331 1179 1352 san-

442 1378 511 1404 ctae
538 1372 713 1404 memoriae
738 1371 859 1404 Urbani
884 1372 947 1404 VIII
972 1378 1177 1414 contentam,

443 1431 506 1458 tam
524 1436 582 1468 pro
604 1424 730 1457 annatis
752 1425 892 1458 decursis
911 1429 942 1458 et
962 1435 1027 1458 non
1050 1425 1175 1466 solutis,

442 1489 537 1520 quam
555 1478 586 1510 in
610 1478 752 1509 futurum
771 1477 992 1518 decurrendiS,
1007 1478 1134 1511 reduxit
1147 1483 1179 1510 et

440 1530 567 1563 reducit
590 1531 628 1563 ad
654 1541 762 1562 annua
783 1535 871 1563 scuta
887 1541 940 1563 sex
958 1541 1017 1574 pro
1037 1531 1180 1574 qnalibet

442 1583 612 1626 apotheca.
640 1583 685 1615 Ad
708 1594 802 1626 quam
824 1593 981 1616 summam
998 1594 1178 1616 annuorum

443 1641 607 1668 scutorum
632 1646 685 1668 sex
710 1640 860 1668 monetae
885 1636 924 1668 ad
950 1636 1084 1669 formam
1105 1646 1180 1669 con-

442 1699 556 1721 sensus
585 1688 848 1731 congregationis
885 1688 1042 1731 generalis
1074 1689 1179 1721 teneri

442 1740 542 1773 voluit
563 1745 596 1773 et
618 1741 812 1781 declaravit,
838 1752 874 1773 ac
893 1743 960 1774 vult
985 1747 1016 1774 et
1040 1741 1181 1774 declarat

443 1794 539 1827 etiam
564 1794 650 1837 ipsos
675 1794 875 1827 academicos
893 1794 924 1827 in
943 1795 1045 1828 nobili
1066 1796 1180 1828 acade-

443 1847 506 1880 mia
529 1847 698 1890 praedicta
723 1847 920 1890 descriptos,
947 1858 983 1880 ac
1009 1858 1180 1891 quoscum-

444 1910 506 1943 que
531 1900 611 1932 alios
643 1899 787 1932 eiusdem
823 1900 853 1933 S.
882 1900 985 1933 Lucae
1010 1901 1180 1934 archicon-

444 1952 637 1986 fraternitati
652 1952 896 1995 quomodolibet
910 1959 1113 1996 aggregatos,
1125 1955 1179 1997 qui

443 2006 621 2049 apothecas
645 2005 840 2048 picturarum
865 2007 914 2039 vel
945 2008 1181 2050 sculpturarum

443 2058 650 2098 retinuerint,
679 2058 728 2090 vel
753 2057 853 2090 dietas
869 2058 1009 2101 picturas
1028 2070 1082 2092 seu
1100 2061 1181 2092 scul-

444 2116 556 2154 pturas
580 2112 711 2144 venales
737 2112 952 2154 exposuerint,
978 2122 1014 2144 ac
1038 2112 1070 2144 in
1096 2113 1181 2145 futu-

445 2175 516 2197 rum
543 2163 723 2204 retineant,
751 2165 798 2197 vel
831 2165 902 2198 illas
938 2166 1048 2208 quovis
1084 2167 1181 2201 nlOdO

444 2218 573 2251 venales
607 2217 736 2261 publice
762 2223 933 2261 exponant,
960 2224 991 2251 et
1015 2219 1078 2259 ita⁷
1105 2226 1180 2261 etc.‚

444 2281 512 2303 non
536 2271 653 2311 solum,
681 2275 756 2311 etc.‚
777 2271 832 2303 sed
853 2276 884 2304 et
904 2271 1000 2312 omni,
1020 2278 1092 2312 etc.‚

490 2324 685 2357 Fffiuciscus
698 2323 785 2356 eard.
802 2323 1003 2357 Banssssnmcs
1018 2330 1168 2368 protect.;

249 2413 254 2430 '
277 2383 434 2429 *¹''¹‡¹.r.3¹.‘‡,‘2‘1⁰.2
489 2377 504 2420 ξ
540 2376 570 2409 5.
600 2376 678 2427 Itegn
705 2376 843 2419 qualiter
868 2376 918 2409 die
944 2387 974 2411 lv
999 2378 1179 2411 decembris

248 2418 433 2483 g's·':¹i=3»'='·2¹k··.;¹g¹*¹
446 2428 604 2463 iiucxxix⁹
623 2439 730 2462 coram
748 2429 862 2462 eodem
880 2430 1134 2464 eminentissimo
1151 2438 1181 2465 ct

445 2482 721 2515 irvercndissimo
748 2482 880 2515 domino
903 2483 1058 2516 cardinali
1083 2484 1181 2516 Fran-

446 2534 532 2567 ciseo
544 2534 720 2567 Barberino
736 2545 796 2577 pro
811 2535 987 2568 venerabili
1003 2536 1140 2569 ecclesia
1151 2542 1181 2569 et

251 2490 333 2510 nolunt.

483 2608 491 2632 i
516 2604 585 2631 Edit.
604 2604 681 2631 Maius
699 2604 763 2638 legit
777 2614 923 2632 armorum
939 2606 977 2637 (n.
994 2607 1043 2638 T.).

480 2649 497 2683 2
516 2649 617 2677 Forsan
640 2650 707 2677 1669
727 2658 774 2685 pro
797 2650 864 2677 1629
884 2650 1033 2686 legendum
1053 2651 1089 2686 (n.
1105 2651 1154 2686 T.).

1024 276 1122 299 numa
1128 276 1203 299 uu'M
1228 275 1377 300 nonium!

1961 277 2012 305 An.
2035 278 2064 304 C.
2085 277 2151 304 1575

1222 324 1383 355 academia
1396 322 1427 356 S.
1445 323 1548 356 Lucae
1567 324 1769 358 dominorum
1787 325 1955 368 pictorum,

1222 377 1418 419 sculptorum
1436 382 1467 409 et
1480 377 1726 410 architectorum
1748 377 1852 418 Urbis,
1870 377 1958 421 prin-

1222 427 1379 471 cipalibus
1396 434 1507 461 eontra
1536 429 1759 473 infrascriptos
1782 430 1957 462 exadverso

1222 481 1432 524 principales,
1458 481 1607 515 videlieet
1637 483 1786 515 dominos
1816 483 1958 515 Lauren-

1223 534 1301 566 tium
1314 533 1537 573 Castrucoium,
1553 534 1702 567 Ioannem
1718 535 1756 567 de
1771 536 1800 567 la
1817 534 1955 574 Riviera,

1222 585 1423 618 Vincentium
1449 585 1614 626 Felieium‚
1642 586 1815 629 Georgium
1840 587 1958 619 Peran-

1222 648 1306 678 num,
1332 638 1485 671 Ioannem
1509 638 1637 671 Petrum
1659 639 1849 679 Berrettam,
1867 639 1958 672 Pere-

1223 690 1350 733 grinum
1374 690 1510 730 Perium,
1535 691 1688 724 Ioannem
1712 692 1875 724 Andream
1895 691 1959 725 Ma-

1222 743 1375 785 gnesiam,
1402 743 1552 776 Carolum
1571 743 1704 783 Pratam,
1724 743 1856 777 Paulum
1872 743 1959 777 Plin-

1222 807 1370 836 cesnem,
1403 796 1566 839 Aloysium
1599 796 1762 839 Pileport,
1792 796 1958 829 Nicolaum

1222 849 1410 888 Patronum,
1435 849 1470 881 D.
1498 848 1664 881 Nicolaum
1689 847 1814 880 Gallum
1842 858 1959 891 procu-

1222 908 1363 934 ratorem
1388 901 1461 934 dicti
1488 901 1614 934 Ioannis
1631 900 1717 933 Petri
1735 900 1909 940 Berrettae‚
1928 905 1960 933 et

1222 955 1358 987 aliorum
1382 954 1446 987 litis
1464 953 1663 986 consortium
1681 953 1854 986 exadverso
1874 953 1960 996 prin-

1222 1007 1381 1050 cipalium,
1396 1006 1530 1049 Segnius
1551 1005 1744 1038 sanctissimi
1763 1005 1885 1038 domini
1903 1015 1960 1038 no-

1222 1060 1279 1092 stri
1304 1060 1406 1103 Papae
1432 1069 1545 1091 cursor
1577 1058 1688 1091 retulit
1717 1058 1749 1090 in
1774 1057 1901 1101 scriptis
1925 1069 1959 1091 se

1223 1113 1274 1146 die
1298 1123 1335 1146 111
1360 1112 1466 1152 huius,
1494 1111 1580 1144 domi
1606 1111 1738 1144 dimissa
1762 1111 1865 1154 copia,
1887 1121 1960 1143 eos-

1222 1166 1296 1198 dem
1321 1165 1436 1197 citasse
1461 1164 1500 1197 ad
1525 1164 1781 1207 comparendum
1798 1173 1905 1196 coram
1930 1173 1959 1196 e-

1222 1217 1461 1251 minentissimo
1498 1216 1629 1250 domino
1662 1216 1712 1249 die
1745 1216 1855 1248 martis
1887 1217 1959 1248 loco

1221 1271 1335 1304 solitae
1361 1270 1553 1309 audientiae,
1569 1274 1600 1302 et
1624 1269 1851 1302 deducendum
1869 1268 1961 1311 quid-

1223 1324 1299 1367 quid
1319 1324 1431 1356 volunt
1455 1328 1487 1355 et
1510 1327 1654 1365 possunt,
1673 1327 1705 1354 et
1721 1321 1961 1354 informandum

1221 1387 1350 1410 necnon
1374 1375 1548 1409 videndum
1584 1385 1644 1418 per
1668 1374 1959 1407 eminentissimum

1223 1430 1389 1463 dominum
1424 1428 1494 1461 fieri
1530 1428 1757 1471 quodcumque
1793 1427 1960 1459 decretum

1222 1481 1441 1515 necessarium
1460 1486 1491 1514 et
1511 1485 1744 1524 opportunum,
1765 1479 1960 1512 instantibus

1222 1534 1345 1567 eisdem
1361 1533 1608 1577 principalibus,
1627 1532 1702 1573 sive,
1715 1536 1775 1564 etc.
1792 1531 1960 1565 Relatione

1222 1587 1304 1620 facta
1329 1586 1511 1628 comparuit
1526 1585 1561 1617 D.
1582 1584 1771 1617 Franciscus
1796 1583 1960 1617 Cliiriacus

1222 1643 1416 1683 procurator
1450 1638 1712 1682 supradictarum
1743 1636 1898 1670 ecclesiae
1929 1641 1962 1670 et

1222 1691 1405 1724 academiae
1431 1687 1530 1723 sancti
1544 1691 1655 1731 Lucae,
1674 1695 1706 1723 et
1721 1689 1814 1733 petiit
1857 1695 1962 1722 utsu-

1223 1755 1291 1787 pra,
1311 1744 1408 1783 omni,
1435 1748 1498 1776 ete.
1518 1743 1560 1775 Ex
1580 1748 1657 1775 tunc
1682 1741 1959 1775 eminentissimus
1995 1756 2074 1785 ⁴sorum
2094 1755 2156 1776 reau-

1223 1802 1255 1830 et
1278 1795 1566 1830 reverendissimus
1602 1795 1752 1828 dominus
1777 1800 1881 1826 tax-arn
1905 1784 2022 1826 ain-⁰²¹⁰·

1223 1860 1361 1883 nuorum
1385 1854 1547 1882 scutorum
1573 1848 1683 1881 decem
1710 1847 1742 1879 in
1767 1846 1860 1879 Brevi
1889 1857 1963 1879 san·

1224 1908 1293 1936 ctae
1316 1902 1491 1935 memoriae
1506 1901 1627 1934 Urbani
1644 1901 1706 1933 vlu
1725 1901 1960 1941 demandatam,

1224 1961 1255 1989 et
1278 1956 1311 1989 in
1337 1956 1468 1988 decreto
1492 1965 1551 1997 per
1576 1953 1785 1986 eminentiam
1805 1963 1897 1985 suam
1918 1954 1963 1986 fa-

1224 2015 1274 2042 cto
1307 2009 1364 2041 sub
1390 2008 1441 2041 die
1466 2018 1511 2041 vn
1537 2007 1678 2040 octobris
1704 2006 1842 2049 proximi
1867 2017 1946 2050 prae

1225 2062 1310 2095 teriti
1341 2062 1374 2094 in
1402 2062 1465 2094 vim
1500 2060 1736 2094 commissionis
1766 2059 1961 2093 sanctissimi

1224 2126 1261 2148 ex
1286 2115 1384 2158 plena
1407 2114 1575 2156 signatura
1599 2113 1720 2155 gratiae
1741 2112 1801 2145 sibi
1820 2112 1961 2145 directae

1224 2168 1385 2201 redactam
1410 2167 1448 2199 ad
1473 2177 1579 2198 annua
1603 2171 1695 2199 scuta
1722 2176 1777 2198 sex
1810 2171 1872 2198 tam
1901 2176 1960 2209 pro

1225 2220 1349 2253 annatis
1364 2218 1518 2259 decursis,
1533 2229 1628 2261 quam
1643 2218 1674 2251 in
1690 2218 1832 2250 futurum
1851 2219 1960 2251 decur-

1224 2272 1347 2312 rendis,
1375 2272 1482 2315 quoad
1506 2271 1646 2314 pictores
1662 2298 1669 2312 ,
1696 2281 1753 2304 seu
1778 2271 1857 2304 alios
1881 2271 1961 2314 legi-

1225 2326 1300 2359 time
1325 2324 1510 2358 academiae
1545 2324 1576 2357 S.
1604 2324 1708 2357 Lucae
1741 2330 1934 2367 aggregatos
1952 2351 1959 2365 ,

1225 2378 1278 2422 qni
1303 2378 1476 2421 apothecas
1513 2378 1752 2420 sculpturarum
1777 2388 1835 2410 scu
1859 2378 1962 2421 pictu-

1225 2442 1332 2465 rarum
1356 2431 1562 2463 retinuerunt
1593 2436 1624 2463 et
1655 2431 1798 2463 retinent
1821 2441 1880 2474 pro
1906 2442 1962 2464 an-

1225 2484 1307 2517 natis
1331 2484 1474 2517 decursis
1507 2490 1539 2517 et
1570 2495 1636 2516 non
1661 2485 1793 2525 solutis,
1820 2490 1961 2517 tantum-

1225 2538 1322 2571 modo
1347 2537 1474 2570 reduxit
1497 2542 1529 2570 et
1553 2537 1680 2571 reducit
1699 2538 1737 2570 ad
1766 2538 1860 2571 iulios
1886 2549 1962 2581 qua-

1224 2595 1296 2623 tuor
1320 2600 1393 2622 cum
1420 2590 1554 2623 dimidio
1579 2600 1637 2633 pro
1663 2590 1811 2633 quolibet
1828 2595 1860 2623 et
1883 2601 1958 2633 qua-

1224 2643 1305 2676 libet
1335 2643 1505 2687 apotheca,
1533 2649 1565 2676 et
1589 2644 1751 2677 concessit
1773 2644 1958 2682 facultatem
