2279 3260
156 268 207 294 An.
222 267 252 293 C.
276 266 340 292 1671

350 313 475 346 centius
492 311 658 344 Ferrerius
675 311 707 342 in
725 309 851 342 Cbristo
869 312 999 339 renatus
1021 307 1086 338 fue-

349 371 406 405 rat,
423 365 601 407 baptizatus
616 364 682 403 fuit,
694 362 900 400 utSanctum,
920 359 969 393 cui
984 359 1086 391 Ludo-

348 419 437 451 vicus
454 417 574 450 carnali
590 415 742 459 prosapia
760 415 887 446 iunctus
905 416 982 452 crat,
1002 423 1085 444 com-

348 470 437 503 muni
457 470 552 502 etiam
571 467 826 510 regenerationis
845 464 1085 510 propinquitate

349 523 534 565 attingeret.
562 521 668 553 Infans
694 531 711 552 a
742 519 952 563 parentibus,
982 517 1086 550 cidem

351 580 461 607 sancto
475 573 643 606 Vincentio
666 573 746 605 mire
762 572 897 611 devotis,
913 571 964 614 pie
987 571 1088 603 lione-

352 634 464 670 steque
481 627 634 659 educatus
653 635 781 658 necnon
798 624 927 668 optimis
944 622 1087 655 moribus

352 680 394 711 ita
409 679 547 711 imbutus
566 677 636 719 fuit,
652 683 686 710 ut
707 687 814 720 neque
839 676 871 709 in
897 676 953 708 illa
976 675 1090 707 tenera

351 737 455 765 aetate
481 730 642 764 defuerint
665 735 855 773 argumenta
873 730 1000 761 futurae
1018 737 1089 759 san-

351 782 493 822 ctitatis3
519 780 676 824 vagientis
701 779 787 813 enim
812 789 848 812 ac
871 777 1027 822 plorantis
1050 777 1090 808 la-

352 844 478 878 crymae
503 834 592 866 nulla
617 843 650 865 re
670 832 738 865 sisti
762 831 880 864 certius
905 827 1087 873 poterant¹,
1110 834 1111 846 ¹

353 897 449 930 quam
474 886 666 919 Sanctorum
696 884 891 927 imaginibus
918 883 986 915 eius
1017 892 1090 914 con-

352 939 479 983 spectui
494 939 621 977 oblatis,
636 948 772 981 quarum
786 937 824 969 ad
840 936 989 969 intuitum
1003 934 1090 968 domi

354 998 385 1025 et
404 993 437 1024 in
463 992 586 1035 templo
612 991 745 1023 mirifice
771 990 941 1032 gestiebat.

398 1046 412 1088 ξ
436 1045 468 1078 3.
496 1045 669 1078 Crescente
702 1048 823 1083 aetate,
849 1042 947 1075 crevit
970 1041 1092 1085 pariter

354 1098 506 1131 virtutum
532 1108 623 1130 amor
647 1102 677 1130 et
702 1107 778 1138 erga
802 1106 853 1128 res
878 1095 1000 1128 divinas
1022 1104 1092 1137 pro-

354 1162 414 1184 nus
439 1150 582 1183 affectus.
611 1150 666 1182 vix
696 1148 856 1192 pucritiae
892 1147 991 1180 limen
1021 1147 1092 1179 atti-

354 1209 467 1246 gerat,
493 1203 623 1246 quando
651 1207 780 1235 notatus
811 1201 867 1233 fuit
903 1201 1019 1233 crebro
1051 1200 1091 1232 ad

353 1256 562 1290 solitudinem
595 1255 733 1288 cubiculi
769 1265 838 1287 sese
864 1254 1030 1296 recipere,
1057 1257 1093 1285 ut

353 1310 540 1353 geniculans
569 1309 715 1352 prolixae
754 1307 893 1340 orationi
925 1307 1093 1339 incumbe-

354 1368 417 1395 ret.
457 1362 525 1395 lllic
556 1362 728 1394 Dominum
763 1361 795 1392 in
832 1371 865 1393 se
906 1361 1093 1403 loquentem

352 1415 503 1455 audiens,
522 1414 639 1447 suimet
664 1412 1011 1457 corpusculirobustus
1036 1412 1093 1444 do-

354 1467 450 1500 mitor
471 1467 589 1507 evasit;
610 1466 684 1506 illic,
702 1467 810 1509 spreta
827 1465 956 1497 delicati
975 1464 1092 1497 cubilis

354 1519 503 1560 mollitie,
531 1525 584 1552 aut
608 1520 706 1551 humo
737 1523 792 1550 aut
824 1518 904 1550 duro
937 1517 969 1549 111
1004 1515 1092 1559 ligno

354 1573 518 1606 modicum
535 1583 685 1605 somnum
703 1571 861 1614 capiebat3
882 1571 946 1603 illic
964 1570 1093 1603 ieiuniis

354 1625 516 1668 victuique
542 1625 734 1668 parcissimo
760 1634 876 1667 corpus
908 1634 1093 1656 assuescere

354 1679 476 1719 docuit,
503 1689 540 1711 ac
564 1678 660 1710 variis
686 1676 906 1721 poenitentiae
926 1677 1094 1709 austerita-

355 1731 441 1764 tibus
467 1736 642 1764 extenuare
668 1731 785 1774 coepit.
806 1730 926 1763 Exinde
945 1731 1094 1773 frequen-

355 1785 452 1818 tando
467 1785 631 1827 gymnasio
659 1790 690 1817 et
713 1785 891 1817 litterarum
909 1784 1022 1816 studiis
1041 1784 1094 1816 ad-

354 1836 472 1877 dictus,
489 1848 554 1870 non
572 1837 679 1869 minus
694 1849 788 1881 prava
806 1837 979 1877 consortia,
992 1848 1093 1879 nugas

358 1895 454 1933 atque
480 1889 675 1929 illecebras,
702 1901 797 1933 quam
829 1890 885 1922 otii
911 1891 1093 1923 laxamenta

355 1943 443 1975 velut
467 1943 625 1976 bonarum
652 1943 767 1975 artium
791 1943 961 1985 aerugines
981 1949 1011 1976 et
1032 1943 1093 1975 vir-

356 1996 458 2028 tutum
482 2001 591 2039 pestes
616 1995 799 2029 cautissima
818 1996 989 2029 sedulitate
1012 1996 1093 2039 iugi-

358 2054 407 2081 ter
427 2048 567 2081 evitavit.

206 2115 267 2144 mm
284 2116 345 2133 aa„v
401 2101 415 2145 ᾗ
439 2101 470 2134 4.
498 2101 532 2134 Ι11
557 2101 760 2144 simplicitate
786 2101 894 2134 cordis
921 2102 969 2134 sui
995 2112 1094 2145 quae-

164 2142 432 2188 L‘l'ssltfll.f⁰“'''“sivit
455 2154 628 2187 Dominum
654 2160 686 2187 et
709 2154 832 2187 invenit
856 2154 968 2194 illum·,
996 2155 1027 2187 in
1046 2166 1095 2187 ec-

360 2207 466 2241 clesiis
493 2208 579 2241 enim
605 2213 637 2241 et
668 2208 805 2241 maxime
838 2208 967 2241 Ordinis
1000 2209 1094 2242 Prac-

359 2261 541 2294 dicatorum
566 2261 757 2304 saepissime
784 2261 921 2294 orationi
954 2273 1069 2295 vacans
1085 2290 1092 2303 ,

358 2314 559 2354 morabatur3
585 2314 683 2346 sacris
708 2314 804 2347 etiam
829 2314 1024 2347 lectionibus
1051 2315 1097 2348 di-

357 2366 504 2410 vinisque
541 2366 713 2410 colloquiis
747 2373 890 2400 mentem
919 2368 1068 2401 reficiens
1087 2395 1094 2408 ,

357 2419 479 2453 invenit
503 2430 602 2463 quem
624 2419 778 2462 diligebat
795 2420 900 2453 anima
917 2421 1007 2461 eius;
1027 2433 1097 2454 san-

357 2473 520 2506 ctissimae
537 2473 759 2506 Eucharistiae
785 2474 960 2516 frequenti,
980 2474 1095 2507 humili

358 2531 391 2559 et
414 2526 539 2559 occulta
564 2525 752 2569 sumptione
777 2526 967 2568 delectatus,
983 2527 1016 2560 in
1041 2527 1096 2560 Dei

359 2590 398 2612 ac
423 2579 560 2621 proximi
579 2589 721 2612 amorem
740 2585 824 2612 totus
843 2581 978 2621 exarsit‘,
1002 2592 1098 2614 xeno-

187 1064 242 1083 Pom
253 1061 343 1082 orauoni

160 1096 186 1110 ac
208 1089 343 1113 ivuewtentiis

161 1117 270 1136 incumbit.

398 2642 409 2668 1
431 2640 502 2667 Edit.
524 2639 602 2666 Main.
624 2640 689 2675 legit
704 2644 820 2675 poterat
838 2642 877 2675 (R.
893 2642 942 2677 T.).

451 2694 529 2722 Ball.
552 2695 634 2722 Rom.
678 2695 736 2722 Vol.
757 2695 863 2722 XVIII.
1024 2696 1073 2723 28.

976 259 1057 283 CLEVl
1064 258 1118 282 ENS
1140 259 1159 282 X
1184 258 1231 281 PP.

1127 304 1243 338 tlocliia
1269 307 1383 347 magna
1408 305 1564 337 charitate
1582 306 1724 345 visitans,
1743 317 1863 348 paupe-

1127 357 1216 389 ribus
1243 359 1309 390 tota
1329 357 1427 389 animi
1454 357 1503 389 sui
1537 358 1733 390 demissione
1765 358 1863 390 inser-

1129 411 1246 443 viebat.

1172 464 1186 505 g
1211 463 1242 496 5.
1270 463 1307 496 Ut
1332 463 1457 496 Domini
1491 463 1661 495 consilium
1694 464 1732 495 ‹le
1766 463 1865 495 relin-

1124 515 1267 558 quendis
1293 516 1409 555 domo,
1437 516 1587 548 fratribus
1614 521 1645 547 et
1677 516 1865 557 parentibus

1129 569 1304 611 perfectius
1319 569 1479 613 impleret,
1495 568 1594 601 eremi
1610 568 1770 601 desiderio
1786 570 1866 600 clam

1131 623 1227 655 domo
1253 623 1393 665 aufugit,
1421 623 1477 655 scd
1503 622 1650 664 specioso
1676 621 1803 664 pietatis
1831 621 1867 653 11-

1132 676 1200 708 11110
1224 681 1402 715 revocatus,
1419 676 1579 718 aliamque
1606 674 1729 707 fallacis
1746 675 1867 707 sacculi

1132 728 1240 770 fugam
1265 728 1459 771 auspicatus,
1487 728 1592 771 primo
1618 728 1801 760 clericalem
1819 728 1870 760 ad-

1110 807 1111 818 ,
1132 780 1218 813 misit
1243 781 1401 821 habitum,
1418 792 1491 814 mox
1517 792 1607 821 vero,
1628 792 1692 813 non
1718 781 1787 813 sine
1804 792 1870 813 ma-

1110 822 1111 830 *
1133 835 1195 875 gna
1219 844 1289 865 cum
1315 834 1502 866 domesticis
1517 835 1610 873 lucta,
1628 833 1740 866 Ordini
1761 833 1791 866 S.
1815 834 1870 866 Ito-

1133 885 1241 917 minici
1267 896 1384 918 nomeu
1411 886 1500 918 dedit
1521 885 1553 918 in
1568 891 1727 918 conventu
1747 886 1871 918 Praedi-

1133 943 1278 971 catorum
1302 939 1482 978 Valentino,
1511 944 1542 972 et
1566 939 1733 981 religionis
1760 939 1870 972 babitu

1133 996 1296 1034 suscepto,
1315 993 1481 1034 praeclara
1500 992 1602 1024 sancti
1624 992 1780 1024 Vincentii
1798 993 1872 1025 Fer-

1133 1043 1209 1075 rerii
1234 1042 1377 1076 eiusdem
1402 1043 1540 1076 familiae
1571 1044 1774 1077 celeberrimi
1803 1046 1872 1077 alu-

1133 1096 1199 1129 mni
1228 1097 1365 1139 vestigia
1396 1096 1456 1129 sibi
1487 1097 1652 1139 sequenda
1685 1098 1870 1141 proposuit.

1134 1150 1208 1183 Eius
1235 1151 1382 1193 exemplo
1407 1150 1440 1182 in
1465 1150 1610 1182 omnium
1643 1150 1798 1183 virtutum
1823 1162 1874 1193 ge-

1135 1213 1212 1235 nere
1243 1202 1436 1245 proficiens‚
1464 1203 1620 1246 genitoris
1654 1205 1804 1246 querelas
1842 1209 1874 1237 et

1134 1255 1307 1288 blanditias
1340 1255 1459 1289 invicto
1496 1255 1601 1289 animo
1627 1257 1815 1299 superavit,
1843 1263 1875 1295 et

1135 1308 1276 1340 tirocinii
1295 1319 1380 1341 anno
1401 1309 1531 1351 expleto
1557 1309 1603 1351 (in
1626 1319 1690 1351 quo
1712 1310 1872 1351 regularis

1134 1361 1268 1394 militiae
1283 1363 1431 1404 preclara
1449 1362 1536 1394 dedit
1553 1361 1698 1404 indicia),
1716 1363 1874 1395 solemnia

1134 1414 1306 1457 religiosae
1331 1415 1544 1457 professionis
1562 1420 1633 1448 vota
1652 1415 1765 1455 emisit,
1784 1422 1874 1458 post-

1136 1478 1232 1511 quam
1257 1467 1364 1500 multis
1389 1468 1582 1510 magnisque
1600 1468 1754 1500 virtutum
1772 1468 1873 1502 incre-

1134 1520 1251 1552 mentis
1275 1521 1380 1561 vitam,
1398 1532 1499 1564 quam¹
1511 1521 1550 1554 ad
1569 1531 1642 1554 eum
1664 1532 1768 1564 usque
1786 1521 1872 1554 diem

1135 1573 1374 1616 integerrimam
1398 1579 1521 1616 egerat,
1546 1574 1728 1607 cumulavit.
1756 1575 1871 1607 Sacros

1136 1626 1267 1659 ordines
1291 1632 1425 1669 peracto
1462 1626 1617 1659 novitiatu
1647 1627 1813 1671 suscepit,
1841 1633 1873 1660 et

1136 1679 1176 1711 ad
1201 1689 1326 1712 sacrum
1362 1681 1600 1722 presbyteratus
1626 1680 1771 1712 ordinem
1797 1691 1871 1723 pro-

1135 1736 1254 1771 motus,
1279 1733 1378 1774 paulo
1404 1737 1477 1775 post
1502 1732 1696 1765 novitiorum
1720 1732 1872 1775 magister

1136 1795 1209 1818 raro
1253 1786 1401 1828 exemplo
1435 1786 1588 1828 eligitur;
1628 1786 1714 1828 quod
1755 1797 1872 1818 munus

1135 1848 1205 1870 cum
1237 1837 1387 1881 pluribus
1421 1837 1513 1870 anuis
1538 1840 1655 1880 magna
1680 1848 1751 1870 cum
1776 1838 1871 1870 laude

1136 1890 1358 1930 exercuisset,
1383 1891 1522 1923 vicarius
1555 1896 1731 1923 conventus
1756 1890 1794 1922 de
1821 1892 1873 1923 Al-

1135 1943 1254 1986 bayda,
1282 1943 1400 1977 deinde
1434 1944 1524 1986 prior
1555 1944 1586 1976 S.
1614 1943 1796 1987 Honuplirii
1815 1944 1874 1976 fuit

1135 1997 1322 2039 designatus
1348 1997 1477 2030 demum
1508 1997 1683 2030 conventui
1707 1997 1872 2029 Vale-ntiae

1136 2051 1286 2094 praefuit,
1303 2051 1335 2083 in
1356 2051 1473 2094 quibus
1492 2051 1609 2084 ceteris
1636 2050 1786 2083 fratribus
1809 2062 1872 2083 non

1136 2110 1198 2137 tam
1223 2104 1435 2148 praelatione,
1452 2115 1548 2147 quam
1578 2103 1693 2136 virtute
1718 2109 1750 2137 et
1773 2114 1874 2137 exem-

1137 2159 1191 2200 plo
1212 2167 1339 2200 seraper
1356 2157 1502 2200 praeivit.

1181 2211 1196 2253 ξ
1220 2210 1251 2242 6.
1273 2210 1358 2243 Inter
1375 2215 1492 2249 cetera,
1511 2209 1626 2253 quibus
1643 2211 1683 2242 ad
1704 2210 1873 2243 sublimem

1137 2262 1348 2305 perfectionis
1374 2263 1508 2304 gradum
1534 2262 1691 2306 pervenit,
1718 2273 1875 2295 summum

1138 2316 1196 2347 fuit
1220 2315 1358 2348 orationi
1386 2316 1520 2348 mentali
1556 2326 1614 2359 per
1638 2321 1777 2358 quatuor
1801 2315 1877 2348 inte-

1139 2379 1209 2410 gras
1235 2369 1333 2401 horas
1359 2368 1502 2412 quotidie
1528 2379 1640 2401 vacare
1658 2395 1665 2408 ,
1689 2368 1875 2401 Dominicae

1116 2421 1117 2442 l
1140 2421 1300 2454 Passionis
1324 2421 1476 2465 mysteria
1499 2431 1615 2463 magno
1652 2432 1722 2453 cum
1746 2421 1876 2453 fervore

1116 2446 1171 2521 let
1208 2475 1325 2508 mentis
1360 2475 1462 2507 iubilo
1496 2475 1684 2507 recolendo.
1712 2474 1768 2506 His
1805 2479 1878 2516 post

1117 2523 1119 2563 !
1139 2527 1310 2561 meridiem
1321 2527 1580 2571 contemplandis
1594 2526 1800 2560 Beatissimae
1814 2526 1876 2557 Yir-

1117 2566 1119 2628 l
1141 2581 1223 2625 ginis
1249 2581 1374 2623 gaudiis
1401 2580 1567 2613 dimidiam
1591 2580 1705 2612 horam
1722 2578 1872 2610 addebat.

1118 2629 1120 2679 Ἰ
1141 2635 1205 2668 Sub
1232 2633 1282 2665 his
1309 2633 1499 2666 caelestium
1525 2631 1773 2665 illustrationum
1794 2641 1877 2662 com-

1876 454 1883 466 Γ

1875 481 1901 493 ,111

1876 506 1899 518 rvi

1884 527 1897 545 1.

1761 249 1823 282 917
1872 258 1917 284 An.
1937 256 1965 283 c.
1987 256 2051 282 1071

1895 421 1962 441 tir-emi
1974 420 2056 441 ‹lende-

1887 454 1897 467 11
1921 449 1937 467 «Ἰ
1995 448 2056 467 dumo

2017 483 2019 485 .
2038 482 2057 489 t.

2000 533 2052 546 irum

1878 553 2058 576 ingredimini-vlu·

1879 579 2060 600 ciantihusdume·

1878 609 1945 627 §liets-

1922 2163 2001 2188 Spuri-n
2019 2169 2069 2182 ora-

1885 2192 1947 2210 tionis
1962 2190 2041 2211 cliuus.
