2279 3260
153 261 203 289 An.
220 261 250 289 C.
273 263 335 290 ¹671

181 1216 256 1236 Omnes
270 1215 336 1241 hypo—

153 1243 227 1263 thecas
248 1248 335 1267 praeee-

153 1258 456 1291 dentestranssevtthecas
482 1268 595 1290 omnes
624 1263 656 1290 et
690 1257 833 1299 singulas
864 1258 1033 1300 praefatas,
1058 1256 1083 1288 si

154 1296 173 1315 in
185 1295 226 1314 alia
240 1295 294 1314 bona
305 1294 335 1314 di-

153 1323 234 1342 erorum
256 1321 281 1342 aa
299 1321 334 1342 ur·
347 1322 429 1354 quae
455 1310 528 1351 sint,
544 1311 584 1343 ad
610 1310 759 1344 effectum
783 1311 974 1353 praefatum,
999 1310 1084 1342 dicto

153 1347 212 1368 sinis.

179 2477 277 2498 Decernit
291 2477 341 2497 dieti

160 2504 235 2525 Montis
245 2520 249 2527 ,

159 2531 250 2550 obnoxia
291 2524 507 2567 militiisque
533 2525 611 2565 loca,
626 2531 775 2569 respectu
800 2527 903 2568 dotis,
929 2529 1090 2561 fruetuum

159 2562 205 2577 esse
214 2556 342 2577 reductioni-

295 2505 342 2524 loca

975 262 1116 286 CLEMENS
1137 263 1157 286 X
1181 263 1228 286 Pr.

346 321 521 354 eorumque
552 310 704 344 membris
736 316 767 344 et
801 310 933 351 iuribus,
959 321 1019 343 nec
1048 310 1080 342 in

344 364 542 407 proprietate
577 374 637 396 nec
668 365 700 395 in
726 363 883 396 fructibus
915 368 947 396 et
977 363 1082 395 reddi-

343 416 427 448 tibus
453 415 558 449 eidem
582 415 678 448 Monti
704 416 884 458 assignatis,
902 416 951 449 vel
970 420 1082 447 contra

344 479 457 501 eorum
475 468 704 508 conductores,
728 468 931 507 affictuarios,
946 467 1081 500 admini-

345 525 499 553 stratores
525 525 556 553 et
574 520 748 553 'debitores
766 530 853 552 nunc
877 526 907 553 ct
931 530 991 563 pro
1010 525 1081 551 tcm-

345 582 425 615 pore
440 572 623 612 existentes,
641 583 699 615 pro
718 572 801 604 dicta
826 574 948 604 summa
965 582 1001 604 ac
1021 582 1081 614 pro

347 625 507 658 solutione
533 625 690 658 fructuum
720 629 751 658 et
768 625 964 658 extinctione
981 629 1016 656 ut
1031 635 1083 656 su-

345 689 403 721 pra
434 679 615 722 assignata,
644 679 772 712 easdem
804 678 1020 720 obligationes
1053 681 1084 708 et

344 731 544 774 hypothecas
567 742 733 764 exercere:
753 742 812 764 nec
837 731 1007 769 actionem,
1028 739 1082 761 seu

344 784 499 817 iudicium
532 785 661 827 aliquod
694 785 879 823 intentare,
909 783 1081 826 minusque

345 837 522 880 superillis
547 837 727 876 montistas,
747 836 971 879 depositarios,
991 835 1084 867 alios-

346 901 408 933 que
434 890 597 933 praefatos
622 891 796 922 molestare
821 890 871 921 vel
904 888 1080 931 impedire,

344 943 405 975 nisi
432 943 512 975 facta
538 942 673 975 aliorum
689 942 848 974 bonorum
866 941 1027 973 dictorum
1044 940 1082 972 de

344 994 482 1034 Ursinis,
504 1004 679 1036 eorumque
706 998 872 1026 auctorum
889 993 935 1025 eis
961 992 1084 1034 obliga-

346 1052 452 1079 torum
467 1046 670 1087 excussione,
690 1052 729 1086 et,
746 1051 904 1089 quatenus
921 1045 982 1078 alia
998 1045 1083 1077 bona

344 1110 402 1142 pro
427 1099 539 1132 eorum
565 1098 762 1132 creditorum
782 1098 997 1131 satisfactione
1017 1108 1083 1130 non

345 1151 515 1184 sufficiant.

390 1205 404 1247 ἓ
428 1204 481 1237 16.
509 1203 571 1237 Nos
596 1204 683 1237 enim
704 1204 920 1246 obligationes
943 1209 975 1236 et
987 1204 1084 1249 hypo-

346 1364 452 1397 Monte
478 1364 627 1403 durante,
648 1367 679 1395 et
704 1363 809 1396 donec
833 1368 969 1406 sequuta
989 1362 1086 1395 fuerit

347 1417 588 1460 praedictorum
608 1416 789 1456 satisfactio,
805 1416 1040 1460 suspendimus,
1056 1421 1087 1448 et

348 1469 381 1501 in
401 1469 463 1502 alia
480 1479 702 1512 quaecumque
719 1469 877 1502 dictorum
894 1470 932 1502 de
948 1469 1084 1509 Ursinis,

350 1533 527 1566 eorumque
553 1528 728 1562 auctorum,
747 1528 820 1563 etc„
845 1523 938 1563 bona,
956 1527 1018 1555 tam
1043 1522 1087 1554 al-

350 1576 481 1609 lodialia
506 1586 604 1618 quam
637 1575 927 1615 iurisdictionalia,
953 1575 1024 1607 iura
1056 1580 1087 1607 et

350 1628 511 1668 introitus,
544 1629 658 1661 eodem
679 1628 783 1661 Monte
810 1629 962 1669 durante,
991 1628 1086 1660 modo

351 1687 382 1713 et
399 1681 501 1713 forma
517 1680 715 1723 praemissis,
737 1681 775 1713 ad
797 1680 944 1713 effectum
962 1681 1088 1724 praefa-

350 1736 426 1773 tum,
445 1732 688 1775 praedictorum
713 1732 859 1765 omnium
884 1737 1016 1766 tenores
1037 1733 1089 1765 hic

350 1796 410 1828 pro
429 1785 592 1828 expressis
613 1785 785 1818 etinsertis
802 1785 970 1825 habentes,
990 1790 1089 1818 trans-

350 1836 483 1870 ferimus
519 1842 551 1870 et
587 1839 739 1871 translata
771 1848 840 1870 esse
872 1838 1087 1878 declaramus,

350 1901 422 1922 cum
448 1890 511 1922 hoc
536 1891 623 1933 quod
644 1901 757 1923 omnes
774 1891 939 1934 praefatae
964 1892 1090 1924 clausu-

350 1943 401 1975 lae
429 1948 460 1975 et
486 1943 654 1975 facultates
687 1954 816 1986 semper
840 1949 1034 1976 censeantur
1058 1949 1090 1976 et

352 1995 416 2027 sint
440 1995 610 2038 appositae
635 1996 674 2028 ad
699 1996 858 2028 maiorem
884 1996 1089 2029 securitatem

351 2053 383 2080 et
411 2049 571 2080 cautelam
607 2048 767 2081 dictorum
803 2049 1025 2081 montistarum
1059 2055 1090 2081 et

351 2100 540 2143 depositarii
566 2101 813 2143 quomodolibet
830 2103 1036 2142 resultantes,
1058 2107 1090 2135 et

351 2163 425 2185 cum
450 2153 599 2186 facultate
617 2164 748 2197 semper
763 2154 918 2195 variandi,
935 2155 1013 2187 itaut
1025 2157 1090 2187 una

350 2206 399 2238 via
424 2207 527 2239 electa
551 2217 617 2239 non
643 2207 883 2250 praeiudicetur
907 2208 1087 2247 montistis,

352 2258 557 2302 depositariis
589 2264 620 2291 et
645 2259 715 2291 aliis
739 2260 911 2303 praefatis,
938 2260 1015 2303 quin
1049 2261 1088 2293 ad

352 2311 427 2344 alia¹
454 2312 562 2344 redire
588 2312 720 2354 possint,
735 2313 791 2346 sed
813 2313 910 2346 simul
935 2319 965 2346 et
990 2315 1089 2346 semel

351 2368 414 2398 tam
440 2365 636 2398 coniunctim
673 2376 768 2408 quam
800 2366 926 2399 divisim
958 2366 1021 2399 illis
1044 2367 1088 2400 uti

353 2423 386 2451 et
410 2418 549 2461 experiri
574 2419 711 2452 valeant.

397 2471 411 2514 ᾖ
438 2471 491 2503 17.
511 2471 728 2505 Decernentes
745 2472 885 2506 Montem
902 2474 1088 2508 huiusmodi

353 2582 385 2610 et
409 2578 709 2620 emolumentorum,
728 2580 929 2625 aliarumque
948 2582 1091 2626 assigna-

389 2641 400 2667 1
424 2639 515 2667 Potius
535 2640 594 2675 lege
614 2642 702 2669 aliam
722 2642 759 2677 (R,
776 2643 825 2677 τ.).

1759 254 1824 284 ‘zob
1870 258 1922 285 An.
1938 257 1968 285 C.
1987 257 2051 285 167¹

1124 310 1247 343 tionum
1272 309 1501 352 praefatarum,
1528 309 1625 341 nullis
1651 308 1783 341 omnino
1809 318 1860 340 re-

1124 362 1328 395 ductionibus
1348 389 1356 403 ,
1390 361 1658 395 diminutionibus
1689 366 1741 393 aut
1771 370 1860 393 men-

1124 415 1205 447 sium
1231 425 1286 447 seu
1321 419 1536 447 mensatarum
1559 412 1803 452 retentionibus,
1829 417 1861 445 et

1125 468 1378 511 quibuscumque
1397 467 1467 499 aliis
1486 466 1656 499 contrariis
1674 465 1861 508 dispositio-

1113 520 1227 560 ,nibus,
1244 520 1338 552 etiam
1360 524 1526 563 praetextu
1549 519 1688 551 enormis
1713 523 1744 550 et
1767 527 1861 550 enor-

1124 572 1285 605 missimae
1301 572 1468 611 laesionis,
1487 571 1632 613 urgentis
1649 569 1860 610 necessitatis,

1124 634 1180 656 seu
1206 624 1299 657 etiam
1322 624 1479 658 evidentis
1497 623 1656 663 utilitatis,
1681 627 1710 655 et
1732 633 1766 655 ex
1786 632 1862 665 qua-

1124 676 1170 708 vis
1196 677 1257 709 alia
1282 677 1409 719 cognita
1436 677 1486 709 vel
1504 675 1668 717 incognita
1685 675 1781 708 etiam
1806 686 1862 708 ne-

1126 729 1266 763 cessario
1281 730 1491 773 exprimenda
1506 731 1610 769 causa,
1625 730 1673 762 vel
1691 729 1769 761 alias
1783 739 1863 771 quo-

1126 782 1307 815 modolibet
1342 782 1483 814 obnoxia
1507 782 1574 814 fore
1600 787 1632 814 et
1656 792 1734 822 esse,
1759 781 1863 814 firma-

1126 845 1187 877 que
1212 840 1244 867 et
1267 835 1370 868 valida
1391 845 1523 878 semper
1548 836 1742 879 persistere,
1766 840 1798 868 et
1823 835 1861 867 ab

1126 886 1189 919 illis
1222 887 1289 920 fore
1314 898 1445 930 semper
1478 893 1613 931 excepta
1638 894 1668 920 et
1692 892 1860 931 exempta,

1126 951 1185 972 nec
1204 940 1305 972 dictos
1323 941 1362 973 de
1384 940 1515 980 Ursinis,
1538 941 1705 984 minusque
1732 941 1863 983 quosvis

1127 993 1202 1026 dicti
1226 993 1342 1026 Montis
1366 993 1491 1026 futuros
1512 994 1690 1027 creditores
1708 1005 1744 1026 ac
1765 995 1864 1037 depo-.

1126 1046 1272 1086 sitarios,
1293 1046 1489 1089 illorumque
1516 1046 1675 1079 haeredes
1695 1052 1727 1080 et
1744 1058 1864 1080 sueces-

1127 1109 1216 1131 sores
1241 1108 1483 1141 quoscumque,
1510 1109 1566 1131 seu
1599 1098 1646 1131 ius
1680 1104 1712 1131 et
1736 1110 1863 1132 causam

1127 1151 1165 1183 ab
1191 1151 1235 1184 eis
1261 1151 1507 1194 quomodolibet
1535 1151 1693 1185 habentes
1719 1157 1750 1185 et
1774 1152 1866 1185 habi-

1128 1208 1216 1236 turos
1242 1214 1340 1247 super
1365 1203 1553 1246 praedictis,
1575 1214 1631 1236 seu
1655 1203 1786 1237 illorum
1811 1205 1866 1237 ali·

1129 1267 1202 1298 quo,
1218 1267 1348 1299 quoquo
1366 1256 1463 1288 modo
1482 1256 1663 1297 molestari,
1680 1257 1865 1299 perturbari

1129 1310 1178 1341 vel
1202 1309 1366 1352 impediri.

1172 1362 1187 1405 ἓ
1212 1360 1265 1394 18.
1299 1362 1336 1394 Et
1366 1361 1520 1405 insuper,
1552 1362 1697 1394 volentes
1727 1362 1867 1395 Montem
1887 1373 2062 1403 indnigoiuiom-

1128 1415 1328 1458 praedictum
1352 1415 1549 1458 specialibus
1574 1415 1734 1448 favoribus
1752 1421 1783 1448 et
1800 1426 1870 1458 gra·
1879 1403 2064 1452 {Eliffifisspssssl'ssl

1130 1467 1181 1500 tiis
1200 1468 1367 1509 decorare,
1390 1473 1491 1509 motu,
1509 1467 1642 1501 scientia
1663 1474 1694 1501 et
1710 1474 1869 1512 potestate
1879 1458 1969 1509 ᾜέῗῗξ
1992 1460 2063 1499 h?.'.¹'u'¹,'.

1130 1520 1287 1553 similibus
1312 1525 1471 1564 perpetuo
1496 1520 1664 1553 statuimus
1685 1526 1717 1554 et
1741 1505 1958 1558 ordina-3¹0⁰&
1975 1505 2063 1557 9235&ss

1131 1583 1200 1605 mus
1228 1573 1316 1616 quod
1333 1573 1529 1617 quicumque
1548 1573 1643 1606 etiam
1661 1573 1733 1606 laici
1753 1574 1869 1606 utrius-

1132 1636 1194 1669 que
1219 1637 1312 1659 sexus
1338 1636 1374 1659 ac
1399 1626 1581 1669 presbyteri
1610 1632 1641 1659 et
1666 1627 1719 1659 alii
1745 1626 1867 1667 clerici,

1132 1689 1261 1712 necnon
1286 1679 1497 1712 ecclesiastici
1530 1684 1562 1712 et
1591 1679 1644 1712 alii
1674 1679 1868 1722 quicumque

1132 1731 1278 1775 praefati,
1294 1731 1390 1764 etiam
1414 1731 1445 1764 S.
1466 1732 1503 1764 R.
1527 1731 1561 1764 E.
1589 1731 1789 1772 cardinales,
1817 1736 1870 1764 aut

1133 1785 1232 1818 ceteri
1253 1785 1483 1828 cuiuscumque
1503 1784 1677 1827 dignitatis,
1700 1784 1817 1827 gradus
1837 1790 1869 1818 et

1133 1837 1327 1871 conditionis
1359 1837 1531 1870 saecularis
1545 1842 1577 1870 et
1591 1848 1868 1881 quorumcumque

1133 1890 1300 1931 Ordinum,
1323 1890 1420 1923 etiam
1437 1890 1471 1922 in
1489 1890 1664 1930 communi,
1682 1890 1870 1923 mendican-

1134 1943 1212 1975 tium
1245 1948 1277 1975 et
1307 1942 1517 1975 militantium
1552 1944 1601 1975 vel
1634 1942 1869 1985 hospitantium

1132 1997 1306 2039 regulares,
1333 2001 1388 2029 aut
1402 1996 1493 2029 ·aliae
1518 2007 1739 2040 quaecumque
1756 2007 1870 2039 perso—

1132 2060 1193 2082 nae
1218 2049 1355 2082 cuiusvis
1385 2049 1522 2092 generis,
1542 2050 1639 2082 etiam
1669 2049 1812 2082 minores
1837 2055 1870 2082 et

1133 2101 1260 2145 pupilli,
1285 2112 1321 2134 ac
1346 2102 1442 2134 etiam
1466 2101 1577 2145 spurii,
1604 2101 1789 2144 illegitimi,
1816 2107 1870 2134 aut

1133 2155 1211 2187 alias
1236 2155 1485 2198 quomodolibet
1508 2154 1670 2187 inhabiles
1693 2160 1724 2187 et
1741 2155 1870 2197 incapa-

1133 2218 1194 2247 ces,
1214 2218 1341 2240 necnon
1361 2207 1613 2248 communitates,
1632 2207 1869 2247 universitates,

1133 2260 1301 2300 ecclesiae,
1329 2261 1507 2303 cappellae,
1527 2260 1672 2303 collegia,
1699 2270 1871 2303 congrega-

1133 2312 1247 2353 tiones,
1275 2318 1463 2352 conventus,
1483 2313 1661 2353 societates,
1684 2313 1867 2356 hospitalia,

1134 2372 1164 2398 et
1181 2366 1244 2398 alia
1261 2366 1392 2409 quaevis
1413 2371 1476 2398 tam
1500 2367 1635 2409 profana
1652 2377 1748 2409 quam
1768 2366 1821 2409 pia
1839 2371 1871 2398 et

1134 2419 1286 2462 religiosa
1310 2420 1388 2460 loca,
1408 2425 1470 2452 tam
1494 2420 1579 2452 intus
1596 2431 1691 2463 quam
1718 2425 1807 2452 extra
1824 2419 1871 2451 iu-

1133 2473 1356 2505 risdictionem
1391 2479 1536 2505 nostram
1572 2473 1802 2515 temporalem,
1835 2482 1870 2504 ac

1134 2525 1231 2559 etiam
1256 2536 1458 2569 quacumque
1475 2525 1585 2557 mundi
1604 2531 1693 2568 parte
1712 2535 1770 2567 pro
1790 2530 1870 2556 tem-

1134 2590 1212 2622 pore
1239 2578 1409 2611 existentia
1437 2577 1648 2620 (infidelibus
1685 2582 1792 2609 tamen
1816 2588 1869 2609 ex-

1135 2633 1264 2678 ceptis),
1282 2633 1497 2668 nihilominus
1512 2632 1544 2666 in
1558 2631 1662 2665 Monte
1682 2631 1868 2665 huiusmodi
