2279 3260
126 255 177 283 An.
191 253 222 282 G.
245 254 313 281 ¹676

945 249 1088 274 mimum
1111 250 1128 273 X
1153 250 1200 273 1³1³.

318 301 455 335 rationis
479 302 546 335 sive
578 299 832 345 dispensationis
864 297 1051 331 lmiusmodi

320 355 464 398 potuerit
477 359 509 387 et
522 354 626 397 possit
649 352 851 394 adstringere
869 350 1054 395 provincias

320 408 360 440 ad
384 406 526 449 capitula
550 407 590 439 de
611 405 817 449 sesquiennio
839 404 871 436 in
889 403 1054 446 sesquien-

320 459 418 498 nium,
433 459 567 491 sublatis
580 457 890 501 congregationibus
904 457 1055 489 interme-

321 512 394 552 diis,
407 511 611 551 celebranda,
623 516 719 554 prout
736 509 899 543 communi
914 509 1055 552 ipsarum

321 563 563 607 provinciarum
588 564 676 597 bono
692 563 793 606 magis
808 562 960 606 expedire
978 561 1056 593 iudi-

321 616 454 649 caverit:
474 616 569 649 nobis
594 621 770 660 propterea
794 616 978 658 Stephanus
1001 613 1057 646 mi-

320 669 424 702 nister
447 669 609 712 generalis
635 675 667 702 et
691 670 918 702 Bonaventura
942 677 1058 711 procu-

320 727 408 755 rator
433 722 594 765 generalis
618 722 757 766 praefati
790 721 957 754 humiliter
981 731 1058 763 sup-

320 775 434 819 plicari
458 775 619 816 fecerunt,
639 781 673 808 ut
690 775 722 807 in
738 774 925 818 praemissis
942 783 1059 816 oppor-

321 833 398 861 tune
414 828 586 871 providere
604 828 644 861 de
661 827 862 869 benignitate
878 825 1059 869 apostoliea

1095 297 1282 340 generalem
1300 297 1443 340 potuisse
1462 302 1493 329 et
1511 308 1607 339 poss-0.
1627 306 1742 338 rogere
1766 308 1834 326 ‹ns-‹-

1096 351 1167 383 dem
1192 350 1374 392 provincias
1401 350 1439 382 ad
1465 350 1606 392 capitula
1626 348 1833 392 provincialia

1097 404 1136 436 de
1162 402 1354 446 sesquianno
1380 402 1411 434 in
1437 402 1681 445 sesquianmmi,
1700 401 1834 433 sublatis

1097 456 1404 499 congregationibus
1430 455 1645 494 intermediis,
1671 456 1834 487 celebrau-

1098 510 1147 551 da,
1163 516 1260 553 prout
1273 510 1451 543 secundum
1467 510 1573 542 datam
1590 508 1650 541 sibi
1666 519 1683 540 a
1700 507 1835 540 Domino

1098 563 1318 607 prudentiam,
1349 563 1388 595 ad
1414 561 1673 595 conservandum
1706 570 1836 603 promo-

1098 616 1303 659 vendumque
1328 615 1361 648 in
1386 615 1463 658 ipsis
1481 613 1655 658 provinciis
1680 613 1836 655 regularis

1099 668 1322 702 observantiae
1347 667 1521 711 rigorem¹,
1543 666 1782 709 tollendosque,
1811 665 1836 697 si

1100 721 1153 764 qui
1178 721 1373 764 irrepserint
1396 720 1525 760 abusus,
1551 719 1704 763 expedire
1726 718 1756 751 in
1778 718 1838 751 Do-

1099 774 1186 807 mino
1203 773 1405 806 iudicaverit.

1730 236 1793 269 600
1840 246 1887 272 An.
1905 244 1934 270 e.
1955 243 2025 270 1676

1143 827 1158 869 ξ
1186 826 1217 859 5.
1248 827 1464 859 Decernentes
1496 826 1628 859 easdem
1648 829 1839 869 praesentes
1861 833 1990 870 ,nanuum
2006 832 2033 852 ir-

1101 880 1226 913 litteras
1250 890 1381 922 semper
1404 880 1522 919 firmas,
1549 879 1670 912 validas
1688 884 1717 910 et
1735 862 1923 910 ess‘iea-‘¹¹'¹¹'⁵'

1102 943 1155 966 ces
1173 933 1311 965 existere
1337 937 1369 964 et
1393 932 1461 964 sore
1476 958 1483 971 ,
1508 941 1651 974 suosque
1677 930 1841 973 plenarios

322 881 546 924 dignaremur.

131 949 313 997 d·s¹,’1⁰⁰¹³¹{²²i⁰
367 933 439 976 §4
465 933 530 966 Nos
563 933 682 975 igitur,
716 942 776 974 pro
812 931 970 974 peculiari
1002 940 1059 963 no-

146 982 182 997 tc!
212 981 285 997 ecrssl.

323 991 393 1019 stro
423 986 457 1019 in
485 985 637 1018 Ordinem
670 984 871 1027 praedictum
903 989 1059 1026 paternae

323 1039 489 1073 charitatis
515 1037 639 1076 affectu,
666 1047 797 1070 omnem
814 1037 846 1068 in
871 1036 1060 1079 praemissis

323 1092 522 1126 dubietatem
538 1117 545 1130 ,
580 1101 621 1123 ne
644 1090 761 1122 exinde
797 1089 950 1131 religiosa
975 1095 1061 1122 tran-

322 1143 465 1187 quillitas
490 1143 710 1186 perturbetur,
738 1142 867 1182 tollere,
889 1142 1062 1175 dictorum-

322 1207 384 1240 que
406 1196 562 1239 Stephani
587 1195 729 1228 ministri
764 1195 927 1237 generalis
952 1201 984 1228 et
1007 1195 1062 1228 sso-

322 1254 520 1282 naventurae
546 1248 768 1292 procuratoris
794 1249 955 1290 generalis
979 1249 1062 1281 votis

323 1301 543 1334 favorabiliter
560 1310 703 1333 annuere
720 1301 878 1340 volentes,
900 1306 932 1334 et
948 1312 1062 1334 eorum

324 1354 503 1397 singulares
534 1363 690 1397 personas
716 1364 733 1386 a
753 1354 919 1397 quibusvis
938 1365 1062 1388 excom-

324 1407 567 1446 municationis,
593 1407 818 1450 suspensionis
839 1414 870 1440 et
889 1407 1063 1448 interdicti,

325 1459 462 1503 aliisque
493 1459 723 1493 ecclesiasticis
748 1460 926 1500 sententiis,
952 1471 1066 1493 censu-

325 1512 372 1545 ris
403 1517 435 1545 et
466 1512 591 1555 poenis,
628 1523 646 1545 a
676 1512 747 1545 iure
772 1513 820 1545 vel
848 1514 888 1546 ab
919 1513 1063 1555 homine,

326 1565 438 1608 quavis
463 1565 632 1598 occasione
657 1566 706 1598 vel
731 1567 825 1598 causa
840 1565 928 1607 latis,
950 1567 976 1599 si
995 1567 1065 1609 qui-

326 1619 386 1652 bus
423 1618 669 1661 quomodolibet
702 1618 878 1652 innodatae
912 1619 1064 1660 existunt,

327 1672 368 1704 ad
393 1670 542 1704 effectum
567 1671 786 1714 praesentium
808 1672 973 1705 dumtaxat
989 1683 1066 1705 con-

327 1723 539 1768 sequendum,
562 1724 679 1756 harum
704 1724 789 1756 serie
813 1725 1018 1758 absolventes
1035 1731 1066 1758 et

327 1777 492 1810 absolutas
509 1776 580 1809 sore
594 1782 777 1817 ceiisenteS‚
788 1777 976 1811 huiusmodi
991 1789 1066 1821 sup-

327 1828 558 1873 plicationibus
589 1829 746 1869 inclinati,
765 1830 957 1863 auctoritate
987 1842 1066 1874 apo-

327 1881 451 1922 stolica,
473 1885 587 1914 tenore
607 1881 842 1924 praesentium,
867 1883 1065 1917 declaramus

327 1934 443 1968 mentis
453 1932 684 1967 etintentionis
698 1939 827 1968 nostrae
839 1935 937 1969 fuisse
948 1941 980 1969 et
994 1948 1064 1970 esse

326 1999 386 2032 per
414 1988 674 2021 moderationem
706 1998 765 2021 seu
788 1988 1066 2032 dispensationem

327 2051 425 2085 supra
443 2051 637 2084 expressam,
660 2051 758 2084 quam
782 2041 875 2075 iustis
895 2053 932 2075 ex
958 2044 1065 2076 causis

328 2094 471 2127 animum
499 2099 647 2127 nostrum
671 2095 876 2128 moventibus
901 2107 960 2139 pro
985 2107 1066 2130 com-

328 2147 441 2181 muni¹
476 2147 574 2181 totius
618 2147 746 2181 Ordinis
786 2149 945 2192 praedicti
979 2150 1065 2184 bono

328 2201 560 2241 concessimus,
579 2200 730 2234 ministro
748 2202 895 2244 generali
920 2203 1066 2236 eiusdem

328 2254 458 2287 Ordinis
483 2255 664 2288 concedere
685 2255 872 2289 facultatem
893 2257 1066 2291 ordinandi

327 2307 469 2350 capitula
491 2307 743 2350 sesquiannalia,
770 2309 906 2342 sublatis
931 2320 1067 2354 congre-

328 2359 510 2404 gationibus
544 2360 755 2403 intermediis,
787 2364 967 2397 secundum
1001 2365 1067 2398 exi-

328 2413 472 2457 gentiam
510 2413 768 2456 provinciarum;
814 2417 913 2449 talem
956 2423 1066 2451 autem

1102 990 1135 1018 et
1160 986 1306 1027 integros
1332 984 1463 1017 effectus
1488 984 1598 1017 sortiri
1624 989 1655 1017 et
1679 984 1840 1023 obtinere,

1103 1048 1139 1071 ac
1163 1039 1202 1071 ab
1226 1038 1300 1077 illis,
1320 1038 1360 1070 ad
1377 1048 1459 1081 quos
1478 1043 1604 1080 spectat
1628 1043 1659 1070 et
1675 1048 1734 1081 pro
1765 1042 1841 1070 tem-

1103 1101 1182 1134 pore
1206 1090 1373 1134 spectabit,
1399 1090 1630 1123 inviolabiliter
1654 1090 1839 1130 observari,

1104 1144 1216 1188 sicque
1249 1143 1281 1176 in
1306 1143 1490 1186 praemissis
1523 1154 1582 1186 per
1614 1154 1842 1186 quoscumque

1103 1197 1228 1230 iudices
1259 1196 1445 1229 ordinarios
1471 1201 1504 1229 et
1535 1196 1712 1238 delegatos,
1743 1195 1841 1228 etiam

1104 1259 1277 1283 causarum
1306 1248 1420 1292 palatii
1454 1248 1627 1292 apostolici
1652 1248 1842 1288 auditores,

1104 1302 1243 1335 iudicari
1268 1307 1301 1335 et
1333 1301 1463 1335 definiri
1489 1302 1630 1343 debere,
1656 1312 1693 1334 ac
1712 1300 1843 1333 irritum

1106 1361 1139 1389 et
1170 1355 1267 1388 inane
1301 1355 1327 1387 si
1360 1365 1455 1387 secus
1498 1365 1600 1398 super
1639 1354 1689 1387 his
1720 1364 1737 1386 a
1762 1363 1844 1396 quo-

1106 1418 1213 1451 quam,
1239 1407 1353 1450 quavis
1387 1407 1602 1447 auctoritate,
1626 1406 1772 1439 scienter
1793 1407 1843 1439 vel

1106 1462 1307 1504 ignoranter,
1334 1460 1513 1503 contigerit
1536 1460 1703 1493 attentari.

1150 1514 1165 1556 g
1188 1513 1218 1546 5.
1245 1513 1314 1545 Non
1338 1513 1542 1546 obstantibus
1574 1512 1781 1556 praemissis,
1809 1522 1845 1544 ac

1107 1565 1392 1599 constitutionibus
1413 1570 1445 1598 et
1472 1565 1733 1598 ordinationibus
1754 1575 1845 1607 apos-

1108 1619 1222 1659 tolicis,
1246 1629 1385 1659 necnon,
1403 1623 1562 1662 quatenus
1582 1629 1664 1661 opus
1691 1618 1742 1658 sit,
1769 1617 1845 1650 dicti

1107 1672 1235 1706 Ordinis
1271 1671 1405 1715 eiusque
1442 1671 1705 1715 provinciarum,
1750 1671 1847 1703 etiam

1108 1727 1297 1765 iuramento,
1316 1724 1563 1758 confirmatione
1588 1724 1775 1768 apostolica,
1797 1725 1846 1757 vel

1107 1779 1218 1822 quavis
1248 1778 1397 1811 firmitate
1427 1778 1489 1811 alia
1512 1778 1683 1818 roboratis,
1717 1777 1846 1810 statutis

1108 1837 1139 1865 et
1171 1831 1469 1870 consuetudinibus,
1502 1830 1682 1873 privilegiis
1705 1841 1846 1873 quoque,

1107 1885 1239 1918 indultis
1264 1889 1295 1917 et
1319 1884 1434 1917 litteris
1455 1883 1641 1927 apostolicis
1661 1883 1694 1915 in
1719 1888 1848 1916 eontra-

1107 1938 1190 1970 rium
1214 1937 1471 1981 praemissorum
1496 1936 1745 1979 quomodolibet
1771 1946 1848 1968 eou-

1108 1991 1220 2031 cessis,
1244 1988 1440 2023 confirmatis
1472 1994 1504 2021 et
1527 1988 1699 2028 innovatis,
1732 1988 1848 2031 quibus

1108 2043 1256 2076 omnibus
1268 2047 1299 2076 et
1312 2042 1455 2085 singulis,
1470 2042 1603 2074 illorum
1616 2046 1745 2073 tenores
1760 2051 1848 2083 prae-

1108 2097 1252 2130 sentibus
1277 2106 1337 2139 pro
1368 2096 1467 2139 plene
1502 2099 1535 2128 et
1566 2094 1765 2127 sufficienter
1796 2104 1848 2126 ex-

1107 2149 1231 2193 pressis
1246 2149 1414 2188 habentes,
1433 2147 1497 2180 illis
1514 2147 1592 2180 alias
1605 2147 1638 2179 in
1652 2157 1710 2179 suo
1730 2147 1847 2179 robore

1108 2202 1340 2246 permansuris,
1358 2202 1398 2235 ad
1416 2201 1669 2245 praemissorum
1688 2200 1845 2240 effectum,

1925 1521 2005 1541 [lerona
2011 1522 2039 1541 tio

1856 1549 2015 1569 contrariorum.

1110 2257 1170 2289 hac
1183 2257 1252 2289 vice
1267 2255 1437 2294 dumtaxat,
1454 2253 1639 2297 specialiter
1653 2258 1684 2285 et
1697 2263 1846 2296 expresse
1891 2251 1900 2259 ’

1109 2311 1317 2353 derogamus3
1353 2307 1538 2351 ceterisque
1571 2307 1743 2340 contrariis
1778 2306 1847 2349 qui-

1108 2365 1321 2405 buscumque.

1152 2416 1167 2459 ᾖ
1198 2415 1229 2447 7.
1265 2414 1418 2447 Volumus
1449 2418 1556 2446 autem
1586 2418 1622 2445 ut
1656 2413 1845 2445 earumdem
1891 2419 2041 2450 'rx-{mmmmm

328 2466 525 2509 exigentiam
550 2466 698 2500 debuisse
716 2473 748 2501 et
767 2468 887 2502 debere
912 2469 1066 2503 determi-
1108 2468 1330 2512 praesentium
1353 2467 1535 2500 litterarum
1553 2466 1772 2508 transumptis,
1791 2476 1847 2498 seu

325 2519 398 2552 nari
422 2520 462 2552 ab
486 2519 603 2552 eodem
634 2519 782 2554 ministro
813 2522 967 2564 generali,
1001 2533 1065 2555 non

327 2577 435 2605 autem
459 2583 477 2604 a
493 2571 680 2615 provinciis,
703 2583 739 2605 ac
757 2572 863 2616 ipsum
879 2575 1065 2608 ministrum

362 2634 375 2660 1
397 2632 464 2660 Male
483 2633 547 2660 edit.
569 2633 647 2660 Μαίη.
668 2634 735 2668 legit
753 2637 914 2665 communis
932 2638 971 2673 (R.
988 2639 1038 2673 Τ.).

404 2687 483 2716 Ball.
506 2688 588 2716 Rom.
610 2704 642 2709 —-
666 2689 725 2717 Vol.
746 2690 852 2718 XVIII.
893 2722 904 2733 Δ
997 2693 1029 2719 77

1108 2521 1278 2565 exemplis,
1300 2520 1398 2553 etiam
1413 2519 1582 2563 impressis
1598 2547 1605 2560 ,
1628 2530 1724 2552 manu
1748 2519 1848 2552 alicu-

1108 2576 1158 2608 ius
1185 2574 1304 2608 notarii
1343 2573 1464 2617 publici
1500 2573 1712 2615 subscriptis,
1744 2578 1776 2605 ct
1805 2572 1847 2605 si-

1146 2639 1157 2665 1
1179 2636 1281 2665 Forsan
1300 2636 1445 2673 legendum
1463 2636 1592 2671 vigsorem
1612 2636 1649 2671 (n.
1666 2634 1715 2670 Τ.).

1855 2452 1900 2467 rum
1915 2446 1976 2467 tides.
