2279 3260
157 229 210 256 An.
231 228 259 256 C.
279 228 347 257 1676

188 2137 230 2164 32.
253 2137 283 2158 De
304 2137 344 2158 ho—

161 2167 222 2185 nesta
237 2164 344 2193 religioso·

162 2197 206 2211 rum
230 2192 344 2211 recreatio-

981 227 1121 250 exiturus
1144 228 1162 250 Χ
1187 227 1234 250 ΡΡ.

1759 220 1816 253 6:31

349 277 463 310 fratres
496 283 657 321 tamquam
682 276 747 309 veri
778 275 895 308 Christi
934 274 1081 317 discipuli
1103 278 1105 295 ⁵
1127 280 1198 317 post
1223 275 1416 308 dominicam
1444 277 1755 320 Quinquagesimae,
1781 283 1861 310 atta-

349 330 512 373 patienter
538 330 651 363 ferant.
676 329 833 368 Attamen,
860 328 883 359 si
911 327 1082 359 necessitas

349 383 577 426 postulaverit,
606 381 773 414 humiliter
797 381 885 424 ipsos
910 384 1081 417 moneant,

350 435 436 478 quod
463 435 489 467 si
515 435 621 467 adhuc
645 444 711 466 non
736 433 961 471 subvenerint,
989 432 1084 463 liccat.

349 488 395 520 eis
419 487 609 531 provinciali
623 486 830 523 denunciare,
849 485 902 528 qui
922 485 1082 528 su‘aelatos

350 542 514 575 convictos
539 540 665 584 puniat.

393 605 428 628 11.
455 594 571 627 Omnes
596 594 634 626 ad
659 592 869 626 refectorium
892 591 929 623 ad
947 590 1083 634 primam

350 658 492 681 mensam
518 646 737 685 conveniant,
773 645 804 677 in
844 645 901 677 illo
938 642 1084 675 mantilia

351 711 413 733 non
440 700 515 739 sint,
540 700 598 732 sed
624 709 680 742 pro
699 697 836 740 singulis
855 696 1007 728 fratribus
1025 694 1084 726 sin-

350 754 443 796 gulae
461 762 574 796 parvae
593 761 742 794 mappam
765 749 902 793 patinae,
918 748 1082 785 scutellae,

350 811 493 849 paterae,
511 811 543 838 et
566 805 696 843 similia,
723 804 795 836 alba
828 812 893 835 non
918 801 994 841 siut,
1021 799 1083 832 nisi

352 864 475 891 tantum
493 869 551 902 pro
577 857 723 890 infirmis.

396 924 441 946 111.
469 912 559 945 Omni
586 917 732 954 tempore
758 909 790 942 in
816 908 993 952 quantitate
1022 905 1083 938 cibi

352 970 497 999 servetur
522 964 739 1002 uniformitas,
765 972 825 994 nec
857 960 1004 1004 superior
1028 969 1083 991 un-

351 1029 446 1062 quam
470 1017 681 1050 variationem
700 1015 805 1058 quoad
824 1015 886 1047 hoc
910 1012 1084 1056 permittat,

351 1070 492 1113 exceptis
517 1069 642 1112 magnis
664 1067 899 1104 festivitatibus,
919 1066 951 1098 in
972 1065 1086 1108 quibus

351 1121 622 1161 extraordinaria,
649 1125 746 1164 prout
769 1120 868 1153 moris
892 1123 950 1159 est,
978 1117 1087 1150 minis-

351 1176 535 1208 trabuntur.

395 1239 438 1262 iv.
465 1229 499 1261 In
529 1227 702 1260 refectorio
735 1237 868 1270 semper
898 1225 1032 1258 meridie
1059 1230 1089 1257 et

352 1292 424 1315 sero
449 1281 547 1314 lectio
573 1281 732 1313 habeatur
757 1279 945 1323 spiritualis,
967 1280 1089 1311 servata

353 1333 601 1367 caeremonialis
623 1333 724 1365 nostri
744 1331 970 1375 dispositione.

396 1398 426 1420 v.
454 1387 487 1419 ln
513 1386 664 1419 omnibus
698 1386 912 1418 conventibus
938 1389 969 1417 et
993 1385 1090 1417 colle-

353 1440 412 1483 giis
436 1440 606 1483 prandium
632 1438 686 1472 fiat
710 1444 782 1482 post
805 1438 1007 1471 undecimam
1031 1437 1091 1469 ho-

353 1504 433 1534 ram,
452 1493 598 1536 ‘quando
632 1503 707 1525 vero
733 1492 896 1525 ieiunatur
920 1502 956 1524 ex
981 1491 1090 1523 Eccle-

354 1545 419 1578 siae
452 1551 638 1588 praecepte,
662 1550 735 1588 post
758 1544 962 1577 undecimam
989 1549 1021 1576 et
1046 1544 1091 1576 di-

353 1598 484 1631 midiam
517 1598 582 1631 fiat.
622 1598 728 1631 Coena
764 1608 819 1630 seu
855 1596 1090 1630 refectiuncula

353 1661 518 1695 nunquam
535 1651 576 1684 sit
596 1656 670 1683 ante
691 1651 952 1693 completorium.

397 1715 440 1738 v1.
467 1705 562 1737 Extra
588 1704 853 1737 communitatem
871 1714 965 1736 nemo
991 1713 1090 1736 come-

353 1758 408 1790 dat
431 1759 481 1791 vel
507 1757 597 1790 bibat
622 1758 744 1801 absque
772 1758 925 1800 expressa
950 1756 1092 1800 superio-

353 1811 397 1844 ris
421 1811 562 1844 licentia.

397 1874 453 1897 vu.
480 1864 514 1896 ln
540 1863 720 1897 refectoriis
745 1863 862 1896 nostris
888 1874 954 1897 non
979 1863 1092 1896 admit-

354 1922 463 1950 tantur
479 1917 672 1956 saeculares,
690 1916 751 1949 nisi
768 1928 840 1950 raro
860 1922 891 1950 et
907 1917 1092 1950 benefacto-

352 1981 405 2004 res
423 1971 489 2003 sive
507 1981 666 2013 personae
689 1981 822 2013 graves,
847 1970 877 2003 id
897 1971 980 2013 quod
1000 1982 1092 2014 prac-

354 2024 464 2057 sertim
484 2023 594 2056 evitari
613 2023 752 2056 debetin
771 2024 859 2056 festis
881 2024 1090 2063 solemnibus,

354 2077 620 2121 professionibus,
648 2082 678 2109 et
701 2076 814 2119 primis
838 2077 946 2109 sacris.

397 2141 420 2164 1.
447 2130 563 2163 Omnes
594 2130 706 2163 fratres
736 2130 832 2163 simul
865 2131 897 2162 iu
922 2131 993 2164 loco
1024 2141 1090 2163 uno

355 2194 483 2227 semper
507 2190 581 2227 post
610 2183 782 2227 prandium
817 2194 876 2227 per
905 2194 1000 2216 unam
1034 2185 1090 2217 ho-

355 2247 424 2269 ram
448 2237 681 2270 recreationem
707 2237 857 2277 habeant,
881 2237 1019 2280 exceptis
1047 2238 1091 2270 fe-

356 2289 413 2322 riis
430 2290 561 2323 maioris
576 2290 814 2332 hebdomadae,
834 2296 864 2324 et
881 2292 1016 2335 insuper
1032 2303 1091 2334 per

355 2343 450 2376 aliam
475 2342 591 2375 horam
621 2348 695 2386 post
735 2354 870 2377 coenam
911 2355 967 2377 seu
1008 2346 1091 2378 refe-

356 2395 552 2429 ctiunculam
576 2397 792 2439 vespertinam
818 2408 834 2429 a
858 2397 1013 2431 Pascbate
1039 2410 1090 2431 us-

356 2459 419 2492 que
443 2448 482 2481 ad
506 2448 650 2481 ultimam
675 2450 759 2483 diem
783 2451 984 2494 septembris,
1004 2463 1039 2484 ac
1057 2452 1088 2485 in

356 2501 580 2535 festivitatibus
607 2503 807 2535 solemnibus
833 2503 931 2537 totius
956 2505 1040 2545 anni,
1060 2511 1091 2538 et

357 2565 375 2588 a
398 2553 507 2597 vigilia
536 2553 714 2587 Nativitatis
746 2566 848 2599 usque
880 2557 919 2589 ad
949 2557 1091 2601 Epipha-

355 2606 452 2647 niam,
477 2611 574 2650 atque
599 2606 631 2639 in
662 2607 741 2640 feria
772 2609 914 2642 secunda
939 2615 970 2645 et
998 2611 1091 2644 tertia

1127 339 1200 360 nien
1235 329 1347 361 novitii
1380 334 1411 361 et
1437 335 1585 362 recenter
1611 331 1769 373 professi,
1796 342 1859 375 qua

1126 380 1176 413 die
1202 385 1291 414 sacra
1317 382 1543 415 communione
1582 383 1691 415 refecti
1726 384 1856 424 fuerint,

1126 440 1198 476 post
1222 435 1392 477 prandium
1418 447 1481 468 nou
1507 441 1707 476 recreentur,
1734 442 1765 469 et
1795 442 1858 469 tam

1110 486 1186 538 'ipsi
1225 499 1320 530 quam
1357 489 1588 532 philosophiae
1620 488 1856 522 scholasticae⁴

1126 550 1198 571 cum
1217 541 1280 573 suis
1306 541 1468 583 magistris
1492 551 1624 585 semper
1647 541 1788 574 habeant
1812 553 1860 574 re-

1125 592 1321 626 creationei‘n
1343 594 1519 627 distinctim
1542 605 1559 627 a
1580 595 1857 627 conventualibus.

1170 655 1205 677 11.
1239 646 1273 677 ln
1305 647 1564 680 recreationibus
1602 648 1753 681 omnibus
1786 659 1858 681 cum

1126 699 1283 732 modestia
1308 706 1338 732 et
1357 701 1495 733 honesta
1509 701 1662 744 gravitate
1679 712 1714 734 se
1732 707 1859 745 gerant,

1126 752 1250 793 legatur
1274 752 1317 784 ibi
1344 764 1395 785 res
1421 753 1529 797 aliqua
1549 753 1737 797 spiritualis,
1755 754 1803 787 vel
1821 754 1861 787 de

1126 804 1180 837 illa
1204 810 1327 847 agatur,
1346 811 1377 838 ct
1402 808 1514 840 saltem
1539 807 1578 839 de
1610 807 1707 840 rebus
1736 806 1862 840 indiffe-

1125 857 1285 898 rentibus,
1310 869 1374 890 non
1401 870 1475 892 vero
1500 860 1538 894 de
1561 859 1773 903 genealogiis,
1790 860 1863 893 stir-

1127 910 1234 952 pibus,
1260 911 1452 951 nationibus,
1472 913 1596 956 patriis,
1615 913 1736 945 nuntiis
1755 919 1786 945 et
1809 924 1863 945 ru-

1127 963 1270 995 moribus
1295 964 1462 997 inutilibus
1488 965 1527 998 ad
1553 965 1811 999 aedificationem
1832 971 1863 999 et

1128 1016 1309 1058 profectum
1335 1018 1536 1057 animarum,
1558 1018 1721 1062 verbaque
1742 1019 1862 1059 iocosa,

1130 1069 1242 1109 faceta,
1258 1069 1453 1102 detractoria
1470 1081 1534 1103 non
1557 1071 1683 1111 dicant,
1702 1082 1768 1104 nou
1787 1082 1864 1105 con-

1131 1121 1292 1153 tentiones
1318 1123 1471 1155 habeant.
1492 1122 1531 1155 Ut
1548 1128 1657 1155 autem
1679 1124 1865 1167 supradicta

1130 1174 1350 1215 observentur,
1367 1176 1515 1219 superior
1540 1176 1797 1209 recreationibus
1815 1177 1864 1209 ad-

1131 1238 1199 1260 esse
1225 1234 1339 1268 curet,
1368 1234 1400 1261 et
1435 1229 1510 1261 huic
1535 1229 1760 1262 constitutioni
1791 1239 1867 1262 con-

1132 1281 1367 1314 travenientem
1393 1282 1612 1324 flagellatione
1637 1283 1761 1325 puniat.

1175 1345 1224 1367 111.
1255 1333 1388 1372 Quando
1423 1335 1633 1368 recreationis
1659 1335 1761 1378 gratia
1792 1335 1867 1368 reli,

1133 1388 1213 1431 giesi
1239 1399 1255 1421 e
1280 1394 1439 1421 conventu
1472 1389 1618 1430 exierint,
1644 1395 1796 1422 maneant
1820 1391 1867 1422 in-

1134 1447 1180 1473 tra
1203 1441 1294 1473 illum
1320 1441 1373 1485 qui
1400 1441 1468 1474 eius
1498 1442 1752 1485 obligationibus
1778 1444 1868 1477 satis-

1134 1495 1238 1527 facere
1263 1495 1405 1534 valeant,
1432 1494 1458 1527 si
1485 1495 1697 1528 recreationis
1729 1501 1869 1530 extraor-

1133 1546 1276 1580 dinariae
1316 1550 1403 1580 extra
1442 1553 1637 1581 conventum
1679 1548 1800 1581 fuerint
1834 1549 1867 1582 iu

1133 1601 1240 1644 aliqua
1264 1601 1347 1641 villa,
1381 1611 1436 1634 seu
1462 1601 1648 1634 suburbana
1673 1602 1783 1642 domo,
1817 1604 1867 1636 vel

1133 1653 1285 1697 praedio,
1316 1655 1480 1697 praelatus
1514 1655 1665 1697 designet
1696 1655 1868 1688 terminum

1133 1707 1171 1739 ad
1198 1717 1291 1750 quem
1322 1707 1465 1749 religiosi
1492 1708 1646 1741 accedere
1671 1708 1810 1751 possint,
1837 1713 1868 1741 et

1133 1771 1228 1803 quem
1259 1771 1326 1793 non
1353 1761 1633 1802 transgrediantur
1668 1762 1791 1805 absque
1816 1772 1869 1795 ex-

1133 1814 1248 1856 pressa
1265 1813 1385 1846 ibidem
1404 1813 1619 1856 praesidentis
1638 1814 1777 1847 licentia.

1179 1877 1221 1899 iv.
1247 1865 1341 1899 Nullo
1367 1872 1515 1910 tempore
1534 1867 1677 1909 religiosi
1696 1869 1798 1900 nostri
1819 1878 1870 1901 co-

1134 1920 1277 1952 moedias
1312 1920 1429 1952 aliosve
1457 1925 1546 1952 actus
1572 1921 1702 1953 tametsi
1719 1921 1868 1964 spiritua-

1135 1974 1180 2005 les
1205 1979 1310 2015 agant,
1344 1984 1403 2005 uec
1436 1973 1570 2015 praelati
1596 1974 1645 2016 agi
1670 1974 1866 2017 permittant,

1135 2036 1193 2058 nec
1211 2036 1269 2069 pro
1288 2025 1399 2068 quovis
1418 2025 1482 2058 alio
1504 2026 1580 2058 ludo
1601 2032 1632 2059 et
1648 2027 1868 2060 oblectatione

1134 2085 1240 2112 vestes
1265 2079 1480 2112 saecularium
1506 2080 1627 2113 deforis
1652 2086 1791 2123 portent,
1808 2091 1869 2114 nec

1133 2133 1273 2176 propriis
1306 2133 1485 2165 nudentur:
1513 2133 1566 2176 qui
1599 2139 1705 2166 autem
1742 2140 1868 2168 contra-

1132 2186 1281 2219 venerint
1314 2187 1364 2219 vel
1389 2187 1614 2219 contravenire
1646 2188 1866 2230 permiserint,

1133 2252 1150 2273 a
1175 2240 1365 2283 provinciali
1391 2250 1500 2273 severe
1525 2240 1713 2283 puniantur.
1741 2242 1765 2274 A
1790 2241 1869 2284 vigi-

1134 2295 1175 2327 lia
1191 2304 1267 2326 vero
1282 2293 1460 2326 Natiritatis
1478 2304 1577 2337 usque
1596 2294 1635 2326 ad
1652 2294 1867 2337 Epiphaniam

1133 2348 1296 2379 dumtaxat
1320 2352 1475 2390 poterunt
1492 2347 1593 2379 nostri
1612 2347 1742 2380 musicis
1758 2347 1803 2380 uti
1825 2348 1867 2380 in-

1133 2399 1331 2433 strumentis.

1176 2463 1205 2486 v.
1232 2452 1343 2485 Nullus
1368 2463 1511 2495 unquam
1536 2459 1689 2497 procuret
1716 2464 1774 2486 nec
1799 2464 1868 2497 per-

1133 2506 1238 2538 mittat
1273 2511 1307 2537 ut
1340 2506 1372 2538 in
1409 2506 1527 2538 nostris
1558 2507 1703 2539 ecclesiis
1740 2517 1868 2549 reprae-

1133 2558 1332 2591 sentationes
1372 2559 1467 2591 etiam
1511 2560 1644 2592 onmino
1681 2560 1866 2603 spirituales

1170 2621 1181 2647 1
1203 2619 1334 2655 Legerem
1354 2621 1516 2648 scholastici
1535 2623 1575 2655 (u.
1592 2622 1640 2654 T.).

1874 229 1919 254 tn.
1942 227 2057 255 01070
