2279 3260
107 256 154 281 Αη.
177 255 204 281 C.
225 254 293 281 ¹⁶70

147 785 290 810 Transnmptn

109 812 169 831 fido-m
192 812 289 832 adhiberi

108 839 200 858 mandat.

297 305 484 344 portantes,
513 300 634 334 mentio
660 310 717 332 seu
743 299 872 342 quaevis
897 298 956 330 alia
983 308 1035 329 cx-

295 353 419 396 pressio
433 352 583 385 habenda
596 357 651 384 aut
664 352 771 393 aliqua
791 350 852 383 alia
876 349 1034 392 exquisita

295 407 397 438 forma
432 405 471 437 ad
505 405 567 437 hoc
597 404 755 436 servanda
779 403 878 442 soret,
904 402 1033 434 illorum

295 463 426 490 tenores
440 457 666 500 praesentibus
684 466 742 498 pro
762 455 961 487 sufficienter
981 465 1034 486 cx-

296 507 434 550 pressis,
454 518 490 540 ac
512 507 644 539 sormam
670 507 702 538 in
730 506 775 538 eis
800 505 950 538 traditam
975 515 1033 547 pro

295 562 420 593 servata
445 560 622 600 habentes,
652 560 711 591 hac
737 558 815 596 vice,
833 557 1031 600 specialiter,

299 612 491 646 nominatim
509 617 541 645 et
558 621 719 654 expresse,
735 612 773 643 ad
789 610 936 643 effectum
947 620 1035 652 prae-

299 664 479 704 missorum,
507 665 720 706 derogamus3
747 663 930 705 ceterisque
959 671 1035 694 con—

299 717 406 750 trariis
422 718 687 760 quibuscumque.

344 771 359 813 ᾖ
390 770 421 802 6.
458 769 496 802 Ut
528 775 634 802 autem
666 773 855 812 praesentes
880 773 1034 806 nostrae,

301 834 383 866 quae
409 823 449 855 ad
473 823 601 864 singula
625 823 697 854 loca
722 821 840 854 deferri
873 831 939 853 non
965 830 1037 862 pos-

302 881 387 915 sunt,
414 876 453 908 ad
474 875 618 907 omnium
637 874 783 906 notitiam
800 873 923 906 facilius
944 873 1038 905 deve—

302 929 408 968 niant,
431 929 579 961 volumus
611 933 646 959 ut
676 927 862 959 earumdem
887 936 1039 968 praesen-

302 981 383 1013 tium
408 980 631 1022 transumptis,
662 980 712 1011 vel
738 978 915 1021 exemplis,
943 977 1038 1010 etiam

300 1032 475 1075 impressis,
502 1043 598 1064 manu
618 1031 755 1063 alicuius
781 1030 896 1062 notarii
917 1029 1039 1073 publici

300 1084 505 1127 subscriptis,
525 1089 556 1116 et
572 1084 678 1125 sigillo
696 1093 855 1125 personae
880 1082 913 1114 in
939 1083 1040 1114 eecle-

301 1137 429 1170 siastica
465 1137 621 1178 dignitate
661 1136 856 1168 constitutae
887 1134 1038 1173 munitis,

300 1189 420 1233 ubique
438 1190 582 1222 locorum
601 1194 633 1220 et
654 1188 798 1230 gentium
819 1188 932 1220 eadem
951 1197 1041 1229 pror-

302 1253 355 1274 sus
373 1241 452 1274 fides
475 1241 643 1279 habeatur,
669 1250 750 1282 quae
768 1240 944 1272 haberetur
963 1238 1040 1281 ipsis

302 1294 528 1337 praesentibus
556 1293 580 1325 si
611 1294 717 1325 forent
741 1292 904 1325 exhibitae
931 1292 981 1324 vel
1008 1302 1042 1324 o-

302 1352 441 1380 stensae.
831 1379 839 1386 .

347 1400 462 1432 Datum
487 1398 628 1437 Romae,
656 1398 742 1440 apud
766 1397 797 1430 S.
825 1397 955 1430 Mariam
980 1397 1042 1429 Ma-

303 1452 425 1491 iorem,
452 1452 511 1483 sub
541 1452 661 1483 annulo
684 1450 858 1482 Piscatoris
875 1477 882 1489 ,
916 1450 967 1482 die
989 1460 1041 1483 xvi

303 1503 384 1536 iunii
400 1513 538 1543 MDCLXX,
558 1502 767 1546 pontificatus
790 1502 894 1535 nostri
913 1513 998 1535 anno
1016 1512 1038 1535 1.

339 1565 399 1605 Dat.
416 1564 459 1592 die
478 1565 509 1591 16
529 1564 595 1591 iunii
619 1564 694 1596 1670,
713 1563 810 1598 pontif.
833 1572 902 1590 anno
922 1570 940 1590 ι.

347 1654 446 1688 Anno
471 1664 491 1685 a
511 1652 683 1685 nativitate
700 1652 834 1684 Domini
850 1652 954 1684 nostri
971 1652 1044 1685 Iesu

307 1707 431 1741 Christi
454 1716 594 1745 unccxx,
611 1705 788 1737 indictione
808 1715 873 1746 vui,
899 1705 950 1737 die
974 1716 1044 1737 vcro

305 1770 360 1792 xV1
395 1759 512 1791 mensis
548 1758 651 1797 iunii,
691 1758 901 1800 pontificatus
940 1762 1045 1790 autem

305 1811 507 1846 sanctissimi
526 1811 561 1843 in
584 1811 711 1845 Christo
725 1811 832 1854 patris
849 1810 975 1843 domini
990 1821 1046 1843 no-

307 1865 368 1898 stri
392 1863 518 1897 domini
544 1863 717 1897 Clementis
741 1863 854 1895 clivinti
877 1864 1047 1907 providen-

310 1918 357 1951 tid
387 1917 498 1960 Papae
518 1917 557 1956 X,
582 1926 668 1948 arcuo
689 1916 757 1948 eius
774 1926 794 1956 1,
822 1917 1047 1959 supradictum

309 1972 410 2004 Breve
426 1970 564 2012 affioeum
582 1973 610 2001 el
625 1969 828 2012 publicatum
844 1970 908 2012 suit
925 1970 967 2002 acl
983 1971 1048 2003 ral-

311 2033 365 2056 vas
402 2022 555 2054 basilicae
594 2022 843 2061 Latrrmzmsis,
879 2022 1047 2065 Principis

310 2075 558 2118 Apostolorum,
586 2078 614 2106 ct
646 2074 676 2107 S.
704 2074 828 2107 [itm-iae
851 2075 987 2107 Maioris
1011 2075 1049 2108 cle

314 2128 404 2168 Urbe,
423 2134 451 2160 et
471 2128 507 2160 in
531 2126 599 2159 acic
625 2127 740 2170 Campi
760 2127 889 2167 Florae,
910 2138 946 2160 ac
970 2129 1048 2161 aliis

273 2211 280 2218 ,
314 2181 390 2213 locis
413 2180 518 2212 solitis
545 2184 573 2212 et
602 2180 759 2212 consuetis
786 2180 891 2221 Urbis,
915 2192 974 2224 per
1000 2191 1049 2214 mc

313 2233 525 2267 Franciscum
542 2232 694 2265 Perimam
708 2233 922 2277 apostolicum
946 2245 1049 2267 curso-

314 2295 392 2318 rem.

403 2338 527 2372 PETRUS
539 2337 759 2379 alienamus,
772 2349 856 2382 mag.
869 2350 1045 2379 cursorum.

661 2480 698 2513 X.

320 2559 522 2599 constitutio,
548 2559 584 2592 in
608 2570 670 2602 qua
691 2560 897 2603 requlariztm
918 2561 1052 2604 privile·

925 250 1066 273 etcum
1089 251 1106 273 x
1132 250 1179 272 pr.
1727 238 1769 270 55
1816 247 1866 271 Αη.
1889 245 1917 271 c,
1938 246 2004 273 ¹670

1120 298 1314 329 sacramenti
1349 296 1566 329 poenitentiae
1589 295 1806 328 administra-

1116 347 1250 391 tionem,
1275 349 1487 381 declarantur
1499 348 1517 380 ¹.

1294 439 1428 466 Clemens
1445 438 1603 471 episcopus

1253 490 1357 510 servus
1388 489 1539 509 servorum
1569 481 1636 513 Dei,

1201 530 1235 554 ad
1256 530 1429 562 perpetuam
1448 526 1492 553 rei
1513 525 1693 553 memoriam.

1102 598 1266 650 *Supcrua
1302 607 1408 647 magni
1450 606 1686 649 patrisfamilias
1722 616 1812 649 prae-
1849 623 1970 644 g,0..„.„„‚

1079 660 1283 693 ordinatione
1309 661 1464 693 creditum
1496 660 1590 693 nobis
1622 660 1812 693 universalis

1079 713 1240 746 Ecclesiae
1272 713 1437 756 mysticum
1474 724 1584 755 agrum
1619 712 1814 755 circumspe-

1079 769 1129 799 cta
1147 767 1350 809 providentia
1371 767 1535 799 custodire
1553 771 1647 809 atque
1668 767 1817 799 excolere

1081 819 1248 862 (quantum
1277 830 1313 857 ex
1342 820 1407 851 alto
1437 819 1638 861 conceditur)
1667 823 1818 861 satagen-

1083 878 1148 910 tes.
1175 873 1317 905 animuin
1342 873 1375 904 in
1401 883 1454 905 eas
1485 883 1577 905 curas
1607 873 1747 905 libenter
1772 872 1820 904 in-

1083 926 1258 965 tendimus,
1279 926 1395 968 quibus
1420 927 1551 958 valeant
1575 925 1711 958 dissidia
1735 926 1821 958 inter

1083 978 1206 1010 villicos
1238 984 1269 1010 et
1303 978 1474 1020 operarios
1509 978 1683 1020 componi,
1716 978 1821 1020 iurgia

1083 1030 1161 1069 tolli,
1178 1030 1338 1062 scandalis
1353 1035 1449 1072 atque
1463 1030 1697 1063 offensionibus
1716 1030 1820 1063 aditus

1083 1082 1270 1125 praecludi·,
1298 1087 1352 1122 ut,
1380 1083 1497 1125 quibus
1524 1094 1587 1115 una
1618 1083 1731 1123 Fides,
1756 1094 1821 1116 una

1083 1140 1186 1167 mater
1209 1135 1366 1175 Ecclesia,
1398 1140 1430 1167 et
1455 1146 1536 1168 unus
1561 1136 1735 1175 Dominus,
1763 1136 1817 1179 qui

1084 1188 1225 1221 charitas
1245 1194 1302 1229 est,
1322 1195 1353 1221 ct
1370 1189 1456 1231 pacis
1476 1189 1622 1231 cogitans
1647 1188 1817 1231 cogitatio-

1084 1253 1150 1281 nes,
1167 1242 1221 1274 ssat
1243 1243 1339 1275 ctiam
1362 1253 1417 1275 cor
1442 1254 1539 1275 unum
1557 1248 1590 1276 et
1610 1244 1715 1276 anima
1734 1254 1817 1283 una,

1084 1295 1129 1327 sic
1154 1295 1289 1333 etenim,
1316 1296 1435 1328 evulsis
1461 1301 1645 1339 opportune
1670 1296 1821 1335 zizaniis,

1085 1349 1160 1381 dum
1186 1349 1367 1391 plantamus
1399 1353 1431 1381 et
1455 1348 1614 1391 rigamus,
1641 1349 1823 1381 incremen—

1086 1407 1150 1434 tum
1175 1402 1264 1434 dabit
1286 1402 1386 1441 Deus,
1413 1413 1476 1444 quo
1499 1402 1714 1434 benedicente
1739 1412 1823 1434 mes-

1085 1454 1127 1487 sis
1152 1455 1253 1487 multa
1285 1455 1389 1487 fructu
1423 1455 1600 1487 centesimo
1626 1456 1763 1488 caeleste
1787 1454 1819 1487 in

1085 1508 1239 1539 horreum
1263 1507 1525 1550 congregabitur.

1129 1561 1144 1602 ,Β
1168 1561 1199 1592 l.
1227 1560 1320 1598 Sane,
1338 1571 1409 1592 cum
1428 1560 1509 1592 sacri
1534 1559 1668 1593 Concilii
1688 1560 1821 1593 Triden-
1845 1569 1951 1601 smmum
1962 1568 2015 1599 ‘³⁰⁰7

1086 1613 1157 1645 tinii
1183 1613 1321 1645 decretis
1344 1613 1478 1655 provide
1496 1617 1647 1645 statutum
1675 1612 1771 1645 fuerit
1787 1595 2016 1647 ut32''r.-{L¹125.'L'.3'.¹f

1087 1666 1250 1707 regulares
1282 1665 1515 1708 cuiuscumque
1546 1665 1692 1706 Ordinis,
1717 1666 1780 1698 nisi
1805 1677 1822 1698 a

1088 1719 1154 1750 suis
1178 1718 1402 1760 superioribus
1436 1719 1475 1750 de
1506 1718 1587 1756 vita,
1614 1719 1760 1752 mcribus
1792 1724 1824 1751 et

1088 1771 1220 1803 scientia
1245 1770 1417 1802 examinati
1442 1776 1474 1802 et
1498 1771 1669 1813 approbati
1694 1771 1824 1811 suerint,

1089 1835 1125 1856 ac
1149 1824 1188 1855 de
1214 1833 1326 1855 eorum
1348 1823 1491 1861 licentia,
1511 1823 1607 1856 ctiam
1626 1823 1658 1855 in
1679 1825 1824 1857 ecclesiis

1088 1887 1218 1910 suorum
1232 1876 1387 1908 Ordinum
1400 1876 1587 1919 praedicare
1606 1887 1673 1910 non
1686 1877 1824 1920 possint·,

1089 1940 1160 1962 cum
1185 1939 1249 1972 qua
1273 1928 1404 1961 licentia
1420 1929 1640 1971 personaliter
1656 1939 1692 1962 se
1716 1940 1826 1962 coram

1089 1982 1250 2025 episcopis
1274 1986 1497 2024 praesentare,
1514 1986 1546 2013 et
1567 1982 1605 2014 ab
1624 1982 1670 2014 eis
1692 1983 1827 2015 benedi-

1090 2035 1229 2067 ctionem
1240 2039 1351 2076 petere
1367 2039 1547 2073 teneantur,
1559 2039 1732 2077 antequam
1740 2045 1828 2078 prae-

1091 2087 1199 2119 dicare
1223 2086 1398 2129 incipiant,
1414 2086 1446 2118 in
1472 2087 1618 2119 ecclesiis
1638 2098 1725 2128 vero,
1745 2098 1828 2130 quae

1091 2150 1222 2172 suorum
1245 2139 1400 2172 Ordinum
1424 2149 1490 2171 non
1515 2144 1596 2179 sunt,
1621 2141 1705 2174 ultra
1729 2140 1829 2173 licen-

1091 2192 1167 2225 tiam
1192 2203 1321 2225 suorum
1337 2192 1550 2234 superiorum,
1570 2192 1666 2225 ctiam
1683 2193 1829 2236 episcopi

1090 2245 1265 2284 licentiam,
1290 2245 1388 2287 gratis
1407 2245 1445 2277 ab
1471 2255 1508 2278 eo
1534 2245 1683 2286 dandam,
1709 2246 1830 2279 babere

1093 2303 1281 2337 teneantur,
1308 2297 1378 2330 sine
1411 2309 1475 2341 qua
1506 2298 1538 2330 in
1570 2298 1649 2341 ipsis
1684 2299 1829 2332 ecclesiis

1092 2362 1158 2384 non
1183 2361 1316 2383 suorum
1332 2350 1500 2391 Ordinum,
1517 2351 1606 2384 nullo
1624 2352 1722 2384 modo
1738 2362 1831 2394 prae-

1094 2403 1201 2437 dicare
1226 2402 1367 2446 possint3
1393 2407 1491 2446 atque
1508 2407 1543 2435 ut
1558 2403 1667 2436 nullus
1692 2405 1832 2437 saccula-

1130 2491 1140 2517 1
1164 2490 1200 2517 De
1217 2490 1267 2517 hac
1283 2490 1395 2517 materia
1410 2490 1469 2517 vide
1486 2491 1568 2517 Cone.
1583 2490 1658 2517 Trid.
1675 2499 1740 2517 sess.
1757 2497 1831 2524 xxiii,

1094 2543 1152 2570 cap.
1174 2542 1218 2567 xv,
1238 2538 1265 2562 et
1283 2543 1350 2562 sess.
1368 2541 1440 2568 xxiv,
1458 2543 1517 2569 cap.
1539 2542 1581 2569 lv,
1603 2538 1629 2561 et
1648 2534 1767 2569 Gregorii
1788 2535 1833 2561 XV

1071 2575 1075 2624 Ι
1094 2580 1321 2606 Constitutionem
1341 2580 1540 2613 Inscrutabilz',
1562 2579 1607 2606 ubi
1627 2579 1702 2614 plura
1722 2578 1755 2606 ad
1773 2586 1832 2609 rein

362 2613 429 2657 yla,
443 2613 550 2657 quoad
565 2613 840 2656 praedicationem
856 2616 941 2649 verbi
954 2616 1013 2649 Dei
1025 2621 1052 2649 et
1073 2635 1076 2658 1
1096 2625 1187 2651 videre
1208 2624 1318 2661 poteris.
