2279 3260
0 2601 3 2617 l

182 240 231 267 An.
249 238 278 266 C,
302 238 370 267 1675

202 937 298 959 Pontifex
309 941 364 959 motu

180 965 264 990 proprio
292 968 366 985 statuit

180 990 248 1011 dietas
266 992 364 1012 constitu*

181 1020 247 1038 tiones
271 1020 291 1037 vt
312 1018 365 1039 titte-

180 1049 214 1063 ras
238 1045 365 1069 apostolicas

181 1075 226 1089 asse
241 1070 366 1092 inviolabili·

180 1098 211 1115 ter
253 1097 364 1119 observan-

179 1122 225 1142 dae.

208 2603 211 2606 γ
223 2576 325 2606 Prohibet
339 2576 368 2606 di-

185 2605 223 2623 ens
239 2605 368 2623 cons'ituliu·

185 2629 246 2649 rii-bun
261 2632 281 2651 ot
294 2629 369 2651 litteris

376 287 481 322 batiae
496 287 696 332 respective),
711 297 837 321 necnon
851 286 979 320 decreta
993 296 1109 320 connu-

376 342 564 376 merationis
584 341 669 374 inter
691 341 816 385 priores
840 340 1018 384 regiminis,
1037 350 1108 372 cum

376 394 476 427 simili
501 394 642 428 clausula
667 393 753 437 quod
774 393 820 426 eis
849 397 956 426 currat
981 397 1108 436 tempus

375 448 414 481 ad
432 448 604 488 abbatiam,
621 452 789 491 reportare
811 453 1001 490 procurent3
1023 446 1109 478 unde

375 500 516 533 iustitiae
548 500 767 533 distributivae
800 500 880 533 ordo
918 498 1110 543 pervertitur

376 563 448 585 cum
473 553 560 596 gravi
592 553 827 586 monachorum
859 551 1020 595 religiosis
1045 561 1110 583 me-

377 605 445 639 ritis
471 606 720 650 conspicuorum
746 606 950 645 detrimento,
977 610 1007 637 ct
1031 603 1111 637 Con—

376 659 521 702 gregatio
554 671 754 704 magnopere
787 659 1003 704 perturbatur,
1039 667 1111 700 per-

376 712 573 757 niciosisque
599 713 752 746 abusibus
779 718 809 746 et
834 711 1031 755 corruptelis
1058 710 1111 742 hu-

377 766 528 808 iusmodi,
572 766 632 799 nisi
671 772 794 799 mature
838 765 1037 804 recidantur,
1078 763 1110 795 in

377 820 549 853 maximum
586 819 794 853 relaxationis
827 820 946 851 malum
984 816 1111 861 prolabi

376 879 506 917 posset:

420 927 435 969 ἓ
460 926 490 959 Q,
507 927 587 959 Hinc
604 930 652 958 est
669 925 753 968 quod
772 935 842 965 nos,
861 934 919 967 pro
941 922 1112 956 commissa

378 980 470 1013 nobis
505 979 658 1013 divinitus
694 977 867 1022 pastoralis
894 976 989 1009 officii
1015 977 1110 1016 cura,

377 1033 494 1065 abusus
530 1031 711 1075 praedictos
747 1030 877 1074 penitus
914 1034 945 1061 et
980 1028 1112 1060 omnino

378 1086 529 1126 evellere,
548 1084 676 1128 illisque
698 1093 808 1116 ansam
822 1082 854 1114 in
870 1082 1009 1114 futurum
1024 1091 1111 1124 prae-

377 1138 495 1179 cidere,
522 1148 558 1171 ac
577 1137 721 1170 eiusdem
739 1134 1008 1179 Congregationis
1026 1140 1113 1167 tran-

376 1191 537 1236 quillitati,
570 1195 724 1234 quantum
757 1190 850 1223 nobis
884 1200 921 1222 ex
947 1189 1011 1221 alto
1036 1198 1113 1221 oon-

375 1246 511 1286 ceditur,
535 1245 720 1284 consulere,
756 1243 1032 1285 monasticamque
1057 1242 1113 1275 ob-

376 1299 578 1338 servantiam,
607 1303 637 1331 et
663 1297 694 1330 in
734 1295 966 1330 distribuendis
1002 1306 1114 1328 secun-

377 1353 451 1385 dum
470 1352 625 1395 cuiusque
650 1351 762 1383 merita
781 1351 943 1383 honorum
962 1348 1113 1392 praemiis

376 1404 515 1438 iustitiae
540 1414 686 1437 normam
712 1403 744 1435 in
779 1405 814 1435 ea
840 1401 984 1435 stabilire
1019 1406 1113 1444 atque

376 1458 519 1491 solidare
539 1457 718 1501 cupientes,
745 1466 871 1489 necnon
897 1455 1113 1498 praefatarum

376 1511 644 1544 constitutionum
677 1516 707 1543 et
739 1510 920 1543 litterarum
960 1508 1115 1552 apostoli-

376 1575 483 1598 carum
508 1571 637 1600 tenores
662 1563 888 1607 praesentibus
919 1572 980 1606 pro
1017 1562 1113 1605 plene

377 1623 409 1650 et
433 1617 629 1650 sufficienter
654 1616 826 1660 expressis,
847 1626 883 1648 ac
904 1615 942 1648 de
960 1615 1057 1648 verbo
1075 1614 1113 1647 ad

376 1672 508 1704 verbnm
527 1670 658 1703 insertis
677 1670 848 1709 habentes,
865 1674 953 1701 motu
968 1668 1113 1711 proprio,

376 1735 412 1757 ac
437 1736 475 1758 ex
499 1726 588 1757 certa
623 1723 755 1756 scientia
780 1728 812 1755 et
836 1723 959 1755 matura
993 1721 1115 1754 delibe-

378 1778 503 1811 ratione
529 1777 661 1818 nostris,
694 1777 798 1820 deque
834 1776 1034 1820 apostolicae
1061 1786 1115 1819 po-

378 1831 499 1864 testatis
514 1829 733 1874 plenitudine,
750 1834 974 1873 praenarratas
998 1829 1116 1862 consti-

376 1884 518 1921 tutiones
558 1888 589 1916 et
629 1884 752 1916 litteras
798 1882 1002 1926 apostolicas,
1033 1882 1115 1915 circa

376 1934 553 1968 electiones
580 1939 612 1966 et
636 1933 860 1976 promotiones
892 1933 931 1965 ad
965 1933 1114 1965 abbatiae

376 1986 516 2019 titularis
542 1987 699 2019 honorem
720 1997 755 2019 ac
782 1986 957 2019 decanatus
983 1986 1115 2028 gradum

376 2049 504 2072 necnon
529 2039 727 2071 decanorum
746 2048 916 2071 numerum
937 2043 968 2071 et
985 2049 1116 2081 promo-

375 2091 553 2124 vendorum
578 2091 770 2134 qualitates,
798 2092 839 2124 de
864 2096 972 2124 cetero
1005 2096 1115 2124 exacte

377 2148 414 2176 'ac
448 2144 592 2186 praecise
623 2149 656 2176 et
687 2143 921 2176 inviolabiliter
952 2144 1114 2176 observari

378 2196 512 2237 debere,
545 2207 604 2230 nec
628 2196 844 2240 expectativas
881 2197 919 2229 ad
956 2198 1116 2240 prioratus

379 2254 410 2282 et
434 2250 576 2282 abbatias
602 2250 748 2293 aliasque
774 2250 949 2293 dignitates
973 2251 1022 2283 vel
1047 2261 1117 2293 gra-

379 2303 436 2335 dus
462 2302 564 2335 dictae
597 2302 864 2346 Congregationis
894 2303 1000 2346 primo
1025 2314 1116 2336 vaea-

380 2361 468 2388 turos
503 2366 559 2389 seu
592 2361 757 2388 vacaturas
795 2356 945 2400 cuiquam
980 2357 1116 2400 posthac

378 2410 445 2442 ullo
469 2409 566 2442 modo
592 2409 725 2442 concedi
752 2420 859 2453 posse,
890 2414 1004 2442 tenore
1030 2420 1116 2453 prae-

379 2463 527 2504 sentium,
545 2467 704 2506 perpetuo
730 2463 898 2495 statuimus
925 2468 957 2496 et
987 2463 1116 2496 ordina-

379 2527 463 2556 mus,
490 2526 525 2548 ac
549 2515 753 2549 decernimus
777 2521 807 2549 et
833 2517 1043 2550 declaramus

424 2569 438 2612 ἓ
454 2568 485 2602 3.
502 2567 649 2601 Districte
666 2569 876 2611 prohibentes
895 2574 957 2602 tam
976 2569 1117 2602 cuicum-

381 2633 442 2667 que
468 2622 610 2664 capitulo
636 2621 779 2664 generali
804 2623 854 2655 vel
879 2622 992 2664 dietae,
1019 2633 1115 2668 qnam

1000 236 1142 262 CLEMENS
1164 237 1183 262 X
1207 238 1255 262 Pr.

1786 232 1844 266 581

1152 286 1350 329 quibuslibet
1386 288 1553 321 abbatibus
1593 295 1625 322 et
1663 290 1886 334 superioribus

1152 339 1417 383 Congregationis
1442 342 1615 385 praefatae,
1643 343 1736 375 etiam
1763 343 1887 387 specifi-

1152 394 1186 425 ca
1204 398 1236 425 et
1253 393 1416 426 individua
1433 395 1598 427 mentione
1617 395 1732 437 dignis,
1749 397 1808 429 sub
1827 407 1888 439 pr1-

1152 446 1287 479 vationis
1304 447 1391 480 vocis
1410 448 1531 480 activae
1557 453 1589 481 ct
1613 449 1757 491 passivae
1787 460 1820 481 ac
1840 449 1888 482 di-

1153 499 1283 541 gnitatis
1302 501 1482 540 abbatialis,
1502 501 1573 545 ipso
1593 502 1674 534 sarto
1692 503 1813 545 absque
1828 502 1889 535 alia

1154 553 1372 587 declaratione
1387 554 1615 594 incurrendae,
1626 554 1759 597 aliisque
1776 560 1888 587 nostro

1154 611 1185 639 et
1210 607 1345 639 Romani
1369 607 1531 641 Pontificis
1560 619 1618 652 pro
1649 614 1795 651 tempore
1825 609 1890 641 exi-

1154 659 1267 692 stentis
1297 659 1430 693 arbitrio
1464 661 1668 704 imponendis
1701 661 1828 704 poenis,
1849 672 1889 694 ne

1155 713 1440 747 constitutionibus
1473 720 1523 747 ain
1557 715 1674 747 litteris
1702 715 1890 758 apostolicis

1155 766 1314 808 praefatis,
1347 768 1394 800 vel
1427 768 1652 810 praesentibus
1685 768 1814 808 litteris,
1833 768 1891 799 sub

1156 818 1266 861 quovis
1293 821 1400 852 colore
1431 821 1479 852 vel
1505 825 1680 863 praetextu,
1701 820 1822 853 directe
1840 820 1890 852 vel

1155 871 1321 912 indirecte,
1334 878 1387 905 aut
1405 872 1481 905 alias
1500 865 1892 916 quomodolibet,etiarnsi

1156 925 1295 968 desuper
1312 930 1457 958 nostruin
1474 927 1523 959 vel
1542 926 1636 958 huius
1655 926 1787 959 Sanctae
1802 927 1892 959 Sedis

1155 978 1394 1020 beneplacitum
1420 984 1649 1019 reservaretur,
1669 979 1894 1013 contravenire

1156 1030 1297 1062 audeant
1314 1040 1368 1063 seu
1387 1036 1606 1074 praesumant.

1199 1083 1213 1126 ἓ
1231 1083 1262 1115 4.
1283 1083 1325 1115 Ac
1343 1083 1558 1117 decernentes
1583 1085 1713 1118 easdem
1739 1095 1894 1128 praesen-

1157 1141 1203 1169 tes
1222 1135 1354 1173 litteras,
1378 1141 1409 1169 et
1426 1136 1457 1169 in
1480 1137 1525 1169 eis
1551 1142 1702 1170 contenta
1720 1149 1894 1181 quaecum-

1157 1200 1229 1232 que,
1248 1189 1343 1222 ctiarn
1365 1200 1399 1223 ex
1427 1201 1465 1223 eo
1491 1191 1579 1234 quod
1597 1191 1734 1234 quilibet
1751 1191 1783 1223 in
1800 1202 1895 1234 prae-

1157 1242 1260 1275 missis
1274 1243 1429 1276 interesse
1443 1244 1600 1276 habentes
1614 1254 1670 1276 seu
1685 1244 1807 1277 habere
1823 1254 1896 1287 quo—

1157 1296 1337 1329 modolibet
1350 1297 1615 1340 praetendentes,
1629 1297 1767 1329 cuiusvis
1783 1302 1893 1336 status,

1157 1351 1284 1392 gradus,
1305 1350 1438 1391 ordinis,
1458 1350 1733 1393 praeeminentiae
1749 1356 1780 1383 et
1793 1351 1897 1393 digni-

1158 1404 1231 1436 tatis
1256 1404 1403 1443 extistant,
1420 1404 1483 1436 illis
1502 1414 1565 1436 non
1584 1403 1818 1443 consenserint,
1836 1414 1896 1436 nec

1158 1457 1195 1489 ad
1215 1467 1251 1489 ea
1268 1456 1380 1495 vocati,
1400 1456 1487 1489 citati
1514 1461 1546 1489 et
1570 1456 1680 1495 auditi,
1699 1466 1806 1499 neque
1823 1467 1896 1489 cau-

1158 1520 1221 1549 sae,
1240 1515 1371 1553 propter
1385 1520 1462 1552 quas
1487 1514 1678 1552 praesentes
1701 1509 1894 1550 emanarint,

1158 1563 1355 1596 sufficienter
1382 1563 1552 1604 adductae,
1579 1562 1761 1596 verificatae
1788 1564 1837 1596 vel
1853 1564 1896 1596 iu-

1158 1615 1311 1649 stiticatae
1330 1616 1461 1657 suerint,
1480 1622 1532 1648 aut
1549 1627 1584 1649 ex
1607 1616 1667 1648 alia
1693 1626 1895 1659 quacumque

1159 1669 1252 1702 etiam
1271 1669 1472 1712 quantumvis
1489 1669 1632 1711 legitima
1650 1674 1682 1702 et
1694 1669 1896 1712 privilegiata

1159 1724 1263 1762 causa,
1286 1723 1406 1761 colore,
1427 1727 1592 1765 praetextu
1611 1727 1643 1755 et
1667 1721 1782 1765 capite,
1800 1722 1896 1754 etiarn

1158 1776 1190 1808 in
1216 1786 1351 1819 corpore
1378 1775 1457 1807 iuris
1487 1776 1603 1815 clauso,
1636 1775 1725 1808 nullo
1753 1785 1895 1818 unquam

1159 1834 1305 1872 tempore
1325 1828 1363 1861 de
1381 1828 1602 1871 subreptionis
1628 1829 1676 1861 vel
1694 1827 1896 1871 obreptionis

1159 1887 1211 1914 aut
1240 1881 1398 1913 nullitatis
1428 1881 1515 1921 vitio,
1541 1892 1597 1913 seu
1618 1881 1810 1914 intentionis
1839 1891 1897 1914 no-

1159 1940 1240 1967 strae
1258 1939 1312 1967 aut
1328 1934 1485 1967 interesse
1500 1934 1690 1967 habentium
1708 1942 1895 1976 consensus,

1159 1989 1259 2021 aliove
1277 1987 1425 2031 quolibet
1443 1987 1538 2020 etiam
1560 1987 1762 2030 quantumvis
1780 1996 1896 2030 magno

1159 2046 1191 2073 et
1207 2040 1412 2074 substantiali
1439 2041 1565 2074 defectu
1591 2040 1707 2081 notari,
1728 2040 1898 2084 impugna-

1159 2094 1194 2133 ri,
1225 2093 1404 2133 invalidari,
1431 2093 1576 2138 infringi,
1604 2093 1773 2126 retraetari
1792 2098 1845 2126 aut
1865 2093 1897 2126 in

1160 2148 1411 2180 controversiam
1436 2147 1555 2187 vocari,
1584 2158 1639 2180 seu
1669 2147 1707 2179 ad
1738 2146 1895 2180 terminos

1159 2200 1236 2232 iuris
1253 2199 1431 2240 reduci,vel
1447 2200 1599 2233 adversus
1617 2200 1688 2233 illas
1706 2200 1897 2244 aperitionis

1159 2252 1234 2293 oris,
1265 2252 1481 2285 restitutionis
1502 2252 1533 2285 in
1559 2253 1739 2296 integrum,
1770 2253 1896 2286 aliudve

1159 2306 1388 2349 quodcumque
1406 2305 1496 2345 iuris,
1517 2306 1589 2338 sacti
1620 2307 1668 2339 vel
1698 2307 1819 2349 gratiae
1847 2317 1897 2339 re-

1158 2358 1299 2391 medium
1320 2358 1473 2392 intentari
1495 2360 1545 2391 vel
1570 2359 1747 2402 impetrari,
1765 2370 1820 2392 seu
1839 2360 1898 2391 i1n-

1158 2417 1296 2456 petrato,
1316 2412 1480 2444 autetiam
1502 2417 1601 2453 motu,
1622 2412 1754 2445 scientia
1782 2418 1814 2445 et
1840 2423 1896 2456 po-

1160 2465 1284 2497 testatis
1302 2464 1505 2508 plenitudine
1522 2465 1655 2509 paribus
1675 2475 1829 2499 concesso
1846 2466 1894 2498 vel

1160 2523 1319 2558 emanato,
1344 2518 1527 2561 quempiam
1546 2519 1576 2550 in
1595 2517 1712 2551 iudicio
1731 2519 1780 2551 vel
1808 2523 1895 2551 extra

1160 2570 1239 2603 illud
1256 2570 1301 2602 uti
1320 2581 1376 2602 seu
1393 2581 1426 2603 se
1445 2570 1552 2603 iuvare
1576 2572 1642 2604 ullo
1668 2571 1764 2603 modo
1788 2581 1894 2613 posse,

1161 2623 1215 2656 sed
1244 2624 1374 2656 easdem
1402 2629 1589 2668 praesentes
1619 2624 1742 2656 litteras
1771 2634 1896 2667 semper

1896 241 1945 268 An.
1963 240 1991 267 C.
2017 242 2083 268 tfl75

1898 303 2019 327 apostate-ix
2035 308 2082 321 rmi-

1898 329 2002 349 traveniro
2019 332 2082 348 etmtn

1898 361 1943 375 rum
1985 361 2084 375 [νεοῐιῑι-

1870 396 1875 401 ,
1898 385 1953 401 timie
1972 384 2060 406 apostati
2071 382 2082 401 ‘i

1898 407 2023 433 bont-slavum
2044 408 2081 427 -ub

1898 437 1961 455 certis
1976 440 2056 459 petrns.

1916 1124 1919 1126 ‚
1931 1096 2043 1117 Decretum
2062 1097 2090 1116 ir·

1903 1126 1978 1143 vllam).
