2279 3260
212 241 262 267 An.
283 240 311 267 c.
334 238 401 267 1672
446 229 510 264 3¹10
986 236 1164 261 mittuntur
1187 233 1338 260 Romanum
1925 232 1976 259 An.
1996 231 2025 259 c.
2039 229 2109 259 167⁶).

406 286 643 329 delegationem
664 286 829 320 cuiusdam
850 283 1059 319 commissarii
1085 293 1139 315 na·
1181 283 1276 315 modo
1310 283 1528 323 incurrerant,
1555 293 1609 315 seu
1637 282 1812 315 incurrisse
1839 280 1913 321 dici,

406 338 534 371 tionalis
566 338 619 382 qui
650 339 756 371 adbuc
782 339 813 371 in
839 338 951 371 eadem
977 335 1140 379 provincia
1182 335 1307 367 censeri
1339 336 1388 368 vel
1414 335 1582 378 praetendi
1609 339 1752 378 possent,
1781 333 1918 366 auctori·
1965 349 1969 355 ·

404 396 515 424 manet
539 402 612 424 cum
645 391 828 424 obedientia
860 388 990 422 maioris
1015 387 1139 420 nume-ri
1160 409 1161 414 ,
1183 392 1245 419 tate
1270 387 1455 430 apostolica,
1483 393 1595 421 tenore
1621 386 1855 431 praesentium,
1882 386 1916 418 in

404 448 639 484 conventuum·,
674 444 849 476 exadverso
875 453 949 475 vero
970 450 1140 485 ,remanse-
1160 449 1162 486 }
1181 444 1319 481 utroque
1346 440 1417 472 soro
1439 440 1634 473 absolvimus
1653 445 1683 473 et
1709 438 1854 472 totaliter
1882 438 1919 471 li-

405 497 472 530 rint
496 507 532 530 ex
558 498 618 530 alia
643 502 733 541 parte
752 496 932 539 praefatum
958 487 1141 527 commissa-
1160 487 1162 519 ἓ
1182 491 1346 531 beramus,
1371 491 1536 536 dictasque
1554 503 1674 535 poenas
1699 492 1744 525 eis
1762 497 1918 524 eteorum

405 550 487 582 rium
519 555 690 582 recusante
719 548 858 581 ministri
891 553 922 579 ct
953 546 1141 580 definitores
1161 584 1162 591 ἵ
1184 545 1319 577 cuilibet
1336 545 1475 588 gratiose
1507 544 1700 578 remittimus
1733 550 1765 577 et
1796 545 1918 578 condo-

406 602 572 642 annullati,
592 602 654 645 qui,
676 612 741 634 non
767 599 969 633 obstantibus
996 598 1141 632 censuris
1184 608 1307 630 namus.

407 655 446 687 ab
472 655 587 687 eodem
612 653 834 686 commissario
860 651 1053 691 fulminatis,
1084 661 1142 683 no—
1227 652 1242 693 g
1267 651 1298 683 4.
1319 652 1361 683 Ac
1379 662 1451 684 cum
1470 651 1550 694 ipsis
1568 651 1716 684 omnibus
1734 656 1765 684 et
1782 650 1917 693 singulis
1978 662 2113 692 nammatio

407 718 478 740 vum
496 707 670 750 capitulum
696 706 900 738 celebrarunt
918 714 1002 737 auno
1016 713 1140 737 iunctxx
1184 714 1282 746 super
1299 704 1547 746 irregularitate,
1563 703 1588 735 si
1605 714 1713 747 quam,
1730 714 1765 736 ex
1780 714 1818 737 eo
1832 703 1919 746 quod
1930 689 1974 736 {⁴30
1985 691 2115 736 &aiiiii‘ss'i'iii'

406 771 476 792 cum
507 760 686 792 retentione
716 769 893 801 paucorum
925 762 1141 790 conventuum
1185 756 1330 789 censuris
1348 756 1532 789 huiusmodi
1550 761 1685 799 propter
1702 756 1817 788 eadem
1833 766 1921 798 prae-

408 813 438 845 in
457 812 603 845 districtu
621 812 660 844 de
680 811 886 850 Pernabuco,
918 816 1012 853 atque
1033 809 1141 852 itaque
1185 809 1280 841 missa
1302 809 1446 841 innodati
1473 814 1710 840 sacrosanctum
1735 808 1851 840 missae
1878 819 1922 841 sa-

405 870 540 907 utraque
560 874 635 907 pars
660 863 692 895 in
719 863 875 895 divisione
902 867 1103 905 perseveret:
1185 861 1338 894 criticiunl
1363 868 1395 894 et
1418 861 1479 894 alia
1505 861 1611 894 diviua
1636 861 1741 893 officia
1766 861 1845 903 (non
1879 866 1923 893 ta-

238 934 377 959 snppufflm,
449 918 464 960 ξ
489 917 520 949 9.
548 917 634 950 {dem
660 916 845 949 Franciscus
870 915 968 947 Maria
996 914 1142 946 minister
1185 925 1259 947 men
1283 915 1315 947 in
1342 919 1564 957 contemptum
1589 914 1752 956 clavium)
1778 913 1923 946 celebra-

407 970 568 1014 generalis
602 981 660 1013 pro
692 970 834 1002 muneris
870 969 916 1001 sui
942 967 1157 1011 obligatione,
1185 967 1289 999 verint
1313 978 1368 1000 seu
1399 967 1477 1000 alias
1509 967 1540 999 in
1571 966 1636 998 suis
1667 966 1837 999 ordinibus
1863 966 1922 998 mi-

406 1023 608 1056 subditorum
629 1023 688 1055 sibi
714 1023 961 1055 commissorum
992 1021 1086 1054 saluti
1112 1025 1143 1053 et
1185 1019 1410 1059 nistraverint,
1444 1019 1554 1062 quovis
1592 1019 1689 1051 modo
1718 1014 1920 1051 ¹contraxisse

406 1075 507 1119 quieti
532 1075 706 1118 religiosae
734 1080 944 1118 prospectum
974 1084 1044 1107 esse
1070 1084 1143 1106 exo·
1185 1072 1398 1115 reperiantur,
1429 1073 1467 1104 ad
1493 1082 1727 1115 quemcumque
1753 1071 1919 1111 effectum,

405 1134 508 1173 ptans,
535 1134 719 1172 opportune
746 1129 778 1161 in
803 1128 991 1171 praemissis
1015 1138 1033 1160 a
1050 1127 1142 1159 nobis
1185 1125 1375 1158 auctoritate
1401 1130 1432 1158 et
1456 1131 1567 1157 tenore
1594 1124 1759 1167 praefatis,
1787 1125 1825 1157 de
1850 1135 1922 1167 spe-

406 1182 573 1225 provideri
605 1187 637 1215 et
667 1187 702 1214 ut
732 1182 815 1214 iufra
847 1181 1009 1223 indulgeri
1045 1181 1143 1224 pluri-
1186 1178 1276 1210 cialis
1303 1179 1388 1211 dono
1405 1178 1524 1220 gratiae
1550 1177 1782 1220 dispensamus,
1801 1187 1921 1219 eosque

406 1246 494 1268 mum
521 1236 694 1269 desiderat,
1186 1235 1217 1262 et
1232 1241 1344 1263 eorum
1363 1231 1542 1273 quemlibet
1556 1230 1589 1262 in
1604 1229 1776 1272 pristinum
1791 1234 1822 1262 et
1839 1239 1920 1270 eum,

269 1302 394 1332 suppresso
449 1290 464 1332 ἓ
489 1289 519 1323 3.
546 1289 608 1322 Nos
635 1289 740 1332 igitur,
767 1289 867 1332 ipsius
892 1288 1054 1321 Francisci
1082 1288 1143 1321 Ma-
1186 1284 1217 1315 in
1250 1294 1313 1326 quo
1350 1288 1422 1315 ante
1460 1282 1640 1325 praemissa
1676 1281 1923 1324 quomodolibet

225 1332 380 1376 ifliii[⁰“¹'³'³‘
407 1342 473 1375 riae
498 1342 637 1375 ministri
663 1342 823 1384 generalis
848 1342 928 1374 votis
956 1342 1015 1373 liae
1039 1342 1072 1373 in
1097 1352 1140 1380 re,
1186 1341 1299 1377 crant,
1326 1342 1464 1376 statum,
1501 1335 1698 1367 restituimus
1734 1334 1922 1377 reponimus

407 1402 561 1438 quantum
577 1406 649 1428 cum
666 1395 802 1428 Domino
820 1405 1001 1438 possumus,
1021 1395 1143 1427 favora-
1185 1394 1215 1421 θῑ
1236 1388 1381 1431 plenarie
1399 1388 1656 1430 l'ssissfflgl‘ssfflllssi
1677 1397 1804 1419 ssssCllOll
1822 1397 1922 1430 super

405 1448 515 1480 biliter
539 1458 684 1481 annuere
710 1448 870 1488 volentes,
889 1457 923 1479 ac
949 1447 1016 1479 eius
1045 1453 1075 1480 et
1095 1446 1142 1479 in·
1184 1441 1400 1484 praenarratis
1448 1440 1680 1473 controversiis
1725 1444 1920 1483 perpetuum

406 1501 452 1533 l'ra
477 1500 716 1533 nominatorum
742 1500 879 1532 fratrum
897 1510 1047 1543 expresse
1069 1511 1142 1542 pro·
1184 1495 1306 1527 cunctis
1330 1494 1495 1526 Silentium
1520 1493 1729 1536 imponimus-

406 1552 563 1585 sessorum
578 1552 704 1585 Ordinis
719 1552 851 1595 praefati
870 1552 1051 1594 singulares
1069 1563 1141 1595 per·
1227 1549 1241 1591 g
1258 1547 1288 1580 5.
1316 1547 1486 1580 Praeterea
1510 1547 1676 1589 utriusque
1701 1545 1800 1588 partis
1826 1555 1919 1588 prae·
1953 1556 2114 1583 Ministro‹.ri·=1

1930 1584 1956 1603 de
1965 1587 2070 1609 praesenti
2080 1591 2114 1609 gu·

406 1616 502 1638 sonas
527 1616 543 1637 a
572 1605 736 1648 quibusvis
773 1605 1137 1644 excommunicationis,
1184 1602 1265 1634 satae
1293 1600 1447 1633 ministris
1480 1605 1512 1632 et
1539 1598 1763 1632 definitoribus
1794 1599 1848 1642 qui
1881 1599 1919 1632 de
1931 1610 2113 1639 bernsutmctam

406 1657 631 1701 suspensionis
666 1663 697 1690 et
722 1657 905 1697 interdicti,
932 1658 1066 1700 aliisque
1092 1668 1141 1690 ec·
1183 1654 1348 1697 praesenti
1373 1653 1405 1686 in
1429 1654 1607 1685 memorata
1638 1653 1803 1695 provincia
1827 1638 2113 1685 divisi‘iss‘itiiiic'ssntiuei'ss

406 1711 594 1744 clesiasticis
611 1711 790 1751 sententiis,
806 1711 952 1743 censuris
969 1716 1000 1743 et
1017 1710 1138 1754 poenis,
1183 1709 1368 1750 gubernant
1395 1708 1489 1749 (QUOS
1514 1716 1636 1739 ommes
1668 1711 1699 1738 Θῑ
1726 1705 1869 1748 Singulos
1903 1688 2030 1738 animm*

406 1775 423 1796 a
448 1764 517 1796 iure
542 1764 590 1796 vel
612 1764 651 1796 ab
677 1763 820 1803 bomine,
839 1763 946 1806 quavis
971 1763 1140 1796 occasione
1183 1760 1331 1803 gubernii
1347 1769 1482 1792 munere
1504 1758 1683 1802 respective
1702 1758 1920 1801 absolvimus),

406 1816 455 1848 vel
482 1818 578 1848 causa
603 1815 684 1855 latis,
703 1815 728 1847 si
752 1815 868 1858 quibus
894 1816 1140 1859 quomodolibet
1181 1824 1309 1847 necnon
1338 1813 1402 1845 illis
1419 1812 1472 1855 qui
1498 1813 1529 1844 in
1547 1812 1692 1855 praefato
1709 1811 1849 1855 capitulo
1866 1822 1922 1843 an-

406 1868 576 1901 innodatae
595 1868 746 1908 existunt,
769 1868 805 1900 ad
825 1867 970 1900 effectum
987 1869 1140 1912 praemis·
1182 1867 1213 1899 ni
1231 1877 1381 1901 MDCvau
1415 1871 1450 1897 ut
1468 1866 1649 1908 praefertur
1666 1866 1832 1897 annullato
1858 1865 1922 1897 ele-

406 1931 515 1953 sorum
539 1921 702 1953 dumtaxat
722 1921 995 1963 consequendum,
1025 1922 1140 1955 harum
1159 1928 1160 1948 1
1181 1921 1223 1953 cti
1247 1921 1390 1960 suerunt,
1409 1925 1443 1951 ut
1467 1918 1615 1952 omnibus
1640 1923 1671 1950 et
1692 1911 1828 1960 singulis
1854 1917 1920 1960 pri-

406 1973 488 2006 serie
513 1973 717 2006 absolventes
735 1979 766 2006 et
781 1973 961 2007 absolutas¹
980 1975 1047 2008 sore
1068 1986 1140 2008 cen-
1159 1976 1160 2005 ἒ
1182 1973 1317 2016 vilegiis,
1334 1971 1579 2016 praerogativis,
1601 1971 1709 2013 gratiis
1727 1976 1759 2003 et
1774 1970 1917 2011 indultis,

406 2031 512 2058 sentes
527 2053 534 2066 ,
559 2026 847 2068 supplicationibus
873 2027 1016 2060 eiusdem
1041 2028 1140 2060 Fran·
1158 2052 1159 2059 ,
1181 2037 1198 2058 a
1222 2025 1348 2058 statutis
1370 2024 1445 2058 dicti
1464 2023 1592 2057 Ordinis
1621 2034 1679 2066 pro
1701 2023 1844 2066 ipsorum
1870 2024 1918 2055 in-

407 2078 480 2111 eisci
507 2079 621 2111 Mariae
654 2078 792 2111 ministri
820 2081 978 2122 generalis
1009 2081 1139 2114 nomine
1158 2068 1160 2087 ³
1181 2079 1291 2111 stituto
1314 2077 1536 2121 praescriptis,
1555 2076 1613 2116 uti,
1634 2076 1693 2108 l'rui
1720 2082 1751 2108 et
1775 2076 1916 2118 gaudere

407 2131 500 2164 nobis
525 2141 625 2174 super
650 2132 711 2164 hoe
736 2132 903 2165 humiliter
919 2134 1075 2176 porrectis
1096 2135 1139 2167 in-
1181 2132 1282 2164 libere
1297 2136 1328 2164 et
1345 2130 1432 2163 licite
1451 2129 1578 2172 possint
1602 2134 1633 2161 et
1650 2130 1786 2170 valeant,
1805 2129 1837 2161 in
1855 2139 1919 2162 om-

407 2182 526 2224 clinati,
550 2194 663 2216 omnes
692 2190 723 2216 et
751 2184 906 2227 singulos,
937 2186 991 2228 qui
1023 2187 1138 2229 poenis
1182 2184 1275 2216 nibus
1308 2188 1337 2216 et
1356 2193 1414 2226 per
1438 2182 1558 2221 omnia,
1581 2182 1717 2225 perinde
1739 2192 1774 2214 ac
1799 2182 1823 2214 si
1841 2182 1920 2224 legi-

407 2242 440 2270 et
473 2238 619 2270 censuris
652 2238 821 2271 occasione
853 2245 1138 2282 praenarrataruin
1183 2237 1257 2269 time
1275 2236 1369 2269 electi
1387 2246 1558 2267 muncrum
1584 2245 1715 2267 suorum
1738 2241 1862 2278 tempus
1880 2235 1920 2267 ab

407 2290 700 2324 controversiarum
726 2291 801 2324 hine
825 2292 900 2324 inde
923 2292 995 2325 latis
1028 2294 1138 2335 quovis
1159 2285 1161 2320 ἶ
1180 2290 1295 2322 iisdein
1321 2289 1446 2322 statutis
1477 2287 1656 2331 praefixum
1692 2288 1919 2331 explevissent,

408 2345 504 2376 modo
526 2344 670 2377 innodati
691 2349 774 2384 sunt,
792 2355 846 2377 scu
865 2345 942 2378 alifis
961 2347 1140 2388 quomodo-
1183 2343 1267 2375 dieta
1283 2342 1481 2381 auctoritate,
1508 2342 1623 2373 harum
1648 2341 1744 2381 serie,
1770 2341 1921 2374 concedi-

408 2396 484 2430 libct
511 2398 542 2429 in
568 2397 750 2440 praemissis
779 2403 831 2430 aut
856 2398 902 2430 rei
930 2404 984 2430 aut
1009 2399 1139 2431 obnoxii
1182 2406 1252 2428 mus
1279 2401 1310 2427 et
1338 2395 1556 2436 indulgemus.
1581 2395 1624 2426 Ac
1642 2394 1793 2427 dilectum
1819 2393 1921 2427 filium

409 2451 555 2490 existunt,
575 2461 591 2482 a
609 2450 754 2482 censuris
769 2455 799 2482 et
813 2451 927 2493 poenis
943 2451 1139 2492 huiusmodi,
1183 2448 1359 2482 Antonium
1378 2459 1395 2480 a
1409 2448 1439 2480 S.
1459 2447 1550 2480 Clara
1580 2448 1710 2480 fratrem
1735 2447 1811 2480 dicti
1830 2446 1922 2480 Ordi—

409 2513 486 2545 quas
512 2509 646 2546 propter
681 2502 793 2535 cadem
827 2504 1001 2546 praemissa
1029 2505 1140 2547 quovis
1183 2502 1241 2542 nis,
1258 2501 1512 2534 commissarium
1528 2501 1723 2534 nationalem
1741 2501 1773 2533 in
1791 2501 1920 2544 provin-

1184 2556 1230 2588 cia
1255 2556 1400 2599 praefata
1418 2555 1611 2597 delegatum,
1627 2566 1643 2587 a
1658 2565 1716 2587 suo
1737 2554 1918 2587 commissa-

446 2617 457 2644 1
479 2617 548 2645 Edit.
571 2617 647 2645 itanu,
670 2618 732 2653 tegit
752 2618 892 2646 absolutos
909 2618 949 2653 (n.
969 2618 1017 2653 T.).
1184 2609 1281 2642 riatus
1297 2608 1480 2642 huiusmodi
1495 2608 1600 2641 cilicio
1614 2609 1918 2649 absolutumfflucto*
