2279 3260
137 242 188 269 An.
206 240 234 268 C.
256 240 325 269 1670

953 239 1094 263 CLEMENS
1117 240 1134 263 X
1160 240 1206 263 ΡΡ.

329 288 399 321 sicia
423 289 643 321 cerlesiastica
660 315 667 329 ,
694 288 817 320 etiamsi
849 293 1060 331 personatus,
1079 292 1081 303 '
1103 298 1312 330 rumcumque
1357 298 1539 320 mensarum
1580 288 1812 330 episcopalium
1829 313 1836 326 ,

328 341 619 374 administrationes
646 347 677 374 et
701 342 805 378 ofliria
831 341 926 374 etiam
953 346 1061 372 curata

327 398 358 425 et
383 394 516 426 electiva
537 394 568 426 in
590 394 830 426 cathedralibus
848 399 880 425 et
899 399 1062 436 metropo-

327 445 435 478 litanis
468 447 519 478 vel
553 446 730 488 collegiatis
763 445 924 485 ecelesiis,
950 456 1005 478 seu
1037 445 1061 476 si

326 498 531 540 parochiales
557 499 722 537 ecclesiae,
743 499 791 530 vel
817 509 926 530 earum
951 508 1063 540 perpe-

327 554 399 581 tuae
426 550 577 589 vicariae,
609 562 644 583 ac
676 550 884 582 canonicatus
918 555 948 582 ct
972 560 1064 592 prae-

327 601 451 634 bendae
470 603 549 645 (non
572 608 676 635 tamen
702 603 733 634 in
754 603 1010 644 catliedralibus)
1029 612 1064 633 ae

329 655 504 696 dignitates
526 656 606 697 (uon
633 661 738 688 tamen
757 655 789 687 in
810 655 932 687 eisdem
956 655 1065 686 catlie-

331 706 474 738 dralibus
500 712 573 749 post
596 707 816 749 pontificalem
835 707 985 744 maiores,
1005 716 1064 737 nee

330 758 527 802 principales
544 760 576 791 in
597 759 775 801 collegiatis
797 759 941 791 ecclesiis
961 758 1066 790 liuius-

332 811 418 848 modi
446 812 586 853 fuerint),
605 812 630 844 si
652 812 711 844 sibi
727 812 805 844 alias
822 811 975 843 canonice
990 821 1066 842 con-

332 862 485 903 ferantur,
503 869 557 896 aut
581 864 640 907 ipsi
667 864 835 905 eligantur,
861 868 1066 906 praesenten-

331 921 390 956 tur,
409 917 456 948 vel
483 917 561 948 alias
587 922 793 948 assumantur
817 917 856 948 ad
882 916 937 948 illa
964 921 996 947 et
1019 916 1067 947 in-

330 969 506 1001 stituantur
522 969 552 1001 in
569 969 642 1008 illis,
662 970 818 1012 recipere,
832 974 873 1008 et,
891 968 1067 1001 dummodo

328 1023 421 1064 plura
448 1021 544 1054 simul
569 1031 633 1054 non
650 1021 714 1053 siut
731 1032 826 1064 quam
853 1032 934 1064 quae
952 1032 969 1052 a
986 1020 1068 1053 Con-

330 1073 405 1106 cilio
427 1073 616 1106 Tridentino
642 1074 880 1116 permittuntur,
900 1073 1004 1116 quoad
1022 1073 1067 1105 vi-

331 1127 438 1159 xerint
464 1127 605 1159 retinere
631 1127 734 1159 libere
761 1132 794 1159 et
818 1127 1068 1169 licite—valcant,

332 1179 481 1211 similiter
504 1179 741 1221 dispensamus.

164 1240 322 1277 rxrjeditionem
378 1232 392 1274 ἓ
417 1231 448 1263 6.
475 1230 630 1274 Quodque
656 1242 769 1264 omnes
795 1237 828 1264 et
849 1241 1069 1275 quaecumque

140 1267 255 1340 ἓὟἙὲΞΜ
267 1273 324 1313 affl?
335 1284 478 1326 gratiae,
511 1283 714 1326 provisiones
734 1310 741 1323 ‚
773 1284 983 1317 commendac
1001 1309 1008 1322 ‚
1034 1294 1070 1315 ac

156 1329 166 1338 ⁴
185 1335 190 1343 '
242 1334 247 1339 ’
336 1342 521 1379 Iraesentes
539 1342 570 1369 ct
588 1338 721 1380 quaevis
747 1337 828 1369 aliae
847 1337 972 1369 litterae
997 1346 1071 1378 apo-

334 1389 479 1428 stolicae,
507 1399 543 1421 ac
568 1390 664 1421 etiam
690 1389 721 1421 in
748 1390 848 1422 forma
874 1389 993 1428 Brevis,
1011 1399 1069 1431 pro

334 1441 397 1474 illis
431 1441 665 1484 expediendae,
693 1442 792 1484 gratis
820 1442 940 1484 ubique
976 1452 1072 1484 expe-

334 1494 483 1534 diantur,
516 1500 579 1526 tam
605 1495 642 1527 de
670 1495 828 1537 capienda
860 1495 1071 1538 possessione

335 1547 466 1579 nomine
482 1558 627 1580 camerae
643 1547 851 1590 apostolieae:
868 1558 962 1590 quam
981 1546 1011 1578 in
1031 1548 1073 1579 fa-

336 1610 413 1632 vore
440 1599 619 1631 litterarum
645 1600 897 1642 apostolicarum
929 1599 983 1631 ubi
1008 1599 1071 1632 illis

336 1662 434 1695 super
458 1651 699 1694 provisionibus
721 1663 995 1695 quorumcumque
1020 1652 1074 1685 be-

336 1706 525 1739 neficiorum
559 1706 850 1739 ecclesiasticorum
883 1706 951 1738 dari
976 1711 1070 1749 pote-

336 1763 423 1799 runt,
443 1762 541 1801 prout
565 1759 683 1791 nostris
702 1759 911 1792 familiaribus
928 1765 960 1792 et
979 1760 1075 1792 conti-

337 1811 409 1843 nuis
428 1811 701 1844 commensalibus
720 1811 815 1844 etiam
838 1812 934 1855 gratis
959 1812 1075 1845 dautur

337 1874 375 1897 ac
399 1864 630 1905 conceduntur,
655 1875 691 1897 ac
716 1865 785 1898 dari
811 1870 842 1898 et
866 1865 999 1898 concedi
1021 1866 1076 1898 de-

337 1917 424 1956 hent,
443 1917 657 1960 praecipimus
685 1922 717 1950 et
739 1919 943 1951 mandamus.
964 1919 1006 1951 Ac
1023 1919 1077 1951 da-

338 1970 450 2013 piferis
474 1969 637 2013 praefatis,
663 1976 695 2003 et
714 1980 826 2003 eorum
852 1971 1011 2014 singulis,
1043 1977 1078 2003 ut

339 2022 534 2065 quicumque
560 2023 621 2055 loci
647 2022 826 2064 Ordinarii,
855 2025 904 2056 vel
930 2024 1076 2056 canonici

339 2076 745 2119 metropolitanarum,aut
769 2077 902 2109 aliarum
928 2077 1079 2110 ecclesia-

339 2138 434 2167 rum,
461 2133 516 2160 aut
540 2139 701 2171 personae
728 2140 952 2172 quaecumque
977 2130 1079 2163 eccle-

340 2181 490 2213 siasticae
526 2181 558 2213 in
584 2181 738 2223 dignitate
764 2182 978 2215 ecclesiastica
1003 2194 1079 2216 con—

340 2234 479 2274 stitutae,
498 2239 563 2266 tam
583 2234 615 2266 in
640 2234 782 2267 Romana
799 2235 886 2267 curia
911 2246 1005 2277 quam
1027 2246 1079 2268 ex-

343 2291 390 2318 tra
408 2297 493 2327 eam,
528 2287 567 2320 ad
602 2287 632 2320 id
660 2298 717 2330 per
738 2298 792 2320 eos
818 2293 849 2320 et
874 2298 987 2321 eorum
1015 2289 1080 2321 sin-

342 2340 435 2382 gulos
456 2339 597 2382 eligendi
624 2350 681 2372 seu
707 2340 890 2383 eligendae,
911 2351 1080 2384 quascum-

343 2402 406 2435 que
446 2392 621 2435 pensiones
658 2403 782 2425 annuas
822 2393 867 2426 eis
903 2405 1079 2438 eorumque

343 2443 480 2486 singulis
496 2454 596 2487 super
612 2445 776 2486 fructibus,
796 2446 988 2488 redditibus,
1008 2458 1080 2490 pro-

342 2496 493 2529 ventibus
509 2523 517 2537 ,
543 2497 667 2530 iuribus
682 2524 689 2538 ‚
718 2498 968 2531 obventionibus
993 2505 1024 2533 et
1048 2510 1081 2532 e-

343 2549 552 2582 molumentis
576 2549 754 2590 universis,
787 2551 883 2584 certis
917 2557 948 2584 et
979 2552 1082 2585 incer-

344 2602 392 2643 tis,
418 2612 454 2635 ae
478 2602 759 2636 distributionibus
785 2605 983 2648 quotidianis
1010 2616 1082 2650 qua-

1103 339 1428 382 arcliiepiscopalium
1448 346 1474 370 et
1503 339 1721 378 abbatialium,
1740 350 1776 371 ac
1794 338 1839 371 di-

1105 392 1259 434 gnitatum
1278 397 1308 424 et
1333 393 1596 432 canonirattium,
1624 397 1654 423 et
1679 392 1840 434 praeben-

1105 445 1228 483 darum,
1256 450 1506 487 eeterortunquc
1538 444 1768 476 beneficiorum
1789 454 1841 476 ec-

1106 498 1368 535 clesiastieorum,
1402 497 1497 529 etiam
1535 508 1593 540 per
1624 502 1755 528 sanetae
1780 496 1841 528 Ro-

1106 560 1217 582 manae
1244 549 1405 582 Ec‹-lesiae
1427 549 1605 581 cardinales
1634 549 1841 581 obtentorum

1106 596 1138 634 dt
1154 602 1363 645 imposterum
1390 602 1654 639 obtinendarum,
1672 611 1743 632 eum
1769 602 1842 631 cura

1107 658 1136 685 et
1160 654 1228 685 sine
1260 656 1347 693 cura,
1374 653 1588 686 saecularium
1619 658 1671 685 aut
1692 662 1843 695 quorum-

1107 706 1151 737 vis
1184 706 1338 738 Ordintuu
1367 706 1583 749 regularium,
1611 716 1665 737 seu
1699 706 1841 744 fructus,

1109 759 1250 790 redditus
1284 764 1315 790 ct
1348 765 1531 801 proventus,
1565 759 1689 801 aliaque
1722 758 1841 789 emolu-

1110 817 1214 843 menta
1245 816 1276 843 et
1302 812 1545 844 distributiones
1579 811 1761 844 huiusmodi
1794 821 1844 842 re-

1109 869 1245 895 servatas
1269 874 1325 895 seu
1350 870 1539 903 reservatos,
1569 874 1604 896 ac
1635 864 1843 896 reservandas

1110 926 1164 947 seu
1190 916 1409 955 reservandos,
1429 917 1552 948 etiamsi
1578 916 1655 948 alias
1679 916 1777 948 semel
1796 916 1843 948 vel

1111 968 1231 1010 pluries
1256 969 1426 1000 translatae
1453 979 1508 1000 seu
1536 968 1680 1001 translati
1708 968 1843 1008 fuerint,

1111 1031 1212 1063 usque
1229 1020 1266 1052 ad
1285 1031 1441 1053 summam
1456 1027 1587 1054 centum
1601 1021 1797 1061 ducatorum,
1812 1021 1844 1053 in

1112 1078 1177 1105 toto
1195 1074 1242 1106 vel
1261 1073 1292 1105 in
1311 1078 1411 1116 perte,
1431 1084 1466 1106 ac
1483 1073 1576 1106 etiam
1594 1074 1626 1106 in
1643 1074 1755 1106 mortis
1772 1073 1846 1105 arti-

1111 1127 1195 1165 culo,
1211 1135 1332 1158 cassare
1348 1130 1379 1158 et
1397 1126 1597 1168 extinguere,
1613 1137 1658 1165 ac,
1674 1131 1845 1169 postquam

1112 1184 1247 1210 cassatae
1263 1184 1293 1210 et
1310 1178 1467 1210 extinctae
1487 1175 1613 1219 fue'rint,
1631 1179 1707 1220 alias
1725 1178 1846 1211 similes

1113 1230 1286 1273 pensiones
1312 1241 1443 1270 annuas,
1462 1241 1519 1263 seu
1545 1231 1676 1271 fructus,
1701 1231 1845 1263 redditus

1113 1289 1144 1315 et
1167 1288 1344 1326 proventus
1371 1289 1402 1316 et
1419 1284 1481 1316 alia
1501 1285 1717 1318 emolumenta
1734 1289 1767 1316 et
1782 1283 1847 1316 dis-

1113 1336 1304 1369 tributiones
1335 1336 1542 1377 huiusmodi,
1571 1346 1672 1379 usque
1700 1336 1738 1368 ad
1764 1346 1848 1368 sum-

1114 1399 1194 1420 mam
1220 1389 1426 1431 praedictam,
1451 1389 1507 1421 uni
1530 1389 1580 1421 vel
1605 1388 1754 1432 pluribus
1780 1388 1849 1421 aliis

1113 1441 1261 1484 personis
1286 1441 1510 1474 ecclesiasticis
1543 1452 1601 1484 per
1625 1442 1756 1474 eosdem
1788 1441 1845 1474 da-

1114 1494 1233 1537 piferos
1260 1499 1291 1526 ct
1315 1504 1426 1526 eorum
1452 1495 1599 1537 singulos
1620 1494 1848 1534 nominandis,

1115 1551 1340 1590 quotcumque,
1359 1558 1584 1590 quaecumque
1606 1553 1638 1580 et
1655 1547 1850 1590 qualiacum-

1116 1610 1178 1642 que
1203 1599 1361 1632 beneficia
1385 1600 1603 1632 ecclesiastica
1627 1599 1850 1633 obtinentibus

1117 1657 1148 1686 et
1165 1653 1420 1695 expectantibus,
1438 1653 1515 1685 alias
1534 1658 1638 1685 tamen
1655 1652 1851 1696 pensionum

1118 1706 1301 1739 huiusmodi
1319 1706 1494 1750 capacibus,
1514 1706 1661 1739 similiter
1680 1706 1725 1738 eis
1747 1705 1852 1749 quoad

1119 1759 1266 1799 vixerint,
1288 1760 1336 1791 vel
1362 1765 1475 1792 eorum
1495 1758 1760 1802 procuratoribus
1774 1758 1853 1800 legi-

1120 1812 1214 1851 timis,
1234 1811 1356 1844 eisdem
1376 1812 1473 1845 modo
1492 1816 1524 1844 et
1541 1812 1644 1844 forma
1663 1811 1779 1855 quibus
1797 1811 1853 1843 eis-

1119 1865 1191 1897 dem
1216 1864 1369 1908 dapiferis
1403 1869 1588 1897 reservatae
1620 1874 1676 1897 seu
1701 1864 1853 1897 reservati

1120 1922 1218 1957 erant,
1238 1917 1332 1949 etiam
1350 1918 1470 1960 absque
1491 1916 1650 1950 beneficia
1670 1917 1853 1950 huiusmodi

1120 1970 1337 2003 obtinentium
1371 1980 1550 2010 consensu,
1579 1970 1704 2012 integre
1736 1970 1856 2013 persol-

1120 2023 1238 2056 vendas
1274 2034 1330 2056 seu
1366 2023 1599 2066 persolvendos
1618 2050 1625 2063 ‚
1651 2028 1682 2056 et
1716 2033 1775 2066 per
1799 2034 1854 2056 eos

1121 2076 1367 2119 percipiendas,
1393 2076 1586 2118 exigendas,
1617 2076 1767 2108 levandas
1784 2103 1791 2116 ,
1820 2086 1856 2108 ac

1121 2129 1366 2172 percipiendos,
1392 2129 1590 2172 exigendos,
1624 2130 1779 2162 levandos
1807 2139 1857 2162 re-

1121 2192 1260 2222 servare,
1279 2182 1476 2215 constituere
1495 2188 1527 2214 et
1540 2183 1703 2225 assignare
1720 2183 1856 2223 valeant,

1122 2235 1249 2278 ipsique
1276 2235 1467 2267 translatarii
1494 2235 1524 2267 in
1550 2235 1792 2278 possessionem
1812 2235 1859 2267 di-

1122 2293 1188 2320 ctas
1212 2288 1389 2331 pensiones
1414 2288 1576 2331 exigendi,
1595 2287 1628 2320 in
1649 2298 1710 2331 qua
1727 2287 1788 2331 ipsi
1807 2288 1860 2320 da-

1122 2341 1214 2384 piferi
1240 2346 1386 2384 tempore
1413 2341 1630 2374 translationis
1656 2351 1715 2384 per
1739 2351 1795 2374 eos
1820 2340 1860 2373 vi‘

1123 2405 1198 2437 gore
1223 2394 1441 2437 praesentium
1467 2394 1631 2427 faciendae
1657 2394 1858 2434 existebant,

1124 2447 1155 2479 iu
1176 2447 1327 2480 omnibus
1349 2453 1380 2480 et
1397 2457 1453 2490 per
1474 2447 1580 2479 omnia
1605 2447 1770 2489 subrogati
1789 2457 1859 2480 esse

1123 2505 1322 2540 censeantur,
1349 2499 1444 2532 etiam
1466 2499 1675 2532 concedimus
1702 2505 1733 2532 et
1757 2499 1861 2532 indul-

1124 2564 1246 2596 gemus,
1265 2554 1388 2586 etiamsi
1413 2553 1552 2586 similem
1579 2554 1713 2595 gratiam
1735 2564 1751 2585 a
1771 2564 1861 2596 prae·

1124 2607 1348 2640 decessoribus
1380 2606 1497 2639 nostris
1530 2606 1608 2639 alias
1646 2606 1755 2639 forsan
1779 2605 1862 2638 obti-

1758 230 1800 263 lit'»
1846 237 1894 262 An.
1918 236 1945 262 c.
1966 235 2033 263 1670
