2279 3260
149 235 201 261 An.
219 234 248 260 C.
271 234 334 262 1671

976 235 1117 258 erlewinus
1140 236 1157 259 x
1181 236 1229 259 1²1³.
1752 230 1809 262 2711
1863 239 1912 263 An.
1931 237 1958 263 e.
1980 237 2043 264 ¹671

343 281 547 316 indemnitati
570 284 740 316 consulere
766 283 959 324 invigilans,
994 291 1079 314 motu

343 335 423 378 pari,
450 341 512 368 etc.
532 335 671 380 „omnia
696 340 728 367 et
751 335 875 377 singula
911 335 1080 366 cathedra-

344 388 431 428 lium,
457 388 555 420 etiam
580 388 903 430 metropolitanarum
929 393 961 420 et
984 388 1080 419 colle-

343 440 502 482 giatarum
539 440 770 473 ecelesiarum¹
808 441 970 483 capitula,
1007 450 1079 472 con-

343 493 566 534 gregationeS,
594 492 826 530 universitates,
854 492 998 534 collegia,
1023 493 1080 524 ho-

344 544 477 587 spitalia,
500 556 536 578 ac
553 545 606 588 pia
627 546 706 580 loca,
725 551 756 577 et
780 545 909 588 quosvis
934 545 1025 584 alios,
1047 544 1077 576 in
1099 559 1101 574 ι

343 608 480 640 quorum
507 598 646 630 savorem
670 603 732 630 tam
750 597 963 630 saecularium
984 608 1078 640 quam

342 651 530 693 quorumvis
549 650 702 683 Ordinum
723 651 920 692 regularium
938 649 991 682 et²
1011 660 1079 682 mo-

341 702 495 742 nasteria,
518 703 692 745 prioratus,
714 703 979 746 praepositurae,
1006 712 1079 734 nec-

342 765 406 787 non
432 755 605 798 dignitates
631 761 663 788 et
687 756 747 788 alia
777 766 998 798 quaecumque
1023 756 1079 786 be-

341 807 456 840 neficia
482 808 699 840 ecclesiastica
721 808 822 847 unita,
845 818 968 840 annexa
988 812 1018 839 et
1035 806 1078 838 in·
1098 849 1099 853 Ἰ

340 866 535 903 corporata,
562 871 617 893 seu
644 860 805 903 applicata
830 861 1016 894 existerent,
1047 864 1099 897 ctj

340 913 470 945 illorum
494 914 632 946 uniones
650 913 695 946 eis
721 914 819 945 sactae
838 913 1075 955 reperirentur,
1097 930 1098 948 3

340 971 633 1008 quantumcumque
660 971 807 1008 exempta
827 970 857 997 et
878 965 1077 1008 privilegiata
1096 973 1098 1010 j

338 1017 524 1058 existerent,
545 1019 668 1051 etiamsi
694 1018 870 1061 superinde
892 1019 924 1050 in
945 1018 1076 1050 Camerti
1096 1023 1097 1041 ³

337 1071 521 1114 Apostolica
539 1082 570 1103 se
590 1081 654 1103 non
674 1070 880 1113 obligassent,
900 1070 1075 1102 dummodo

336 1124 530 1157 monasteria
563 1134 617 1156 seu
644 1123 802 1156 beneficia
836 1123 903 1166 ipsa
928 1113 1097 1166 posside-¹

336 1182 421 1215 rent,
441 1177 479 1209 ad
506 1177 703 1209 solutionem
728 1176 958 1215 communium,
977 1186 1075 1207 anna·
1094 1133 1097 1204 i

1125 283 1275 322 nasleria,
1299 283 1470 327 prioratus,
1490 285 1742 328 praeposituras,
1765 297 1857 330 prae-

1125 336 1295 377 positarum,
1322 337 1524 379 parochiales
1550 338 1703 370 ecclesias
1734 344 1766 371 et
1795 338 1857 371 alia

1124 398 1345 431 qiuiecumque
1361 389 1518 421 beneficia
1531 389 1761 428 ecclesiastica,
1776 401 1858 432 quac

1123 439 1192 482 ipsa
1206 440 1354 483 capitula,
1372 441 1651 483 congregationes,
1668 447 1699 473 et
1716 441 1777 473 alia
1792 443 1859 474 loca

1123 493 1287 538 praedicta
1312 494 1527 536 possiderent,
1548 499 1579 526 et
1603 504 1665 536 quo
1691 494 1784 527 titulo
1804 495 1859 526 illa

1124 546 1351 587 p‹‘›sscdis.<ent,
1378 547 1574 590 illorumque
1601 546 1741 579 annuos¹
1771 548 1858 579 valo-

1124 608 1184 634 rcs,
1209 600 1267 630 suh
1295 599 1482 641 privationis
1502 604 1534 631 ct
1554 599 1624 631 aliis
1642 600 1673 631 in
1692 599 1805 632 litteris
1824 599 1854 631 in

1123 651 1222 683 fornia
1247 652 1475 694 motusproprii
1508 652 1552 683 Pii
1584 652 1603 682 V
1628 652 1856 694 praedecesso-

1122 703 1163 734 ris
1192 704 1374 736 huiusmodi
1397 704 1558 737 contentis
1582 704 1766 744 sententiis,
1785 715 1855 737 cen-

1122 756 1203 788 suris
1229 762 1261 789 et
1285 757 1408 800 poenis,
1426 757 1456 789 in
1476 758 1618 790 Romana
1643 757 1736 790 Curia
1753 763 1785 790 et
1805 768 1857 790 ex—

1122 814 1168 840 tra
1194 819 1263 840 eain
1298 815 1443 841 moneret
1476 815 1507 841 et
1536 809 1736 852 requireret,
1763 814 1858 852 prout

1121 860 1152 892 in
1179 860 1292 893 litteris
1328 861 1373 893 Pii
1407 862 1428 892 V
1461 862 1634 904 praedictis
1672 862 1855 894 huiusmodi

1121 913 1214 944 etiarn
1240 914 1367 955 plenius
1393 914 1588 947 continetur.

1163 965 1177 1007 ξ,
1202 965 1232 997 li.
1258 965 1293 997 Et
1319 966 1434 998 deinde
1457 967 1552 998 etiam
1579 972 1708 999 sanctae
1735 977 1858 999 memo·
1880 980 2051 1010 sisinum-..0-

1120 1017 1183 1049 riae
1209 1018 1312 1049 Sixtus
1341 1018 1424 1060 Papa
1452 1019 1482 1058 V,
1502 1019 1597 1051 etiam
1622 1007 2050 1062 praedecessor'illfflssllmqlil‘ssi

1120 1074 1230 1101 noster
1247 1070 1431 1112 <attendens
1445 1070 1455 1086 ²
1480 1072 1565 1113 quod
1585 1072 1783 1104 tantumdem
1805 1062 2008 1104 de—⁹‘³⁰⁰'¹'¹⁰⁰¹'

1121 1122 1259 1153 trimenti
1274 1121 1438 1163 Gamerae,
1454 1122 1598 1165 Collegio
1618 1129 1649 1156 et
1665 1123 1856 1156 officialibus

1118 1174 1292 1217 praedictis
1313 1186 1348 1208 ex
1382 1175 1566 1215 unionibus,
1585 1187 1666 1220 quae
1697 1177 1737 1208 ab
1765 1176 1856 1209 Ordi-

337 1235 440 1262 tarum
465 1235 496 1262 et
522 1230 655 1262 aliorum
685 1230 804 1261 iurium
834 1228 1073 1272 praedictorum
1095 1227 1097 1231 ’
1118 1226 1215 1259 uariis
1242 1228 1387 1260 locorum
1413 1235 1445 1260 et
1469 1228 1539 1260 aliis
1573 1228 1713 1269 fiebant,
1740 1239 1857 1272 prove-

336 1283 457 1315 eisdem
483 1283 644 1321 Gamerae,
662 1282 805 1325 Collegio
825 1287 856 1314 et
874 1281 1072 1321 officialibus,
1094 1275 1096 1316 l
1118 1279 1235 1319 niebat,
1263 1290 1297 1312 ac
1324 1286 1497 1323 propterea
1522 1291 1661 1323 aequum
1687 1291 1756 1314 esse
1782 1293 1855 1314 cen-

334 1336 460 1368 ratione
487 1335 653 1375 unionum,
675 1335 906 1374 annexionum,
937 1345 993 1367 seu
1019 1344 1074 1376 ap-
1093 1322 1096 1384 i
1117 1343 1190 1364 sens
1213 1333 1275 1371 ut⁸‚
1295 1334 1380 1376 quod
1403 1333 1433 1366 in
1460 1334 1634 1366 unionibus
1655 1345 1714 1377 per
1741 1334 1856 1368 Sedein

333 1387 544 1430 plicationum
561 1387 814 1431 praedictarum,
829 1386 963 1429 singulis
982 1386 1075 1429 quin·
1094 1389 1095 1392 ’
1116 1386 1334 1427 Apostolicam
1360 1386 1449 1418 sactis
1476 1388 1583 1420 locum
1610 1387 1789 1427 obtineret,
1818 1387 1840 1420 il

334 1440 438 1473 decim
464 1440 569 1480 annis,
597 1452 613 1472 a
639 1441 690 1472 die
712 1451 774 1483 qua
799 1440 873 1472 illae
891 1450 982 1472 suum
1007 1449 1074 1471 sor—

334 1495 410 1527 titae
435 1494 569 1526 fuissent
589 1493 746 1533 ell'ectum,
768 1494 945 1526 faciendam
968 1492 1071 1524 teneri

333 1552 365 1579 et
389 1547 548 1588 obligatos
574 1556 654 1586 esse,
680 1551 710 1578 et
736 1546 774 1578 ad
799 1545 831 1578 id
856 1556 915 1588 per
940 1549 1093 1579 senten-l

335 1600 403 1640 tias,
416 1610 567 1632 censuras
582 1605 613 1632 et
626 1610 745 1642 poenas
756 1600 787 1631 in
803 1599 938 1641 singulis
948 1599 1036 1630 Pauli
1048 1598 1071 1630 ll
1091 1581 1093 1632 ¹:

333 1659 364 1685 et
377 1653 513 1685 aliorum
531 1653 820 1695 praedecessorum
837 1662 968 1684 suorum
987 1662 1072 1683 sum-

332 1715 459 1738 morum
473 1703 664 1737 Pontificum
681 1703 795 1736 litteris
809 1709 975 1736 contentas
998 1704 1070 1746 cogi

333 1762 364 1789 et
381 1757 531 1799 compelli
553 1767 658 1799 posse,
678 1755 816 1788 decrevit
836 1761 866 1788 et
884 1756 1068 1795 declaravit,

328 1809 489 1845 mandans
503 1814 678 1852 propterea
692 1809 796 1841 bonae
810 1808 984 1841 memoriae
1002 1808 1070 1840 Hie-

330 1872 474 1905 ronymo,
494 1867 569 1894 tunc
595 1861 749 1904 episcopo
774 1861 994 1901 Maceratensi,
1013 1861 1069 1893 Ca-

330 1925 439 1947 merae
470 1915 676 1958 Apostolicae
705 1914 835 1953 clerico,
864 1910 1090 1957 ammarum-J

331 1978 393 2011 que
409 1967 507 2000 iudici
524 1973 597 1999 tunc
617 1967 778 2007 existenti,
794 1973 839 2007 ut,
855 1978 914 2010 pro
930 1968 1067 2000 faciliori
1088 1959 1089 1991 i

329 2020 536 2062 indagatione
561 2020 716 2052 unionum
736 2021 985 2063 praedictarum,
1005 2031 1068 2053 om-
1086 1994 1089 2048 i

330 2074 383 2105 nia
408 2078 439 2105 et
463 2073 589 2115 singula
614 2073 850 2105 cathedralium
879 2073 975 2106 etiam
1001 2085 1067 2106 nie-

330 2126 602 2168 t:-opolitanarum
627 2130 659 2158 et
684 2126 929 2168 collegiatarum
964 2128 1067 2159 eccle-

328 2179 449 2211 siarum
474 2178 632 2221 capitula,
660 2178 820 2219 collegia,
849 2190 975 2211 necnon
1002 2185 1065 2212 tam

326 2231 469 2263 virorum
501 2241 596 2273 quam
628 2231 797 2263 mulierum
827 2233 1008 2264 saeculares
1034 2237 1065 2264 et

328 2283 510 2326 quorumvis
535 2282 690 2315 Ordinum
725 2285 890 2326 regulares
927 2295 1065 2327 congre-

327 2337 482 2378 gationes,
501 2346 558 2368 seu
577 2336 712 2378 collegia
737 2343 768 2368 et
793 2337 845 2379 pia
870 2338 940 2370 loca
957 2338 1064 2370 huius·
1084 2315 1086 2383 Ι

327 2388 438 2428 modi,
466 2390 719 2432 eorumdemque
744 2391 908 2432 praelatos
934 2396 964 2423 et
989 2402 1064 2434 pro-

326 2447 502 2480 curatores,
520 2443 558 2474 ad
577 2442 783 2474 indicandum
798 2448 828 2475 et
844 2443 1062 2486 profitendum

326 2495 434 2528 medio
460 2495 640 2526 iuramento
665 2495 773 2527 omnia
797 2501 830 2527 et
853 2496 980 2538 singula
997 2507 1063 2529 mo·
1083 2506 1085 2531 Ι

362 2567 370 2592 1
395 2565 465 2591 Edit.
486 2564 566 2591 Maiu.
588 2565 651 2598 legit
670 2565 912 2600 ecclesiarumque
931 2568 968 2602 (a.
986 2570 1036 2602 τ.).

359 2611 375 2638 2
397 2609 527 2636 particula
545 2613 570 2636 et
589 2609 705 2636 delenda
726 2610 829 2638 videtur
847 2618 887 2645 tit.
905 2615 953 2647 Γ).

1116 1439 1170 1471 lud
1206 1438 1290 1471 iden]
1324 1444 1354 1470 et
1379 1439 1492 1471 fortius
1518 1439 1550 1471 in
1587 1439 1764 1472 unionibus
1797 1451 1855 1482 per

1115 1491 1202 1534 ipsos
1226 1491 1413 1524 Ordiuarios
1443 1492 1532 1524 sactis
1559 1497 1591 1524 et
1616 1492 1770 1524 faciendis
1796 1493 1853 1525 ob-

1114 1551 1313 1585 servaretur,
1341 1551 1371 1578 et
1406 1546 1481 1578 licet
1507 1546 1539 1578 in
1569 1545 1852 1578 constitutionibus

1114 1603 1145 1630 et
1163 1598 1276 1630 litteris
1296 1599 1588 1641 praedecessorum
1613 1610 1746 1632 suorum
1764 1609 1852 1632 com-

1113 1651 1273 1693 prehendi
1310 1651 1499 1691 videretur,
1538 1656 1644 1683 tamen
1677 1657 1711 1683 ut
1750 1652 1849 1683 cuivis

1114 1703 1297 1746 disputandi
1323 1704 1449 1736 occasio
1475 1704 1743 1747 praecideretur),
1763 1710 1850 1737 motu

1112 1757 1197 1799 pari,
1230 1762 1311 1796 etc.‚
1343 1757 1456 1788 statuit
1492 1762 1524 1789 et
1559 1757 1733 1790 declaravit
1762 1758 1849 1800 quod

1113 1809 1259 1850 uniones,
1292 1810 1510 1850 annexiones‚
1540 1811 1849 1853 incorporationes,

1111 1862 1345 1895 submissiones
1379 1863 1417 1895 de
1448 1863 1703 1906 quibuscumque
1728 1863 1850 1896 benefl-

1111 1915 1167 1947 ciis
1186 1915 1423 1955 eccelsiasticiS,
1441 1921 1503 1948 lam
1521 1916 1737 1948 saecularibus
1753 1927 1848 1959 quam

1110 1969 1331 2010 regularibus,
1359 1968 1484 2002 etiamsi
1509 1969 1705 2001 monasteria
1729 1969 1849 2002 monia-

1110 2022 1189 2054 lium
1215 2027 1246 2054 et
1271 2022 1445 2064 hospitalia
1470 2022 1614 2062 fuissent,
1637 2032 1719 2065 quae
1741 2027 1847 2054 tamen

1087 2080 1088 2085 ¹
1111 2080 1257 2118 tempore
1283 2075 1427 2118 ipsarum
1464 2075 1617 2108 unionum
1655 2077 1746 2115 cura,
1773 2086 1848 2108 con-

1108 2133 1201 2160 ventu
1221 2133 1253 2159 et
1271 2128 1491 2170 hospitalitate
1510 2127 1692 2160 caruissent
1710 2127 1755 2169 (et
1774 2139 1847 2170 quo-

1108 2190 1179 2211 rum
1205 2180 1419 2221 singulorum,
1440 2181 1498 2219 vel,
1529 2179 1553 2211 si
1572 2181 1666 2222 plura
1691 2180 1847 2212 beneficia

1108 2233 1210 2265 unicis
1228 2233 1342 2265 litteris
1368 2234 1609 2276 comprehensa
1629 2237 1745 2272 essent,
1768 2243 1847 2276 quo-

1108 2296 1178 2317 rum
1196 2285 1368 2317 cuiuslibet
1385 2296 1510 2317 annuus
1528 2286 1617 2318 valor
1634 2285 1745 2327 viginti
1767 2295 1846 2328 qua-

1144 2392 1151 2416 1
1179 2391 1322 2425 Perperam
1338 2391 1401 2417 edit.
1419 2391 1496 2417 Main.
1511 2391 1574 2426 legit
1591 2399 1717 2418 annexos
1732 2399 1779 2426 pro
1795 2400 1846 2417 an-

1107 2443 1177 2463 nuos
1197 2440 1233 2467 (R,
1253 2436 1301 2468 Τ.).

1141 2481 1157 2506 2
1177 2480 1273 2506 Confer
1293 2480 1382 2507 Const.
1400 2487 1462 2506 Χινι
1479 2479 1527 2506 ΡΙ).
1543 2479 1607 2506 Sixti
1623 2481 1644 2505 V
1663 2480 1690 2506 in
1707 2483 1770 2506 tom.
1787 2486 1843 2512 viu,

1106 2534 1165 2560 pag.
1188 2525 1238 2551 ’103
1258 2526 1297 2559 (R.
1320 2530 1367 2557 T.).

1140 2569 1156 2593 3
1178 2567 1310 2593 Particula
1322 2570 1353 2594 ue
1375 2567 1498 2593 addimus
1514 2575 1544 2594 ex
1561 2567 1618 2594 loeo
1634 2566 1775 2602 param-103
1797 2566 1841 2593 ed.

1105 2611 1194 2644 Maia„
1211 2619 1259 2647 pro
1274 2619 1387 2639 censens
1402 2614 1443 2645 ut,
1459 2611 1522 2647 legit
1536 2613 1684 2638 censuerat
1700 2612 1739 2645 (R.
1755 2611 1806 2645 T.)-
