2279 3260
155 252 204 277 An.
222 250 251 277 C.
273 251 343 278 1672

351 300 445 334 ritate
464 300 640 344 praedicta,
661 299 847 332 earumdem
867 302 980 329 tenore
1002 307 1089 339 prae-

350 353 499 394 sentium,
520 353 732 391 declaramus,
753 351 848 394 eique
875 349 1090 393 praecipimus

349 417 388 439 ne
415 405 552 449 amplius
577 404 753 447 quidquam
787 401 1023 435 iurisdictimiis
1059 401 1089 432 in

350 459 462 491 eadem
487 458 652 501 provincia
679 461 837 496 exerceat,
855 456 910 488 sed
927 454 1032 487 statim
1051 454 1090 485 ad

352 511 486 555 propria
500 515 688 543 revertatur.

187 577 279 601 onomat
305 574 341 603 mi·
398 565 412 607 ἓ
436 564 468 597 6.
494 565 593 597 Porro
620 563 703 596 felici
736 572 959 606 prosperoque
988 560 1091 592 dictae

159 606 535 662 sslZlZlnm.pssssl'lsslprovinciae
561 616 591 649 S.
621 616 748 648 Antonii
776 615 931 648 Brasiliae
963 612 1093 655 regimi-

161 654 387 703 {liliihntleffmffiii
413 675 444 703 et
468 669 625 712 gubernio
650 668 823 701 salubriter
848 666 1017 710 providere
1042 675 1094 696 cu-

356 724 491 767 pientes,
518 733 553 755 ac
578 723 616 755 de
647 721 931 764 insraseriljitorum
966 716 1093 751 Ordinis

356 776 490 819 praefati
515 775 737 819 professorum
755 774 826 813 side,
845 772 1029 816 prudentia,
1050 770 1095 802 vi-

356 829 496 871 gilantia,
522 827 689 865 charitate,
712 826 896 868 integritate
916 829 948 857 et
967 823 1097 865 religio-

357 882 405 913 nis
431 882 500 913 zelo
535 880 707 922 plurimum
742 879 775 910 in
806 878 941 911 Domino
972 875 1094 913 conlisi,

358 934 494 966 dilectos
519 933 600 965 filios
625 932 788 964 Simonem
815 942 831 962 a
857 929 960 971 Plagis
981 929 1014 960 in
1039 926 1097 959 mi-

358 987 494 1018 nistrum
520 985 762 1027 provincialem,
792 994 828 1015 ac
852 981 1053 1014 Dominicum
1079 990 1095 1011 a

358 1038 389 1070 S.
417 1037 556 1070 Antonio
588 1038 620 1069 in
651 1036 842 1075 custodem,
869 1044 995 1067 necnon
1028 1032 1098 1064 Mat-

361 1091 490 1123 thaeum
517 1101 533 1121 a
558 1088 835 1127 Praesentatione,
862 1086 1036 1119 Antonium
1058 1085 1096 1116 al)

360 1142 490 1185 Angelis
508 1169 515 1182 ,
548 1142 803 1174 Bonaventuram
837 1150 854 1172 a
884 1138 1040 1177 llosario,
1068 1142 1099 1169 et

360 1195 562 1229 Dominieum
598 1204 614 1225 a
650 1194 863 1236 Martyrilius,
900 1193 1013 1225 fratres
1046 1201 1099 1223 ex-

362 1259 470 1292 presse
496 1248 661 1290 professos
688 1246 815 1279 Ordinis
845 1245 1039 1283 huiusmodi,
1068 1244 1098 1275 in

363 1302 551 1335 definitores
583 1301 726 1333 eiusdem
759 1299 945 1342 provinciae
982 1298 1012 1331 S.
1040 1299 1099 1330 An-

364 1354 443 1387 tonii
480 1354 637 1386 Brasiliae
674 1353 864 1395 respective,
895 1352 934 1384 ad
972 1357 1099 1394 tenipus

364 1418 428 1451 quo
469 1406 625 1439 eiusmodi
669 1406 773 1438 officia
809 1405 895 1437 iuxta
937 1404 1101 1446 regularia

364 1460 508 1492 eiusdem
546 1458 675 1491 Ordinis
714 1459 859 1490 instituta
894 1468 953 1501 per
984 1456 1101 1489 Sedem

365 1512 584 1556 Apostolicam
610 1512 799 1544 confirmata
827 1511 942 1543 durare
971 1519 1102 1542 consue-

365 1570 493 1605 verunt,
516 1576 586 1596 cum
613 1565 764 1596 omnibus
790 1570 820 1596 et
844 1563 979 1605 singulis
1008 1561 1104 1605 privi-

365 1618 469 1661 legiis,
486 1617 728 1661 praerogativis,
755 1617 970 1656 facultatibus,
995 1620 1104 1648 aucto-

367 1671 472 1709 ritate,
494 1670 769 1713 praeeminemus,
802 1669 913 1711 gratiis
942 1674 974 1701 et
998 1668 1104 1700 indul-

368 1724 420 1765 tis,
443 1734 479 1756 ac
505 1723 683 1755 honoribus
706 1728 738 1755 et
766 1722 922 1754 oneribus
947 1721 1049 1754 solitis
1074 1725 1106 1752 et

368 1776 555 1816 consuetis,
583 1775 775 1808 auctoritate
807 1780 836 1807 el
869 1780 980 1807 tenore
1013 1784 1106 1816 prae-

368 1829 453 1869 fatis,
469 1829 696 1862 constituimus
710 1834 741 1861 et
758 1829 969 1871 deputamus,
988 1838 1023 1860 ac
1042 1827 1104 1859 illis

367 1883 509 1916 secundo
538 1883 624 1922 loco,
655 1882 686 1913 in
717 1892 791 1914 casu
818 1881 941 1922 mortis,
968 1880 1105 1913 dilectos

367 1936 489 1980 pariter
513 1934 598 1968 filios
619 1934 854 1967 Bernardinum
879 1944 896 1966 a
911 1933 1108 1966 Purilieatio-

368 2000 407 2022 ne
433 1989 463 2021 in
489 1988 669 2020 ministrum
694 1986 946 2030 provincialem,
979 1991 1010 2019 et
1039 1986 1108 2018 Ste-

368 2043 512 2086 phanum
529 2052 545 2073 a
558 2040 701 2083 Regibus
722 2041 755 2072 in
773 2040 950 2079 custodem,
965 2049 1001 2071 ac
1015 2039 1108 2071 loan-

367 2106 441 2128 nem
461 2106 478 2127 a
494 2095 586 2133 Luce,
606 2099 638 2126 et
653 2093 818 2125 D.111ielem
837 2103 854 2124 a
871 2092 902 2125 S.
925 2092 1104 2132 Francisco,

369 2148 515 2181 eiusdem
534 2146 663 2180 Ordinis
681 2147 854 2189 professos
871 2146 902 2178 in
917 2145 1106 2178 definitores

371 2201 554 2245 provinciae
576 2200 759 2233 huiusmodi
785 2199 966 2242 respective
991 2200 1107 2232 substi-

374 2254 491 2286 tuimus
517 2259 549 2286 et
572 2254 795 2295 subrogamus.

179 2315 252 2361 ἰκει
275 2314 358 2360 '¹¹³⁰'i³'
415 2307 430 2349 g
455 2306 485 2338 7.
512 2306 664 2338 Volentes
688 2311 722 2338 ut
737 2305 884 2338 minister
900 2305 1106 2348 provincialis

178 2347 409 2397 ἐ’ἷιῖἷιῗῗιῖνοῗυῖἷειο
434 2364 541 2392 custos
566 2364 598 2391 et
622 2358 810 2391 definitores
836 2358 882 2391 sic
907 2370 924 2391 a
949 2359 1041 2391 nobis
1059 2359 1108 2392 de-

177 2395 348 2420 fflmmwmm
372 2411 474 2455 putati
506 2411 571 2444 sive
606 2410 770 2443 substituti
807 2411 986 2454 respective
1005 2438 1012 2451 ,
1044 2413 1108 2444 una

373 2475 445 2497 cum
466 2463 686 2496 commissario
704 2474 762 2506 per
779 2469 992 2496 memoratum
1009 2464 1108 2496 Fran-

977 248 1120 272 cuzimns
1142 250 1160 272 x
1184 249 1232 271 1²1².
1755 235 1815 269 311

1869 244 1917 270 Αη.
1935 242 1963 269 C.
1988 241 2056 269 1672

1109 302 1112 356 ἱ
1133 305 1291 328 novorum
1325 294 1575 337 guardianorum
1592 321 1599 333 ,
1626 293 1721 330 >iuxta
1746 297 1865 325 statuta

1110 359 1112 362 ·
1132 348 1260 381 Ordinis
1278 353 1310 380 et
1335 347 1529 390 exigentiam
1547 346 1736 390 provinciae
1754 345 1866 378 huius-

1133 402 1236 441 modi,
1260 401 1424 434 assistant.

1176 454 1190 496 ἓ
1215 453 1244 486 8.
1273 454 1406 486 Demum
1433 452 1536 485 eidem
1558 451 1796 489 commissario,
1823 451 1869 482 sic
1906 462 2063 487 Exequutorem

1117 526 1122 539 ι
1135 506 1335 545 destinando,
1349 509 1536 548 praesentes
1548 504 1672 537 litteras
1684 503 1868 536 executioni
1879 489 1975 515 ‘mum'

1136 559 1318 597 mandandi,
1345 570 1380 591 ac
1407 557 1593 590 demandari
1620 556 1771 596 faciendi,
1799 565 1872 588 nec-

1136 622 1199 643 non
1228 611 1485 644 coutradictores
1511 609 1674 653 quoslibet
1703 614 1735 641 et
1764 608 1872 641 rebel-

1137 665 1193 703 les,
1219 674 1278 706 per
1301 663 1488 702 sententias,
1515 672 1667 695 censuras
1694 666 1726 694 et
1749 671 1873 704 poenas

1137 716 1380 755 ecclesiasticas,
1407 716 1532 759 aliaque
1572 720 1756 758 opportuna
1791 713 1871 746 iuris

1139 774 1170 800 et
1195 768 1267 801 sacti
1293 769 1456 807 remedia,
1492 767 1710 811 appellatione
1740 771 1874 810 postpo-

1138 822 1207 860 sita,
1233 821 1478 864 compescendi,
1506 820 1724 863 auxiliumque
1749 819 1873 852 brachii

1139 874 1313 907 saecularis
1340 874 1378 905 ad
1405 874 1479 912 hoc,
1502 873 1528 905 si
1554 883 1636 915 opus
1657 871 1764 913 suerit,
1787 872 1875 904 invo-

1140 927 1244 965 candi,
1269 936 1502 968 quamcumque
1524 924 1741 957 necessariam
1761 929 1793 957 et
1817 934 1876 967 op-

1140 984 1309 1021 portunam
1333 978 1524 1017 facultatem,
1544 978 1656 1009 eadem
1673 976 1877 1016 auctoritate,

1142 1032 1254 1063 harum
1280 1030 1379 1070 serie,
1407 1030 1580 1062 tribuimus
1606 1036 1638 1062 et
1661 1029 1875 1073 impartimur.

1185 1085 1199 1127 g
1225 1084 1256 1116 9.
1284 1084 1470 1116 Mandantes
1500 1088 1671 1126 propterea
1702 1083 1734 1114 in
1758 1081 1878 1114 virtute
1917 1093 2003 1114 Mamm
2028 1098 2075 1113 esse

1141 1142 1270 1169 sanctae
1297 1136 1513 1176 obedientiae,
1535 1146 1570 1168 ac
1596 1135 1654 1167 sub
1680 1135 1879 1177 indignatio·
1890 1120 2014 1146 'mmmm'

1143 1191 1190 1222 nis
1219 1195 1349 1223 nostrae
1370 1189 1506 1231 aliisque
1532 1187 1655 1220 arbitrii
1676 1187 1778 1220 nostri
1799 1197 1880 1230 poe-

1143 1243 1215 1283 nis,
1257 1242 1408 1275 omuibus
1447 1247 1479 1274 et
1517 1241 1653 1283 singulis
1692 1240 1879 1284 provinciae

1143 1295 1304 1338 praefatae
1323 1293 1562 1337 superioribus,
1584 1293 1746 1333 fratribus,
1771 1302 1882 1336 perso-

1143 1349 1203 1387 nis,
1230 1347 1411 1390 ceterisque
1436 1347 1474 1379 ad
1501 1357 1582 1390 quos
1609 1351 1734 1389 spectat
1758 1351 1790 1378 et
1814 1356 1883 1388 spe-

1144 1401 1241 1433 ctabit
1271 1400 1304 1432 in
1330 1400 1493 1438 futurum,
1532 1405 1566 1431 ut
1598 1399 1880 1442 supranominatos

1146 1454 1260 1486 fratres
1279 1453 1318 1485 ad
1336 1452 1439 1485 officia
1458 1452 1504 1485 eis
1521 1451 1701 1494 respective
1718 1461 1777 1494 per
1794 1461 1882 1493 prae-

1146 1512 1255 1539 sentes
1289 1505 1483 1538 demandata
1507 1504 1705 1547 illorumque
1742 1503 1881 1536 liberum

1147 1560 1333 1592 exercitium
1379 1559 1464 1590 iuxta
1508 1557 1697 1590 earumdem
1736 1562 1884 1589 tenorem

1147 1612 1366 1656 praesentium
1389 1611 1548 1654 recipiant
1565 1616 1596 1643 et
1613 1609 1795 1650 admittant,
1816 1619 1886 1641 eos-

1148 1676 1210 1708 que
1228 1669 1470 1707 recognoscant,
1488 1669 1519 1696 et
1536 1663 1599 1696 illis
1618 1662 1651 1695 in
1669 1661 1821 1695 omnibus
1838 1661 1885 1694 os-

1148 1718 1220 1750 ficia
1245 1716 1431 1750 huiusmodi
1454 1715 1729 1749 concernentibus
1751 1718 1887 1758 pareant

1149 1776 1180 1803 et
1204 1770 1367 1810 obediant,
1395 1770 1587 1812 l'aveantque
1609 1773 1640 1800 et
1664 1767 1816 1800 assistant
1839 1776 1887 1798 re-

1149 1824 1305 1867 spective.

1193 1878 1207 1920 g
1232 1877 1285 1909 110.
1314 1878 1358 1909 Ac
1384 1877 1598 1910 decernentes
1623 1877 1708 1920 ipsas
1734 1885 1887 1920 praesen-
1909 1884 2039 1914 ,Decretum
2055 1884 2082 1904 ir.

1149 1935 1196 1963 tes
1221 1930 1345 1963 litteras
1373 1930 1500 1969 sirmas,
1526 1929 1645 1963 validas
1677 1934 1709 1962 et
1740 1913 1971 1962 efficaces‘¹²³⁰⁸'

1150 1983 1286 2016 existere
1313 1988 1345 2015 et
1379 1983 1458 2023 sore,
1497 1992 1637 2025 suosque
1673 1981 1818 2024 integros
1857 1985 1890 2013 et

1128 2062 1130 2069 ,
1150 2037 1310 2080 plenarios
1336 2035 1468 2069 effeetus
1487 2035 1596 2068 sortiri
1618 2040 1650 2068 et
1677 2035 1835 2073 obtinere,
1854 2044 1891 2066 ac

1127 2090 1221 2139 ,illia
1248 2089 1287 2121 ad
1312 2100 1394 2132 quos
1425 2093 1551 2132 spectat
1589 2093 1621 2121 et
1656 2087 1816 2132 spectabit
1856 2087 1889 2119 in

1151 2144 1302 2183 futurum,
1327 2143 1360 2174 in
1386 2142 1536 2175 omnibus
1557 2147 1587 2174 et
1608 2152 1665 2185 per
1690 2141 1800 2174 omnia
1819 2142 1889 2184 ple-

1151 2196 1281 2228 nissime
1307 2194 1485 2237 suffragari,
1511 2200 1544 2227 et
1568 2194 1608 2227 ab
1634 2194 1680 2227 eis
1710 2193 1888 2237 respective

1151 2249 1383 2282 inviolabiliter
1407 2248 1585 2288 observari,

1194 2303 1208 2345 g
1234 2302 1287 2334 «111.
1315 2301 1431 2345 Sieque
1456 2301 1489 2334 in
1510 2301 1696 2345 praemissis
1718 2311 1776 2344 per
1794 2311 1910 2354 quos·d
1924 2307 1960 2328 Sic
1983 2306 2084 2328 iudican-

1151 2365 1289 2398 cumque
1314 2354 1436 2387 iudices
1461 2354 1642 2387 ordinarios
1661 2359 1692 2387 et
1709 2355 1888 2396 delegatos,
1912 2340 1954 2354 ω’

1151 2409 1248 2441 etiam
1273 2419 1439 2441 causarum
1463 2408 1574 2451 palatii
1603 2407 1771 2451 apostolici
1797 2406 1889 2439 audi-

1152 2467 1247 2501 tores,
1267 2461 1402 2493 iudicari
1423 2466 1455 2494 et
1479 2460 1604 2493 definiri
1631 2460 1765 2500 debere,
1791 2470 1827 2492 ac
1847 2459 1889 2491 ir-

374 2517 495 2550 ciseum
514 2516 644 2548 Mariam
663 2516 843 2549 ministrum
863 2518 1050 2559 generalem
1068 2517 1107 2549 ad
1127 2522 1131 2553 l
1152 2514 1247 2546 ritum
1273 2519 1305 2547 et
1335 2514 1430 2546 inane
1461 2513 1486 2546 si
1523 2523 1616 2546 secus
1652 2523 1751 2556 super
1786 2511 1836 2544 his
1871 2522 1889 2544 a

373 2569 571 2614 provinciam
596 2569 774 2611 praefatam
807 2580 865 2612 pro
897 2569 982 2602 illius
1008 2569 1108 2602 resor-
1152 2578 1324 2611 quoquam,
1347 2567 1457 2611 quavis
1472 2567 1667 2606 auctoritate,
1682 2566 1822 2598 scienter
1837 2565 1888 2598 vel

372 2623 514 2655 inatione
536 2621 736 2662 destinando,
763 2621 914 2655 electioni
941 2621 1107 2655 faciendae
1152 2621 1351 2664 ignoranter,
1376 2619 1550 2663 contigerit
1574 2618 1734 2652 attentari.
