2279 3260
199 236 245 262 Αη.
268 235 297 260 e..
323 234 387 260 ¹⁶72
433 224 498 259 32⁶2

226 295 385 319 omium-...i-
438 283 453 326 ἓ
480 282 531 315 15.
558 282 627 315 Non
650 282 873 326 permittentes
900 292 975 321 vos,
999 291 1054 313 seu
1080 290 1131 312 ve-

210 329 251 367 .,'.'.'
261 328 311 368 rmi'.
321 323 498 368 {13‡{·}²s11=11ni
523 335 708 378 quemlibet,
729 335 775 367 vel
798 333 996 371 donatarioS,
1017 334 1132 374 legata-

201 375 358 400 ⁰⁰¹”‘'²⁵⁰⁰⁰‘¹¹'
398 388 473 427 rios,
493 388 651 421 haeredes
672 393 702 420 et
720 397 921 420 successores
946 390 1068 417 vestros
1085 394 1132 416 re-

397 441 549 484 spective,
581 441 700 473 aliosve
725 439 918 483 praedictos,
948 438 997 470 vel
1023 447 1132 470 eorum

397 495 546 537 aliquem,
566 494 703 537 desuper
725 504 742 526 a
767 502 929 535 quoquam
956 490 1133 533 quomodo—

398 547 478 580 libet
506 546 649 579 indebite
674 544 851 584 molestari,
871 542 1065 587 perturbari,
1084 543 1132 575 vel

400 600 478 633 alias
503 599 614 642 quovis
647 599 742 631 modo
775 596 942 639 impediri,
973 594 1135 628 contradi-

401 659 506 686 ctores
531 651 691 696 quoslibet
716 657 745 683 et
769 650 919 688 rebelles,
945 647 1133 680 auctoritate

403 708 511 739 nostra
525 704 698 749 praedicta,
714 714 771 747 per
784 702 972 741 sententias,
986 712 1135 734 censuras

402 763 434 790 et
457 768 576 801 poenas
602 756 848 793 ecclesiasticas,
872 755 996 798 aliaque
1022 764 1137 796 oppor-

403 816 479 843 tuna
499 810 576 842 iuris
603 815 634 842 et
660 809 730 841 sacti
749 808 902 847 remedia,
920 806 1137 850 appellatione

401 862 583 907 postposita
599 889 606 901 ,
631 861 869 905 compescendo
885 888 892 900 ,
919 859 1137 902 legitimisque

401 927 501 959 super
522 915 571 948 his
590 915 749 948 habendis
764 914 895 946 servatis
922 912 1138 956 processibus,

403 978 560 1001 censuras
578 973 609 1000 et
633 978 755 1010 poenas
776 967 872 1010 ipsas,
893 968 1018 998 serrata
1040 965 1156 1004 forma

403 1021 537 1054 Concilii
557 1020 746 1060 Tridentini,
766 1020 863 1053 etiam
880 1019 1002 1052 iteratis
1019 1018 1140 1050 vicibus

405 1074 622 1117 aggravando,
649 1072 858 1105 interdictum
885 1071 1139 1105 ecclesiasticum

407 1126 621 1169 apponendo,
652 1131 683 1158 et
708 1125 860 1158 auxilium
884 1124 1007 1156 brachii
1033 1133 1142 1156 saecu-

408 1180 493 1220 laris,
511 1184 670 1223 quatenus
689 1189 770 1222 opus
795 1178 843 1218 sit,
870 1178 1063 1210 invocando.

235 1243 345 1262 ‹maan-aa
365 1248 398 1271 νγ
453 1234 467 1275 ξ
493 1232 544 1265 16.
571 1232 642 1264 Non
665 1231 868 1264 obstantibus
892 1230 1142 1274 p1‘aemissi5,ac

215 1269 398 1319 iiiiissifissi'ifsxcu
409 1285 604 1318 recolendae
618 1284 791 1317 memoriae
803 1282 956 1316 Bonisacii
968 1283 1070 1325 Papae
1080 1282 1142 1314 vttl

409 1339 505 1371 etiam
524 1338 783 1381 praedecessoris
801 1336 899 1369 nostri
915 1337 953 1369 de
970 1338 1043 1374 una,
1062 1340 1094 1367 et
1111 1335 1143 1367 in

409 1391 547 1424 concilio
568 1389 711 1432 generali
731 1389 816 1422 edita
841 1389 879 1421 de
897 1388 1019 1420 duabus
1041 1387 1141 1426 dietis,

410 1444 587 1477 dummodo
604 1443 688 1475 ultra
707 1447 770 1474 tres
787 1441 888 1474 dietas
907 1440 1022 1484 aliquis
1041 1445 1145 1472 aucto-

409 1497 501 1530 ritate
516 1496 736 1539 praesentium
748 1495 780 1527 in
794 1494 949 1527 iudicium
963 1504 1029 1525 uon
1045 1493 1144 1525 traha-

411 1556 474 1590 tur,
492 1559 617 1582 necnon
632 1547 788 1592 praedicti
807 1547 852 1579 Pii
868 1547 903 1579 IV
919 1546 1145 1590 praedecesso-

410 1604 454 1636 ris
469 1610 531 1636 tam
546 1612 644 1646 super
658 1601 831 1635 residentia
845 1600 1083 1644 episcoporum,
1097 1611 1145 1632 ar-

411 1656 690 1699 chiepiscoporum
711 1659 741 1687 et
760 1654 898 1687 aliorum
918 1655 1144 1696 praelatorum,

412 1720 539 1742 necnon
560 1713 719 1741 rectorum
738 1706 976 1750 parochialium
996 1706 1147 1738 ecclesia-

411 1773 491 1801 rum,
510 1766 760 1803 ceterorumque
774 1759 939 1803 personali
954 1759 1146 1791 residentiae

413 1815 638 1848 adstrictorum
664 1819 750 1846 extra
776 1814 863 1846 illam
894 1813 1148 1856 quomodocum-

413 1879 475 1911 que
501 1866 735 1906 decedentium,
762 1865 819 1898 sub
841 1865 948 1897 datum
967 1875 1011 1898 vn
1037 1865 1148 1898 kalen-

414 1923 468 1954 das
493 1919 682 1959 decembris,
708 1918 913 1962 pontificatus
937 1918 985 1950 sui
1010 1929 1095 1951 anno
1116 1928 1146 1958 v,

413 1986 469 2007 seu
495 1974 558 2006 alio
582 1972 699 2005 veriori
726 1976 880 2014 tempore,
904 1982 997 2014 quam
1022 1971 1060 2004 de
1079 1981 1150 2013 gra-

415 2028 466 2060 tiis
489 2028 725 2071 qualecumque
746 2024 904 2057 interesse
923 2024 1025 2057 dictae
1046 2024 1149 2057 Came-

413 2092 466 2114 rae
498 2079 771 2114 concernentibus
807 2078 839 2110 in
875 2078 987 2110 eadem
1018 2077 1149 2111 Camera

414 2135 496 2167 intra
531 2138 655 2166 certum
690 2137 767 2164 tunc
802 2142 990 2174 expressum
1023 2136 1147 2174 tempus

414 2186 677 2231 praesentandis,
705 2189 735 2217 et
759 2185 791 2217 in
817 2184 871 2216 illa
901 2184 1035 2227 eiusque
1058 2184 1159 2217 libris·

414 2239 635 2283 registrandis,
651 2236 793 2280 alioquin
813 2237 921 2269 nullae
942 2242 973 2269 et
989 2237 1148 2270 invalidae

414 2294 552 2326 existant
576 2292 628 2335 (ad
653 2291 737 2335 quod
763 2301 818 2323 vos
848 2300 903 2322 seu
931 2289 1072 2333 aliquem
1095 2301 1148 2323 ve-

413 2352 512 2379 strum
540 2345 640 2378 teneri
666 2345 755 2377 nullo
781 2343 877 2376 modo
902 2344 1047 2375 volumus
1063 2370 1070 2383 ,
1092 2344 1147 2376 sed

413 2404 603 2443 praesentes
628 2398 762 2437 litteras,
788 2407 823 2429 ac
848 2396 954 2428 omnia
972 2401 1002 2428 et
1022 2396 1148 2439 singula

413 2452 444 2485 iu
471 2453 532 2485 illis
557 2456 718 2491 contenta,
734 2449 839 2482 valida
864 2454 896 2481 et
921 2448 1061 2481 efficacia
1079 2449 1145 2482 sore

412 2513 440 2538 et
468 2516 550 2546 esse,
571 2515 606 2537 ac
623 2514 715 2536 snum
740 2501 921 2546 plenarium
938 2506 970 2534 et
986 2501 1029 2533 int
1046 2512 1146 2544 ¹grum

413 2557 559 2591 elli—vtum
585 2556 691 2590 sortiri
716 2560 748 2588 et
764 2555 924 2594 obtinere,
947 2554 979 2586 in
996 2554 1145 2587 omnibus

413 2618 443 2645 et
469 2622 526 2657 per
550 2610 668 2650 omnia,
686 2609 820 2653 perinde
842 2618 878 2640 ae
902 2606 977 2640 siin
998 2606 1067 2650 ipsa
1091 2607 1146 2640 Ca-

972 232 1152 257 BULLAmtiu
1178 231 1330 256 nonaum!

1913 229 1960 254 An.
1980 227 2011 253 C.
2034 226 2100 253 1672

1174 281 1261 311 mera
1285 283 1511 321 praesentatae
1549 284 1580 311 et
1604 278 1786 311 insinuatae
1815 287 1851 309 ac
1875 276 1907 308 in

1174 331 1243 364 eius
1268 331 1359 364 libris
1383 332 1568 374 registratae
1596 330 1742 370 tuissent,
1766 328 1909 361 decerni-

1174 395 1244 417 mus
1270 389 1302 417 et
1324 385 1536 428 mandamus),

1218 437 1233 479 §
1255 435 1308 468 17.
1338 436 1380 468 Ac
1397 436 1468 479 piae
1486 436 1661 469 memoriae
1680 435 1757 468 Sixti
1774 434 1797 465 V
1815 438 1846 466 et
1863 433 1907 465 Pii
1934 445 1986 466 sm.
1999 446 2104 466 voiun-

1176 488 1271 521 etiam
1296 488 1330 528 V,
1354 487 1573 521 Romanorum
1599 487 1694 521 etiam
1717 472 2104 520 Pontificum5¹0⁴..¹'¹¹nv„;‡ffii

1176 541 1462 583 praedecessorum
1481 539 1601 582 pariter
1620 545 1816 578 nostrorum,
1835 548 1910 570 con·
1923 525 1981 547 vm·
1997 527 2036 545 ‘’²‘'

1179 598 1225 625 tra
1249 593 1454 635 illegitimos,
1479 598 1510 625 et
1535 597 1727 625 testamenta
1743 618 1750 632 ,
1781 591 1912 623 codicil-

1179 647 1238 686 los,
1267 647 1384 689 legata,
1412 646 1615 684 donationes,
1641 650 1673 677 et
1697 654 1913 687 quascumque

1179 699 1258 731 alias
1279 698 1509 742 dispositiones
1526 698 1564 730 ad
1582 707 1692 730 eorum
1710 707 1767 729 seu
1785 707 1822 729 ex
1836 695 1921 739 ipsis
1964 718 1967 721 -

1180 751 1449 785 descendentium
1470 750 1611 783 savorem
1631 749 1728 783 tactas
1745 750 1915 781 annullan-

1181 806 1279 845 tibns,
1299 809 1331 837 et
1347 803 1482 848 praefati
1509 802 1661 836 Bonisacii
1687 802 1917 845 praedecesso-

1181 858 1246 899 ris,
1276 868 1334 901 per
1359 868 1453 900 quain
1482 855 1707 889 concessiones
1742 855 1780 887 de
1806 854 1917 886 fructi-

1182 912 1240 944 bus
1258 910 1476 954 percipiendis
1506 910 1537 941 in
1563 909 1707 941 absentia
1733 908 1802 940 sine
1831 918 1918 950 prae-

1183 964 1330 997 finitione
1357 962 1483 996 termini
1509 962 1577 995 fieri
1599 961 1827 1005 prohibentur,
1845 970 1918 993 nec-

1184 1029 1249 1052 non
1274 1027 1438 1050 sacrorum
1464 1026 1625 1049 canonum
1651 1019 1682 1048 et
1706 1014 1917 1046 conciliorum

1184 1071 1381 1114 generalium
1407 1069 1567 1109 decretis,
1595 1069 1709 1112 quibus
1734 1067 1920 1100 decernitur

1184 1125 1345 1167 praelatos
1385 1128 1416 1156 et
1440 1122 1651 1155 beneficiatos
1676 1130 1916 1164 quoscumque,

1185 1182 1319 1220 propter
1336 1187 1399 1209 non
1425 1175 1646 1215 residentiam,
1672 1185 1729 1207 seu
1755 1174 1920 1217 incompa-

1186 1229 1378 1269 tibilitatem,
1394 1229 1443 1261 vel
1461 1227 1523 1260 alia
1541 1238 1743 1271 quacumque
1761 1227 1800 1259 de
1818 1229 1920 1266 causa,

1188 1283 1307 1315 fructus
1333 1281 1540 1314 ecclesiarum
1556 1307 1563 1320 ,
1595 1280 1865 1312 monasteriorum
1890 1284 1922 1312 et

1186 1335 1428 1374 beneficiorum,
1440 1333 1535 1366 etiam
1550 1332 1832 1372 consistorialium‚
1845 1342 1921 1365 suos

1187 1399 1250 1421 non
1277 1388 1390 1427 facere,
1412 1386 1467 1419 sed
1493 1397 1548 1419 eos
1573 1385 1719 1418 ecclesiis
1748 1396 1804 1418 seu
1825 1385 1924 1418 bene-

1188 1441 1275 1480 ficiis,
1293 1451 1352 1484 pro
1371 1451 1482 1473 eorum
1499 1438 1715 1482 reparatione,
1732 1439 1781 1471 vel
1802 1448 1925 1471 succes-

1188 1494 1315 1527 soribus
1342 1493 1373 1525 in
1399 1493 1444 1525 eis
1470 1492 1594 1532 deberi,
1622 1493 1670 1524 vel
1696 1491 1727 1523 in
1753 1501 1925 1534 quoscum-

1189 1557 1249 1590 que
1274 1546 1353 1580 alios
1380 1545 1450 1589 pios
1474 1555 1549 1577 usus
1567 1544 1598 1577 in
1618 1549 1718 1577 totum
1736 1545 1785 1577 vel
1803 1543 1834 1576 in
1854 1554 1926 1587 par-

1191 1605 1254 1632 tem
1284 1599 1464 1641 erogandos
1489 1602 1542 1629 aut
1567 1597 1717 1630 Gamerae
1741 1596 1925 1641 praedictae

1188 1653 1237 1685 vel
1263 1651 1453 1694 cuicumque
1486 1649 1580 1683 alteri
1614 1649 1825 1693 applicandos
1856 1658 1926 1682 esse

1190 1703 1456 1748 disponentibus,
1487 1708 1517 1735 et
1547 1712 1823 1745 quorumcumque
1849 1701 1928 1734 alio-

1191 1768 1259 1790 rum
1285 1757 1503 1790 Romanorum
1528 1754 1720 1788 Pontificum
1738 1755 1927 1798 praedeces-

1190 1821 1300 1843 sorum
1325 1810 1447 1854 pariter
1472 1815 1669 1848 nostrorum,
1688 1819 1724 1840 ac
1754 1807 1849 1840 etiam
1875 1818 1926 1840 no-

1191 1863 1274 1904 stris,
1292 1874 1387 1906 super
1406 1864 1622 1906 praeIatorum
1638 1867 1669 1894 et
1685 1861 1823 1893 aliorum
1835 1860 1927 1892 bene·
1964 1882 1968 1884 -

1191 1915 1370 1949 ficiatorum
1388 1914 1613 1948 decedentium
1631 1913 1753 1957 spoliis,
1772 1913 1927 1945 hactenus

1192 1969 1287 2002 editis
1313 1973 1343 2001 et
1368 1967 1399 2000 in
1425 1972 1590 2011 posterum
1615 1966 1772 2006 edendis,
1796 1971 1826 1998 et
1853 1975 1928 1998 can-

1192 2022 1342 2055 cellariae
1357 2020 1554 2064 apostolicae
1573 2020 1683 2062 regula
1701 2020 1738 2052 de
1754 2019 1821 2051 iure
1837 2029 1929 2062 quae-

1192 2077 1255 2109 sito
1281 2086 1346 2108 non
1371 2075 1529 2114 tollendo,
1556 2073 1692 2116 aliisque
1717 2072 1928 2116 apostolicis,

1192 2140 1228 2162 ac
1244 2130 1276 2161 in
1296 2127 1533 2161 universalibus
1551 2126 1871 2169 provincialibusque
1899 2130 1926 2158 et

1191 2181 1397 2226 synodalibus
1422 2179 1567 2213 conciliis
1592 2179 1695 2218 editis,
1722 2178 1929 2222 generalibus

1192 2236 1240 2268 rel
1266 2233 1470 2277 specialibus,
1490 2232 1775 2265 constitutionibus
1795 2237 1825 2264 et
1845 2231 1931 2264 ordi-

1191 2287 1386 2327 nationibus,
1405 2298 1441 2319 ac
1458 2285 1740 2325 declarationibus,
1759 2285 1929 2328 dictaeque

1191 2339 1404 2373 cancellariae
1430 2339 1551 2381 regulis
1567 2365 1574 2379 ,

1233 2393 1247 2436 ς
1274 2392 1322 2425 18.
1340 2392 1474 2425 Necnon
1491 2391 1596 2432 Urbis,
1615 2390 1766 2423 Gamerae
1792 2396 1824 2423 et
1843 2390 1928 2423 Basi-

1190 2445 1269 2478 lit-ae
1290 2444 1537 2489 praedictarum,
1563 2448 1595 2475 et
1622 2443 1844 2482 ecclesiarum,
1861 2453 1929 2475 mo-

1190 2499 1402 2531 nasteriorum
1425 2503 1456 2531 et
1481 2497 1700 2541 hospitalium,
1716 2496 1810 2529 etiam
1837 2496 1866 2529 S.
1885 2496 1928 2529 Io-

1190 2550 1281 2584 annis
1300 2549 1592 2593 Hierosoly-mitani,
1611 2549 1813 2592 aliorumque
1839 2550 1925 2582 Ioco-

1189 2615 1267 2646 rum,
1287 2609 1349 2636 tam
1366 2604 1578 2637 saecularium
1604 2614 1699 2648 qnam
1716 2602 1925 2645 regularium,

1966 2395 1988 2415 E*
2001 2396 2122 2417 numanam

1940 2421 2050 2443 Alexamtu
2067 2423 2108 2444 tu.
