2279 3260
187 221 233 247 An.
251 221 278 246 C.
302 221 365 248 ¹671

213 386 335 408 Exordium.

213 856 315 877 Concedit
329 863 364 877 ex·

182 885 307 908 «implumem
342 885 365 904 ul·

181 909 201 928 in
217 909 308 929 rubrica.

1010 221 1152 245 CLEMENS
1173 221 1191 244 X
1215 221 1264 244 PP-

603 271 736 298 Clemens
755 271 833 304 Papa
852 271 875 297 X

518 313 554 341 ad
574 313 706 341 futuram
730 314 774 340 rei
794 312 973 340 memoriam.

423 373 587 406 Romanus
612 373 768 413 Pontifex,
788 373 960 415 gratiarum
983 373 1112 415 dispen-

379 430 476 465 sator,
494 435 570 458 suos
595 429 627 457 et
647 424 850 467 Apostolicae
868 424 958 457 Sedis
979 425 1111 456 devotos

379 482 411 509 et
427 476 547 517 fideles,
564 477 754 520 praesertim
774 477 848 510 illos
867 477 920 520 qui
939 477 966 509 ei
988 482 1020 509 et
1037 476 1109 509 Sedi

376 529 541 572 praefatae
573 532 662 572 grata
697 529 919 562 familiaritatis
955 529 1111 572 obsequia

376 581 493 624 iugiter
517 581 719 624 impendunt,
741 582 890 624 specialis
914 583 1111 614 benevolen-

376 633 438 666 tiae
456 634 616 666 favoribus
634 634 801 676 complecti
819 635 908 673 solet,
924 638 1029 677 prout,
1043 644 1111 676 per-

375 696 527 718 sonarum
561 686 768 728 qualitatibus
804 686 911 718 debite
943 686 1107 729 pensatis,

375 743 484 771 censet
509 738 627 771 rationi
653 743 684 771 et
708 738 862 781 aequitati
885 748 954 771 esse
979 748 1111 770 consen-

377 795 517 823 taneum.

420 843 434 886 ἓ
458 843 489 875 1.
512 842 593 876 Hinc
617 848 667 875 est
691 843 789 886 quod,
814 853 871 875 nos
896 844 1109 885 quorumdam

377 895 580 928 familiarium
606 901 801 934 nostrorum,
821 905 957 938 quorum
979 895 1110 927 nomina

375 948 457 980 iufra
471 953 543 980 sunt
557 958 715 990 expressa,
729 948 939 986 indemnitati,
954 952 1108 990 quantum

375 1011 448 1032 cum
472 1000 606 1032 Domino
627 1009 797 1042 possumus
817 1001 998 1039 consulere,
1025 1000 1109 1032 illos-

375 1063 436 1095 que
461 1052 656 1095 specialibus
677 1052 837 1085 favoribus
855 1058 887 1084 et
908 1052 1017 1095 gratiis
1035 1063 1108 1095 pro-

373 1104 462 1147 sequi
488 1105 644 1144 volentes,
663 1110 694 1137 et
711 1115 823 1137 eorum
841 1104 1020 1147 singulares
1042 1115 1107 1147 per-

373 1167 469 1189 sonas
500 1168 517 1189 a
542 1157 709 1200 quibusvis
743 1158 1106 1198 excommunicationis,

372 1210 595 1253 suspensionis
621 1216 654 1242 et
678 1210 864 1250 interdicti,
893 1210 1030 1253 aliisque
1056 1221 1107 1243 ec-

371 1262 560 1294 clesiasticis
577 1262 752 1301 sententiis,
774 1263 916 1295 censuris
934 1270 964 1297 et
980 1263 1105 1305 poenis,

371 1325 388 1346 a
413 1313 482 1346 iure
505 1315 554 1347 vel
579 1315 617 1346 ab
643 1315 783 1355 homine,
802 1316 912 1358 quavis
933 1316 1104 1348 occasione

370 1367 420 1399 vel
445 1369 540 1399 causa
564 1367 645 1407 latis,
673 1367 698 1399 si
725 1367 839 1410 quibus
860 1368 1106 1411 quomodolibet

369 1419 543 1453 innodatae
562 1420 710 1461 existunt,
730 1422 769 1453 ad
791 1421 938 1454 effectum
957 1432 1105 1464 praesen-

370 1471 449 1504 tium
474 1472 639 1505 dumtaxat
674 1474 959 1516 consequendum,
989 1474 1103 1506 harum

368 1525 453 1558 serie
477 1525 680 1559 absolventes
697 1531 728 1558 et
752 1527 916 1559 absolutas
941 1527 1010 1559 sore
1035 1538 1103 1559 cen-

368 1583 486 1617 sentes,
500 1583 591 1611 motu
605 1579 752 1621 proprio,
767 1584 800 1611 et
815 1590 852 1612 ex
868 1582 954 1612 certa
968 1580 1102 1612 scientia

367 1640 403 1662 ac
426 1632 551 1662 matura
576 1631 809 1664 deliberatione
841 1632 976 1672 nostriS‚
998 1633 1101 1675 deque

367 1683 565 1725 apostolicae
582 1684 749 1726 potestatis
769 1684 970 1726 plenitudine
990 1685 1101 1727 (etiam

366 1739 496 1777 praeter
512 1740 544 1768 et
561 1736 644 1768 ultra
668 1747 888 1779 quascumque
914 1737 992 1769 alias
1014 1737 1101 1770 simi-

365 1788 413 1819 les
443 1789 493 1820 vel
518 1788 689 1820 dissimiles
715 1789 883 1831 generales
913 1790 961 1822 vel
979 1791 1101 1832 specia-

365 1840 412 1872 les
437 1839 566 1881 gratias,
594 1841 771 1880 facultates,
803 1841 1032 1883 exemptiones,
1052 1841 1100 1874 in-

365 1892 454 1924 dulta
478 1897 509 1924 et
531 1892 701 1935 privilegia
734 1893 856 1925 eisdem
888 1893 1097 1926 familiaribus

363 1944 447 1977 infra
478 1945 652 1978 nominatis
694 1946 848 1978 hactenus
878 1957 895 1979 a
925 1947 1017 1979 nohis
1049 1950 1097 1981 vel

364 1997 516 2030 Romanis
549 1997 757 2031 Pontificibus
792 2000 1097 2042 praedecessoribus

363 2050 483 2083 nostris
507 2060 678 2083 concessas
707 2056 739 2083 et
763 2062 922 2092 concessa,
944 2057 976 2085 et
996 2053 1098 2097 impo-

363 2108 486 2135 sterum
522 2103 617 2135 etiam
642 2113 659 2134 a
683 2104 776 2136 nobis
803 2109 835 2136 et
858 2106 1096 2139 successoribus

363 2155 479 2187 nostris
492 2154 645 2187 Romanis
660 2155 783 2197 pariter
799 2156 1006 2190 Pontificibus
1024 2169 1096 2191 con-

363 2208 524 2240 cedendas
549 2212 580 2240 et
604 2208 819 2249 concedenda,
840 2220 919 2252 quas
936 2221 1047 2243 omnes
1065 2217 1097 2244 et

363 2259 516 2302 singulas,
539 2270 577 2292 ac
601 2260 707 2293 omnia
732 2265 763 2293 et
786 2261 934 2304 singula,
960 2264 1094 2306 perinde

362 2324 400 2346 ac
421 2313 445 2345 si
462 2313 590 2346 illarum
607 2319 638 2346 et
652 2313 784 2346 illorum
804 2315 947 2348 omnium
966 2321 1093 2351 tenores

362 2366 585 2409 praesentibus
614 2367 757 2409 expressi
792 2378 828 2400 ac
865 2368 904 2401 de
928 2370 1026 2402 verbo
1056 2371 1117 2411 ad,

361 2419 493 2451 verbum
517 2418 630 2452 inserti
657 2419 769 2459 forent,
787 2420 820 2452 in
845 2431 900 2454 suo
926 2422 1042 2455 robore
1064 2430 1116 2456 et<

360 2470 510 2504 firmitate
527 2481 694 2504 remanere
712 2477 745 2505 et
761 2483 845 2513 esse,
868 2484 928 2507 nec
945 2485 1003 2517 per
1023 2476 1093 2508 illas
1114 2506 1115 2513 ,

360 2529 414 2557 aut
447 2524 503 2557 illa
535 2524 656 2557 eisdem
690 2527 915 2568 praesentibus
954 2530 1003 2561 vel
1035 2540 1094 2572 per

1154 270 1203 301 vel
1230 279 1282 300 eas
1313 278 1368 300 seu
1402 278 1439 301 ea
1470 269 1605 302 invicem
1639 270 1791 303 confundi
1828 282 1883 303 seu

1154 319 1312 363 impediri,
1334 321 1408 360 sed,
1433 321 1529 353 etiam
1554 323 1747 355 cumulative
1771 334 1886 366 proce·

1154 373 1273 413 dendo,
1293 384 1387 405 unam
1417 384 1475 405 seu
1502 384 1600 405 unum
1621 385 1680 417 per
1708 376 1802 407 aliam
1828 386 1884 408 seu

1154 424 1241 457 aliud
1259 425 1441 458 coadiuvari
1461 430 1492 457 et
1509 426 1653 468 suppleri
1673 436 1770 469 posse
1788 432 1819 459 et
1834 428 1886 459 de-

1154 478 1230 510 bere
1245 478 1448 510 decernimus
1466 482 1498 510 et
1522 478 1749 521 declaramus),
1767 479 1886 512 eisdem

1155 529 1364 561 familiaribus
1398 530 1518 563 nostris
1550 530 1633 563 infra
1656 531 1837 569 nominatis,
1855 537 1887 564 et

1153 591 1264 613 eorum
1289 581 1430 621 cuilibet,
1457 583 1540 625 quod
1566 592 1677 614 eorum
1702 589 1734 615 et
1757 583 1888 615 cuiusli-

1152 634 1207 665 bet
1231 644 1341 666 eorum
1368 635 1540 674 haeredes,
1568 635 1741 675 donatarii,
1768 636 1887 678 legata-

1153 685 1191 717 rii
1217 690 1249 717 et
1273 697 1494 727 successores,
1521 692 1585 720 tam
1610 698 1646 720 ex
1671 692 1885 728 testamento,

1153 748 1208 769 seu
1234 737 1296 770 alia
1317 738 1540 781 dispositione,
1561 750 1656 782 quam
1676 740 1715 772 ab
1733 740 1887 773 intestato

1152 790 1277 823 ratione
1304 792 1469 834 sanguinis
1499 793 1545 825 eis
1563 797 1596 825 et
1619 793 1752 826 cuilibet
1776 803 1888 826 eorum

1153 843 1377 882 succedentes,
1405 844 1469 877 sive
1494 844 1546 877 alii
1572 846 1611 877 ab
1637 844 1693 885 eis,
1720 850 1751 878 et
1776 856 1887 878 eorum

1153 895 1306 937 quolibet,
1326 907 1501 940 eorumque
1531 903 1562 931 et
1582 899 1752 932 cuiuslibet
1775 909 1888 932 eorum

1154 947 1364 988 haeredibus,
1382 949 1569 990 donatariis,
1590 951 1754 993 legatariis
1771 957 1802 984 et
1818 962 1890 985 suc-

1152 999 1334 1032 cessoribus
1352 1001 1538 1034 huiusmodi
1563 1012 1690 1035 causam
1715 1005 1888 1046 quomodo-

1152 1051 1230 1083 libet
1251 1052 1408 1085 babentes
1434 1054 1636 1097 quicumque,
1662 1066 1723 1098 per
1747 1067 1887 1090 camera-

1150 1103 1233 1135 rium
1258 1110 1405 1139 nostrum
1430 1117 1489 1149 pro
1515 1112 1658 1150 ternpore
1679 1108 1885 1149 existentem,

1151 1155 1385 1189 thesaurarium
1412 1160 1610 1200 generalem,
1628 1165 1682 1192 aut
1702 1161 1885 1194 commissa-

1149 1208 1241 1247 rium,
1260 1210 1309 1242 vel
1328 1210 1507 1252 spoliorum
1533 1211 1713 1255 iuriumque
1734 1212 1884 1246 Gamerae

1149 1261 1355 1302 Apostolicae
1368 1263 1553 1296 debitorum
1566 1265 1756 1298 collectores
1771 1270 1803 1298 et
1815 1266 1885 1298 sub-

1148 1314 1350 1354 collectores,
1376 1315 1439 1348 sive
1465 1317 1544 1348 alios
1568 1328 1790 1361 quoscumque
1815 1319 1884 1352 offi-

1147 1365 1244 1397 ciales
1270 1371 1300 1398 et
1324 1366 1489 1400 ministros
1515 1368 1616 1411 ipsius
1638 1369 1799 1411 Gamerae,
1825 1381 1881 1404 seu

1147 1428 1368 1462 quoscumque
1401 1421 1504 1460 alios,
1549 1427 1612 1454 tam
1643 1423 1770 1456 ratione
1803 1435 1882 1467 quo-

1146 1481 1353 1515 rumcumque
1383 1474 1616 1508 beneficiorum
1646 1476 1880 1510 ecclesiastico-

1145 1533 1215 1556 rum
1233 1526 1475 1567 quomodolibet
1491 1534 1747 1571 nuncupatorum
1764 1536 1796 1562 et
1809 1541 1880 1573 qua-

1146 1576 1357 1620 litercumque
1383 1579 1662 1622 qualificatorum,
1689 1582 1785 1615 etiam
1810 1594 1880 1626 per-

1144 1630 1288 1662 sonalem
1313 1631 1520 1664 residentiam
1548 1634 1794 1676 requirentium,
1821 1646 1880 1679 per

1144 1692 1199 1714 eos
1218 1683 1372 1715 hacteuus
1392 1685 1600 1718 obtentorum
1615 1692 1647 1718 et
1663 1686 1696 1719 in
1712 1693 1878 1730 posterum

1144 1734 1414 1776 obtinendorum,
1446 1737 1679 1782 cuiuscumque
1705 1740 1820 1773 valoris
1846 1745 1878 1773 et

1143 1787 1240 1819 annui
1261 1788 1405 1820 redditus
1432 1790 1529 1822 etiarn
1555 1791 1696 1832 maximi,
1720 1793 1875 1826 excessivi

1143 1845 1174 1871 et
1198 1839 1458 1883 inexcogitabilis
1483 1842 1630 1883 existant,
1661 1855 1755 1887 quam
1780 1845 1876 1878 etiam

1142 1892 1265 1925 ratione
1291 1904 1566 1938 quarumcumque
1599 1897 1792 1939 pensionum
1821 1910 1876 1931 an-

1140 1954 1276 1977 nuarum
1301 1956 1399 1989 super
1424 1948 1590 1990 quibusvis
1615 1949 1781 1990 fructibus,
1802 1951 1876 1984 red-

1140 1997 1259 2030 ditibus
1276 2003 1307 2030 et
1323 2000 1533 2041 proventibus
1558 2002 1783 2035 ecclesiasticis
1803 2014 1875 2046 apo-

1139 2051 1250 2082 stolica
1274 2052 1465 2085 auctoritate
1483 2053 1528 2085 eis
1550 2054 1705 2087 hactenus
1730 2065 1874 2089 reserva-

1140 2108 1249 2142 tarum,
1266 2113 1322 2135 seu
1338 2103 1371 2136 in
1390 2114 1445 2137 eos
1461 2105 1556 2138 simili
1571 2107 1759 2140 auctoritate
1778 2113 1874 2141 trans-

1138 2156 1282 2195 latarum,
1302 2166 1337 2188 ac
1355 2156 1393 2188 de
1414 2162 1523 2190 cetero
1549 2158 1660 2191 eadem
1685 2160 1871 2193 auctoritate

1139 2207 1184 2240 eis
1209 2209 1492 2250 reservandarum,
1522 2216 1577 2243 aut
1603 2211 1636 2244 in
1661 2222 1715 2245 eos
1740 2213 1873 2245 transfe-

1137 2262 1334 2302 rendarum,
1373 2263 1411 2295 ad
1450 2273 1684 2308 quamcumque
1715 2276 1871 2299 summam

1138 2315 1235 2348 etiam
1260 2315 1429 2349 maximam
1462 2322 1494 2349 et
1524 2317 1807 2361 inexcogitabilem
1839 2331 1872 2353 a-

1136 2368 1302 2409 scendant,
1322 2369 1412 2401 nullo
1437 2379 1578 2412 unquam
1603 2375 1748 2413 tempore
1774 2383 1871 2415 super

1136 2421 1230 2454 rebus
1266 2426 1297 2454 et
1326 2421 1421 2454 bonis
1453 2432 1511 2465 per
1542 2433 1598 2455 eos
1630 2428 1661 2455 et
1693 2426 1870 2466 quemlibet

1136 2485 1248 2507 eorum
1281 2475 1457 2518 respective
1483 2486 1542 2518 pro
1568 2481 1713 2520 tempore
1747 2478 1867 2511 relictis

1136 2529 1275 2572 (etiarnsi
1301 2528 1340 2560 ab
1365 2529 1539 2569 intestato,
1568 2535 1600 2562 et
1623 2530 1691 2563 sine
1724 2531 1790 2562 ulla
1817 2532 1867 2563 vel

359 2581 548 2622 praesentes
574 2576 638 2610 illis
662 2578 694 2610 in
719 2579 827 2623 aliquo
851 2580 1090 2624 praeiudicari,
1135 2594 1207 2616 cum
1232 2584 1336 2617 minus
1360 2585 1463 2618 valida
1483 2586 1642 2619 bonorum
1660 2596 1792 2618 suorum
1810 2586 1868 2619 dis-

1785 214 1849 247 987
1896 224 1945 249 An.
1961 223 1989 249 c.
2014 223 2076 250 ¹671
