2279 3260
162 260 211 292 Ᾰη.
233 262 262 292 C.
278 264 342 292 1671

189 1166 330 1188 Canonizatto.

202 2271 345 2297 Indulgentiae

163 2299 297 2319 visitantibus
314 2303 344 2317 se-

356 313 444 346 silica
469 313 503 346 Β.
530 311 615 345 Petri
640 309 799 353 Principis
836 296 1056 352 apostolorum
1075 334 1082 347 ,

354 365 386 398 in
401 376 462 408 qua
476 363 609 397 solemni
625 363 688 395 ritu
704 372 775 394 cum
792 361 935 393 eiusdem
949 359 978 392 S.
996 359 1033 391 R.
1049 359 1082 391 E.

990 258 1133 283 CLEMENS
1154 259 1173 282 X
1198 257 1246 282 1²1³.

1129 305 1236 339 tentiis
1261 304 1512 338 misericorditer
1531 304 1562 336 in
1580 304 1715 335 Domino
1741 305 1862 335 relaxa-

1104 355 1106 389 ,'
1128 359 1231 391 vimus
1256 358 1286 390 in
1306 357 1405 390 forma
1426 357 1587 390 Ecclesiae
1609 358 1772 389 consueta.

352 417 579 456 cardinalibus,
605 414 810 458 patriarchis,
833 411 1085 455 archiepiscopis
1105 395 1107 424 l

1106 437 1108 462 ί
1172 410 1254 455 ἓ48.
1274 411 1329 444 llis
1347 410 1493 454 peractis,
1509 410 1607 442 Deum
1623 410 1747 441 Patrem
1764 413 1863 440 aeter-

1753 246 1816 279 997
1863 254 1912 280 An⁴
1931 253 1961 280 c.
1986 252 2049 281 1671

1925 419 2055 443 indulgentia

1874 446 1968 470 plenaria
1993 451 2055 471 prae-

353 475 385 503 et
409 468 581 512 episcopis,
608 477 644 499 ac
667 466 792 499 dilectis
825 465 900 498 filiis
924 465 1086 497 Romanae
1130 475 1228 504 num,
1253 474 1428 507 regemque
1464 462 1586 505 gloriae
1619 461 1778 495 Christum
1803 461 1976 493 Donenubus.

354 521 466 554 Curiae
491 519 664 563 praelatis,
682 518 873 550 officialibus
898 522 929 549 et
954 516 1089 549 familia-

356 574 443 606 ribus
464 572 592 611 nostris,
613 573 700 604 clero
718 570 872 603 saeculari
891 575 921 602 et
938 568 1086 611 regulasi,

355 637 391 658 ac
407 625 544 658 maxima
567 623 678 667 populi
705 622 887 666 frequentia
904 632 995 654 mane
1013 631 1090 653 con-

356 678 510 717 venimus,
527 682 601 719 post
624 676 725 708 trinas
752 686 810 718 pro
836 673 1089 707 canonizationis

354 731 488 763 decreto
513 729 606 762 nobis
627 728 757 761 nomine
784 727 858 760 dieti
877 726 983 760 Caroli
1003 725 1088 767 regis

353 793 412 826 per
436 782 590 815 dilectum
613 781 712 814 silium
730 786 874 813 nostrum
891 778 1088 812 Ludovicum

354 836 438 868 tituli
464 835 495 868 S.
523 834 659 867 Sabinae
684 833 715 873 S.
738 833 775 866 R.
803 833 836 866 E.
868 832 1090 876 presbyterum

354 889 551 921 cardinalem
577 888 615 921 de
642 888 871 920 Portocarrero
907 896 965 929 pro
997 889 1089 928 parte

354 941 500 975 eiusdem
525 941 611 983 regis
631 945 797 983 porrectas
818 938 1000 982 petitiones,
1019 941 1091 980 post

354 1003 461 1026 sacros
483 993 629 1036 hymnos,
649 991 787 1031 litanias,
806 991 959 1033 aliasque,
977 998 1090 1032 preces

355 1051 428 1090 post
452 1046 589 1089 Spiritus
615 1044 722 1078 Sancti
748 1043 883 1087 gratiam
900 1043 958 1075 rite
976 1043 1091 1085 implo-

355 1104 474 1139 ratam,
862 1089 871 1098 ’

398 1150 479 1194 ξ46.
496 1150 542 1183 Ad
560 1150 718 1183 honorem
732 1149 950 1182 sanctissimae
968 1153 999 1181 et
1013 1147 1091 1180 indi-

352 1203 467 1236 viduae
481 1202 655 1243 Trinitatis,
670 1203 708 1235 ad
724 1202 950 1235 exaltationem
964 1205 1091 1233 sanctae

353 1256 428 1289 fidei
446 1256 627 1289 catholicae
654 1261 685 1288 et
708 1255 901 1287 christianae
922 1253 1089 1296 religionis

353 1314 580 1352 augmentum,
613 1308 802 1341 auctoritate
831 1307 957 1340 Domini
988 1306 1090 1339 nostri

351 1361 424 1394 Iesu
441 1361 570 1401 Christi,
583 1362 753 1394 beatorum
768 1361 993 1403 apostolorum
1006 1359 1091 1392 Petri

352 1419 384 1446 et
407 1414 515 1454 Pauli,
539 1424 575 1446 ac
599 1416 718 1453 nostra,
738 1413 974 1445 deliberatione
999 1423 1091 1455 prae-

353 1466 472 1507 habita,
499 1472 529 1499 et
555 1466 661 1499 divina
679 1476 740 1509 ope
759 1465 886 1508 saepius
912 1465 1089 1508 implorata,

353 1529 390 1551 ac
415 1520 453 1552 de
479 1518 712 1552 venerabilium
749 1519 882 1551 fratrum
907 1523 1089 1550 nostrorum

354 1572 499 1605 eiusdem
526 1572 557 1604 S.
578 1572 615 1604 R.
635 1573 669 1605 Ε.
690 1571 926 1611 cardinalium,
955 1571 1091 1614 patriar-

355 1626 499 1665 charum,
528 1625 845 1668 archiepiscoporum
872 1629 903 1657 et
923 1624 1092 1667 episcopo-

355 1688 426 1710 rum
444 1678 476 1709 in
492 1677 577 1710 Urbe
595 1677 798 1711 existentium
813 1677 960 1718 consilio,
976 1677 1010 1709 B.
1029 1677 1091 1708 Lu-

356 1731 504 1764 dovicum
528 1731 739 1764 Bertrandum
765 1732 915 1763 Sanctum
945 1740 1013 1763 esse
1039 1730 1092 1762 de-

355 1784 514 1816 crevimus
542 1789 573 1816 et
599 1782 815 1822 definivimus,
838 1794 874 1815 ac
898 1782 1090 1815 Sanctorum

355 1847 427 1869 eum
453 1838 600 1879 catalogo
627 1835 868 1879 adscripsimus,
886 1843 981 1879 prout
1002 1846 1091 1878 prae-

354 1890 493 1923 sentium
519 1895 631 1923 tenore
658 1890 890 1929 decernimus,
923 1889 1091 1921 delinimus

354 1949 385 1977 et
412 1943 644 1976 adscribimus:
678 1948 855 1975 statuentes
883 1943 922 1975 ab
949 1942 1092 1974 Ecclesia

354 1996 528 2029 universali
554 1996 699 2039 quolibet
727 2007 812 2029 anno
838 1996 888 2029 die
906 2007 923 2028 x
950 1995 1090 2029 octobris

354 2050 544 2083 memoriam
559 2049 626 2082 eius
643 2049 729 2082 inter
745 2055 869 2082 sanctos
887 2049 1091 2082 Confessores

354 2113 418 2135 non
442 2102 614 2135 Pontifices
640 2102 692 2145 pia
717 2102 888 2135 devotione
914 2101 1013 2134 recoli
1038 2102 1091 2134 de-

354 2155 444 2188 bere.
471 2155 505 2187 ln
530 2155 658 2187 nomine
685 2155 798 2194 Patris,
817 2160 848 2187 et
872 2154 953 2195 Filii,
972 2160 1003 2187 et
1023 2154 1091 2197 Spi-

355 2208 433 2241 ritus
457 2208 574 2247 Sancti,
599 2218 703 2240 amen.

400 2262 414 2304 g
438 2261 491 2293 47.
506 2261 623 2293 Eadem
642 2261 828 2293 auctoritate
848 2261 997 2293 omnibus
1013 2260 1092 2293 utri-

163 2324 458 2371 fflffiffiffdssisspusque
483 2323 576 2345 sexus
601 2313 866 2345 christifidelibus
886 2324 958 2345 vere
980 2313 1092 2356 poeni-

163 2403 202 2424 nis.

162 2379 194 2396 ,ιω
209 2377 295 2403 singulis
310 2366 497 2399 an-tentibus
524 2371 556 2398 et
579 2366 744 2406 confessis,
767 2365 818 2408 qui
838 2365 929 2397 annis
954 2365 1090 2408 singulis

357 2419 389 2452 in
417 2419 467 2452 die
502 2419 583 2451 sesto
616 2418 717 2461 ipsius
741 2418 772 2451 S.
801 2418 951 2451 Ludovici
981 2419 1019 2450 ad
1044 2429 1092 2451 se-

326 2494 328 2496 v
357 2474 514 2516 pulcrum,
535 2472 567 2504 in
592 2482 654 2515 quo
680 2471 749 2504 cius
775 2482 891 2515 corpus
906 2471 1090 2514 requiescit,

359 2526 552 2558 vIsitandum
582 2525 793 2565 accesserint,
828 2531 954 2568 septem
987 2535 1090 2557 annos

357 2590 392 2612 ac
410 2578 544 2611 totidem
564 2578 786 2620 quadragenas
804 2578 843 2610 de
872 2577 1025 2610 iniunctis
1046 2577 1091 2609 eis

357 2637 411 2667 aut
435 2631 512 2664 alias
547 2630 794 2675 quomodolibet
829 2630 946 2663 debitis
979 2629 1092 2674 poeni-

1107 508 1263 570 {.minum,
1290 517 1391 550 Patris
1416 516 1649 559 sempiternum
1674 515 1810 552 Filium,
1834 520 1866 546 et

1109 571 1279 603 ‘Sanctum
1320 570 1514 602 paraclitum
1560 568 1730 611 Spiritum,
1767 577 1865 598 unum

1131 623 1242 662 Deum,
1273 633 1438 665 unumque
1464 621 1642 657 Dominum,
1659 620 1809 652 laudibus
1837 624 1868 651 et

1132 675 1387 708 confessionibus
1402 674 1556 713 venerati,
1573 683 1729 715 sacroque
1746 672 1866 715 hymno

1139 728 1178 761 Te
1194 728 1297 761 Deum
1315 727 1500 760 solemniter
1514 727 1692 765 decantato,
1711 724 1865 768 peculiari

1132 781 1164 813 in
1191 782 1349 813 bonorem
1379 781 1412 812 B.
1441 779 1589 812 Ludovici
1624 778 1769 811 oratione
1793 788 1867 820 pre-

1133 833 1194 866 cati
1212 843 1319 865 sumus
1336 842 1395 875 per
1411 832 1555 864 eiusdem
1573 831 1696 870 merita,
1715 836 1809 873 atque
1828 829 1867 862 ad

1133 887 1233 918 altare
1254 885 1284 918 S.
1306 885 1391 918 Petri
1409 885 1550 927 apostoli
1576 884 1704 916 missam
1730 883 1872 916 celebra-

1132 938 1233 970 vimus
1259 948 1330 969 cum
1364 937 1509 970 eiusdem
1543 936 1648 969 Sancti
1676 946 1872 968 commemo-

1133 990 1266 1030 ratione,
1285 990 1502 1032 omnibusque
1517 988 1782 1022 christifidelibus
1796 993 1871 1020 tunc

1133 1042 1358 1086 praesentibus
1384 1042 1563 1085 plenariam
1588 1041 1731 1074 omnium
1757 1051 1871 1084 pecca-

1134 1102 1238 1128 torum
1270 1105 1403 1127 suorum
1440 1094 1674 1136 indulgentiam
1701 1099 1732 1125 et
1755 1092 1870 1125 remis-

1133 1149 1258 1181 sionem
1278 1147 1509 1181 concessimus.

1177 1201 1191 1244 ἓ
1217 1200 1270 1233 49.
1299 1200 1435 1243 AEquum
1461 1200 1557 1241 igitur
1589 1204 1638 1231 est
1669 1209 1727 1231 nos
1753 1199 1869 1241 gratias

1134 1263 1229 1296 agere
1254 1257 1285 1285 et
1309 1253 1439 1285 laudare
1457 1252 1557 1285 Deum
1582 1252 1707 1284 Patrem
1728 1252 1870 1294 omnipo-

1135 1311 1277 1345 tentem,
1306 1305 1358 1348 qui
1383 1315 1509 1337 servum
1535 1315 1627 1337 suum
1652 1304 1818 1336 benedixit
1839 1303 1869 1336 in

1135 1358 1223 1392 omni
1260 1357 1490 1391 benedictione
1526 1356 1684 1400 spirituali
1721 1361 1755 1388 ut
1788 1361 1873 1388 esset

1134 1416 1262 1444 sanctus
1287 1415 1318 1442 et
1343 1410 1565 1443 immaculatus
1591 1420 1698 1442 coram
1723 1409 1814 1451 ipso,
1843 1414 1873 1441 et

1135 1464 1223 1497 dedit
1240 1464 1330 1496 illum
1344 1463 1502 1496 universis
1520 1462 1784 1495 christifidelibus
1798 1467 1873 1493 tam-

1135 1528 1231 1560 quam
1248 1517 1425 1559 fulgentem
1446 1517 1547 1548 lucem
1563 1516 1594 1547 in
1611 1515 1668 1547 hac
1687 1519 1779 1547 nocte
1798 1524 1870 1556 pcc-

1135 1576 1278 1603 catorum
1303 1576 1334 1602 et
1360 1569 1601 1602 tribulationum
1627 1573 1816 1605 nostrarum,
1836 1572 1871 1598 ut

1136 1623 1295 1656 Ecclesiae
1313 1632 1424 1666 pacem
1439 1627 1470 1654 et
1487 1621 1763 1664 tranquillitatem,
1786 1620 1872 1662 prin-

1135 1677 1258 1720 cipibus
1283 1674 1470 1708 christianis
1497 1680 1638 1717 optatam
1653 1673 1871 1715 concordiam,

1136 1735 1167 1763 et
1187 1729 1371 1762 infidelibus
1389 1739 1406 1761 a
1424 1728 1472 1761 via
1490 1727 1598 1760 salutis
1624 1727 1807 1759 errantibus
1826 1727 1872 1758 lu-

1134 1793 1208 1815 men
1228 1781 1371 1814 veritatis
1396 1780 1575 1813 obtineant.
1600 1781 1757 1812 Adeamus
1774 1779 1872 1821 igitur

1136 1846 1206 1868 cum
1231 1834 1347 1867 fiducia
1373 1834 1528 1866 thronum
1564 1832 1691 1866 divinae
1718 1832 1845 1875 pictatis
1862 1859 1869 1871 ‚

1135 1899 1191 1921 ore
1218 1892 1249 1920 et
1274 1897 1370 1929 opere
1396 1886 1615 1929 supplicantes
1649 1891 1683 1917 ut
1715 1885 1745 1917 S.
1773 1885 1872 1917 Ludo>

1135 1941 1222 1973 vicus
1241 1939 1392 1972 universo
1419 1939 1596 1971 christiano
1621 1939 1743 1981 populo
1769 1937 1872 1980 prosit

1135 1993 1257 2026 meritis
1281 1998 1312 2025 et
1338 1991 1514 2034 exemplis,
1541 1991 1692 2034 precibus
1729 1990 1811 2022 adsit
1835 2001 1869 2021 ac

1135 2045 1323 2090 patrocinio,
1346 2049 1377 2077 et
1397 2044 1428 2076 in
1444 2049 1592 2086 tempore
1614 2043 1798 2075 iracundiae
1817 2041 1870 2075 siat

1135 2098 1368 2133 reconciliatio.
1602 2135 1604 2138 v

1180 2152 1260 2196 g50.
1280 2152 1438 2191 Ceterum,
1455 2151 1529 2195 quia
1541 2150 1669 2183 difficile
1684 2151 1764 2183 foret
1783 2159 1870 2192 prae-

1135 2213 1244 2239 sentes
1276 2211 1401 2239 nostras
1432 2205 1556 2238 litteras
1590 2205 1629 2237 ad
1653 2204 1778 2245 singula
1803 2205 1872 2236 loca

1135 2260 1188 2292 ubi
1215 2269 1296 2302 opus
1322 2263 1407 2291 esset
1432 2257 1559 2298 deferri,
1586 2257 1732 2289 volumus
1762 2261 1796 2287 ut
1824 2265 1874 2287 ea-

1136 2323 1206 2345 rum
1231 2311 1400 2354 exemplis,
1424 2310 1519 2342 etiam
1551 2308 1742 2351 impressis,
1777 2318 1871 2339 manu

1136 2371 1243 2397 tamen
1269 2363 1388 2407 publici
1419 2361 1535 2395 notarii
1562 2360 1761 2403 subscriptis,
1779 2366 1809 2392 et
1834 2359 1874 2391 si-

1113 2443 1114 2458 ,
1136 2419 1213 2461 gillo
1238 2416 1374 2450 alicuius
1403 2425 1559 2459 personae
1585 2414 1617 2446 in
1633 2413 1798 2455 ‘dignitate
1824 2423 1875 2445 eca

1112 2459 1315 2503 lclesiastica
1346 2469 1541 2501 constitutae
1576 2466 1727 2506 munitis,
1758 2465 1872 2497 eadem

1112 2500 1254 2566 lubique
1280 2522 1361 2555 fides
1395 2516 1602 2560 adhibeatur,
1637 2529 1718 2561 quae
1751 2518 1872 2550 eisdem

1136 2575 1361 2619 praesentibus
1380 2574 1595 2606 adhiberetur
1618 2571 1642 2604 si
1657 2574 1764 2604 essent
1785 2569 1872 2602 exhi-

1135 2629 1220 2661 bitae
1246 2629 1297 2661 vel
1321 2632 1483 2661 ostensae.

1915 1204 1998 1225 Gratias
2020 1206 2064 1230 agit

1881 1231 1933 1252 Deo.

1917 2153 2066 2179 Tranzumpto-

1882 2186 1926 2201 rum
1942 2180 1999 2201 tides
