2279 3260
239 254 288 280 m
309 253 335 279 c.
363 254 427 280 {573
474 245 537 279 7100

436 310 501 336 tuin
528 304 679 346 generale
712 303 882 337 consiliunt
907 303 1008 346 ipsius
1034 303 1105 340 loci,
1132 301 1169 333 ad

436 356 583 389 effectum
602 357 731 390 videndi
757 368 797 390 an
822 362 854 389 et
878 361 997 399 quanta
1022 364 1095 397 pars
1117 364 1172 396 po-

437 410 502 452 puli
538 410 626 452 ipsos
663 409 849 443 Carmelitas
882 408 1104 446 desideraret,
1137 416 1172 437 ae

438 468 546 505 posset
569 474 622 495 eos
647 462 711 495 suis
737 460 950 504 eleemosynis
976 463 1170 497 sustentare;

438 520 468 547 et
493 515 616 558 pariter
640 519 844 557 compertum
868 514 969 545 fuerat
996 521 1107 544 omnes
1126 511 1172 543 di-

437 574 518 600 ctam
552 579 665 601 novam
703 567 921 600 fundationem
960 574 1110 598 recusare
1136 574 1170 597 ex

439 621 558 653 eisdem
585 621 689 653 causis
714 631 808 663 snpra
839 618 995 657 narratis,

482 674 580 713 Unde,
608 674 757 705 devoluta
781 674 876 704 causa
908 671 946 703 ad
976 670 1173 713 praedictam

438 727 730 769 Congregationem
755 724 982 763 cardinalium*⁷
1011 724 1111 755 fuerat
1135 723 1173 754 ab

439 780 550 811 eadem
585 778 741 821 scriptum
773 777 952 809 venerabili
989 775 1074 808 fratri
1108 786 1175 807 mo-

440 833 540 863 derno
566 831 719 873 episeopo
740 829 966 872 Calaguritano
992 839 1051 871 pro
1077 828 1176 860 infor-

439 884 592 924 matione,
613 883 675 926 qui,
698 883 771 915 licet
789 881 954 914 retulisset
972 880 1033 913 sibi
1051 884 1177 912 consta-

440 948 473 968 re
499 947 559 980 per
583 935 814 969 instructiones
843 939 983 967 secretas
1009 933 1135 965 habitas
1159 943 1175 965 a

440 989 515 1021 viris
541 989 579 1021 ab
605 988 691 1021 omni
724 987 910 1031 suspicione
936 985 1051 1019 alienis
1086 985 1176 1018 dicti--

440 1052 503 1084 que
521 1041 632 1084 oppidi
651 1051 759 1073 rerum
775 1040 895 1083 optime
915 1038 1040 1082 peritis,
1060 1038 1176 1071 dictam

441 1094 661 1128 fundationem
686 1093 766 1126 nulli
792 1093 824 1125 in
843 1091 1073 1136 temporalibus
1096 1091 1177 1123 darn-

441 1158 560 1187 nosam,
580 1152 611 1180 et
629 1147 779 1180 omnibus
804 1146 836 1178 in
862 1145 1084 1189 spiritualibus
1109 1145 1195 1177 fore'

441 1200 626 1244 proficuam,
647 1200 787 1243 ideoque
801 1199 956 1249 maiorem
974 1197 1087 1241 populi
1104 1208 1178 1240 par-

443 1259 505 1286 tem
532 1253 619 1286 illam
645 1253 847 1292 desiderare,
867 1257 985 1289 tamen,
1008 1261 1079 1283 cum
1097 1251 1179 1282 rela-

443 1306 487 1339 tio
513 1305 697 1338 huiusmodi
720 1310 889 1348 appareret
917 1314 1054 1336 erronea
1070 1308 1102 1336 et
1120 1303 1179 1335 mi-

443 1369 503 1390 nus
534 1369 606 1390 vera
639 1369 674 1390 ex
700 1368 797 1400 supra
822 1357 932 1389 relatis
957 1356 1097 1388 consiliis
1120 1366 1178 1398 pu-

442 1412 536 1444 blicis
554 1417 585 1443 et
603 1409 912 1443 contradictionibus
938 1419 1065 1451 semper
1090 1408 1178 1440 saetis

443 1476 458 1496 a
484 1475 504 1507 p
529 1465 614 1507 pulo,
633 1463 775 1496 ecclesiis
800 1461 1041 1505 parochialibus
1055 1466 1086 1493 et
1103 1471 1180 1493 eon-

442 1518 588 1550 rcatibus
622 1516 652 1549 S.
680 1515 841 1548 Fiant-isci
874 1520 905 1547 et
928 1514 958 1547 S.
987 1513 1179 1555 Augustini,

443 1572 537 1602 causa
571 1568 753 1601 huiusmodi
779 1568 811 1600 in
837 1567 1006 1611 praedicta
1036 1567 1181 1599 cardina-

444 1623 521 1655 lium
547 1621 804 1665 Congregatione
836 1620 886 1653 dic
910 1631 968 1653 xxv
994 1620 1180 1653 novembris

444 1675 591 1719 proxime
627 1673 792 1717 praeteriti
832 1674 1026 1716 proposita,
1065 1674 1179 1706 eadem

445 1728 677 1771 Congregatio,
715 1727 860 1770 partibus
898 1726 1043 1769 utrisque
1083 1726 1182 1759 infor-

445 1781 615 1820 mantibus,
630 1791 664 1813 re
681 1785 804 1812 mature
821 1790 857 1812 ac
871 1779 1044 1822 diligenter
1062 1779 1181 1812 discus-

445 1837 491 1875 sa,
519 1835 741 1867 declaraverat
772 1844 836 1865 non
862 1843 932 1865 esse
959 1833 1065 1866 locum
1089 1843 1182 1876 prae-

447 1893 554 1920 tensae
586 1886 765 1919 fundationi
798 1891 974 1918 conventus
998 1885 1183 1918 Carmelita-

446 1951 518 1973 rum
534 1940 804 1972 Discaleeatorum
816 1939 848 1971 in
859 1938 1045 1982 supradicto
1059 1939 1181 1982 oppido

447 1994 486 2026 de
521 1993 632 2025 Bilbao
659 1992 903 2034 Calaguritanae
930 1992 1089 2033 diocesis,
1115 2002 1181 2025 non

445 2048 594 2080 obstante
630 2056 743 2078 eorum
776 2045 908 2077 assertis
942 2045 1121 2088 privilegiis
1147 2056 1181 2078 ac

446 2099 580 2132 indultis
599 2097 796 2141 apostolicis,
812 2108 893 2140 quae
912 2097 943 2129 in
962 2107 1043 2137 casu,
1062 2098 1099 2130 de
1118 2109 1181 2141 quo

446 2152 618 2195 agebatur,
644 2155 814 2183 censuerat
838 2150 883 2182 eis
912 2150 1042 2183 minime
1073 2150 1182 2183 suss‘ra-

447 2204 531 2247 gati,
557 2214 593 2236 ac
617 2203 755 2246 proinde
780 2203 962 2246 praedictos
981 2203 1095 2236 fratres
1113 2203 1181 2236 Car-

445 2257 570 2289 nielitas
602 2266 667 2289 non
693 2266 764 2288 esse
791 2255 927 2298 amplius
952 2266 1048 2299 super
1073 2257 1182 2289 huius-

446 2310 534 2343 modi
553 2309 737 2342 fundatione
759 2309 953 2342 audiendos:
970 2314 1001 2342 et
1017 2310 1049 2341 in
1069 2310 1181 2342 eadem

446 2363 645 2406 expositione
673 2362 844 2394 subiuncto
871 2362 971 2404 quod,
998 2373 1086 2402 eum,
1115 2373 1179 2395 non

446 2416 592 2448 obstante
623 2416 754 2447 decreto
779 2414 1044 2457 Congregationis
1073 2416 1182 2447 liuius-

446 2469 542 2509 modi,
583 2479 662 2501 nova
702 2468 866 2501 audientia
900 2468 992 2500 dictis
1030 2468 1180 2501 frati-ibus

444 2522 623 2555 Carmelitis
656 2532 691 2554 ex
723 2521 855 2564 speciali
888 2521 1043 2564 rescripto
1070 2527 1180 2555 nostro

444 2585 597 2608 concessa
635 2574 764 2614 fnisset,
792 2574 945 2617 praedicti
980 2580 1179 2617 exponentes

444 2628 617 2673 cupiebant
652 2638 687 2661 ex
721 2627 841 2661 eisdem
872 2627 1051 2660 rationibus
1085 2637 1181 2670 supra

1015 254 1093 278 m'tt,
1103 252 1194 277 ΧΠΠἬ
1218 253 1369 279 nomam!

1956 254 2004 281 Αη.
2021 253 2049 281 C.
2073 254 2139 281 1673

1213 302 1324 335 relatis
1348 307 1380 334 et
1405 307 1497 336 antea
1524 302 1670 336 deductis
1695 303 1874 336 confirmari
1901 302 1948 336 di-

1213 360 1299 387 ctum
1325 356 1501 395 decretum,
1522 367 1567 395 ae,
1585 357 1622 388 ad
1641 356 1837 389 obviandum
1856 356 1947 388 novis

1214 407 1373 440 scandalis
1394 413 1426 440 et
1449 408 1569 449 litibus,
1596 408 1753 441 declarari
1771 408 1855 451 quod
1882 418 1949 441 non

1215 459 1327 492 liceret
1351 460 1472 493 eisdem
1499 461 1651 494 fratribus
1676 461 1854 494 Carmelitis
1874 461 1950 493 reti-

1215 522 1293 544 nere
1319 513 1351 544 in
1377 513 1461 546 dieto
1480 514 1552 546 loco
1571 515 1610 546 de
1634 514 1744 547 Bilbao
1771 513 1948 557 hospitium

1216 574 1274 596 nec
1307 565 1400 597 aliam
1432 571 1676 608 permanentem
1701 566 1947 606 habitationem,

1215 627 1285 648 cnm
1306 618 1387 649 nova
1411 617 1619 660 impositione
1644 618 1794 661 perpetui
1813 618 1946 650 silentii:
1978 632 2145 657 sumamm-

1260 669 1274 711 ἓ
1299 668 1327 701 ⁶2.
1349 669 1513 701 Emanavit
1529 669 1568 701 ab
1589 670 1703 702 eadem
1719 670 1951 712 Congregatio-
1960 659 2146 705 ffiss‘iiumm'k's‘s‘ss

1217 731 1256 753 ne
1279 721 1444 754 decretum
1470 722 1590 754 tenoris
1617 723 1793 764 sequentis,
1818 722 1871 765 qui
1904 711 2135 755 se-⁹‘'⁰‘'‘¹⁰⁰‘⁴³¹⁰'

1218 774 1344 817 quitur,
1369 774 1540 807 videlicet:
1580 786 1592 805 a
1619 774 1715 807 Sacra
1739 775 1951 817 Congregatio

1218 826 1548 859 eminentissimorum
1563 831 1594 859 et
1610 827 1953 859 reverendissimorum

1218 878 1247 911 S.
1260 879 1296 911 R.
1307 879 1340 911 E.
1353 879 1563 911 cardinalium
1579 879 1717 922 negotiis
1733 878 1779 911 et¹
1794 880 1955 912 consulta-

1220 932 1362 964 tionibus
1373 933 1600 975 episcoporum
1616 937 1644 964 et
1657 932 1855 974 regularium
1868 943 1955 976 prae-

1218 985 1331 1028 posita,
1350 985 1495 1028 partibus
1510 985 1584 1017 hinc
1603 985 1676 1017 inde
1695 985 1953 1027 informantibus,

1219 1038 1350 1081 negotio
1369 1038 1545 1081 diligenter
1558 1043 1589 1071 et
1603 1043 1749 1071 accurate
1764 1038 1954 1080 examinato,

1220 1091 1382 1123 referente
1415 1091 1670 1124 eminentissimo
1701 1091 1806 1129 Nino,
1832 1092 1957 1124 censuit

1220 1144 1460 1187 persistendum
1490 1154 1562 1177 esse
1591 1145 1623 1176 in
1663 1144 1794 1177 decreto
1820 1144 1899 1176 alias
1923 1150 1957 1176 nt

1220 1208 1314 1240 supra
1331 1197 1382 1229 die
1400 1207 1471 1230 xx1x
1488 1197 1673 1229 novembris
1690 1206 1841 1229 MDCLxxn
1859 1196 1955 1237 edito,

1220 1260 1256 1282 ac
1273 1254 1448 1292 propterea
1465 1259 1531 1281 non
1549 1259 1618 1281 esse
1636 1250 1742 1281 locum
1770 1259 1959 1291 praenarra-

1221 1307 1270 1334 tae
1297 1302 1488 1335 fundationi.

1265 1355 1383 1387 Rornae
1408 1365 1458 1388 xxt
1485 1355 1595 1398 aprilis
1620 1364 1796 1388 unetxxtn.

1367 1408 1401 1440 F.
1429 1408 1468 1439 M.
1496 1407 1670 1440 cardinalis
1698 1408 1911 1441 Bstxucsrius.

1309 1461 1391 1494 Loco
1416 1463 1438 1502 †
1463 1461 1561 1503 sigilli

1441 1514 1477 1546 N.
1505 1514 1674 1555 essu-em,
1701 1513 1898 1546 secretarius
1923 1526 1953 1547 5».

1266 1567 1280 1610 ξ
1304 1567 1333 1601 3.
1351 1567 1428 1600 Cum
1446 1567 1655 1605 autem‚sicut
1677 1567 1775 1600 iidem
1795 1577 1960 1610 exponen·
2017 1580 2152 1610 confirmatio

1223 1626 1269 1653 tes
1295 1621 1389 1653 nobis
1414 1620 1549 1653 subinde
1572 1620 1688 1663 exponi
1715 1620 1872 1660 fecerunt,
1896 1607 2085 1663 ipsip⁰¹¹¹¹'¹⁰¹⁵'

1224 1673 1391 1706 decretum
1416 1673 1622 1711 huiusmodi,
1650 1683 1714 1716 quo
1739 1672 1860 1705 firmius
1887 1673 1962 1705 sub-

1224 1725 1324 1766 sistat,
1343 1726 1541 1769 apostolicae
1562 1725 1815 1758 confirmationis
1833 1731 1961 1759 nostrae

1224 1778 1404 1821 patrocinio
1430 1778 1620 1811 communiri
1646 1789 1850 1822 summopere
1877 1779 1962 1811 desi-

1225 1832 1358 1864 derent:
1384 1842 1453 1871 nos,
1474 1831 1649 1874 specialem
1675 1831 1752 1874 ipsis
1775 1831 1963 1875 exponenti-

1224 1885 1282 1917 bus
1310 1885 1442 1927 gratiam
1469 1885 1574 1917 facere
1599 1886 1759 1924 volentes,
1786 1895 1822 1917 ac
1847 1895 1960 1917 eorum

1225 1938 1404 1981 singulares
1421 1939 1578 1981 personas
1597 1948 1612 1970 a
1632 1937 1793 1981 quibusvis
1806 1937 1817 1953 ᾖ
1834 1948 1961 1970 exeom-

1224 1991 1461 2030 municationis‚
1485 1990 1706 2033 suspensionis
1727 1996 1758 2023 et
1781 1990 1957 2031 interdicti,

1225 2044 1360 2088 aliisque
1379 2043 1602 2078 ecclesiasticis
1618 2044 1797 2083 sententiis,
1813 2045 1958 2077 censuris

1225 2103 1256 2130 et
1280 2097 1404 2140 poenis,
1421 2108 1437 2129 a
1462 2097 1529 2129 iure
1551 2097 1600 2129 vel
1622 2097 1660 2129 ab
1688 2096 1829 2138 homine,
1848 2098 1958 2140 quavis

1223 2149 1393 2183 occasione
1412 2149 1461 2181 vel
1479 2150 1574 2181 causa
1598 2149 1681 2189 latis,
1700 2149 1725 2181 si
1743 2149 1860 2192 quibus
1881 2161 1960 2194 quo-

1224 2202 1401 2235 modolibet
1413 2202 1585 2234 innodatae
1602 2202 1750 2242 existunt,
1763 2203 1801 2234 ad
1812 2202 1959 2236 effectum

1224 2255 1439 2300 praesentium
1478 2255 1642 2287 dumtaxat
1672 2257 1959 2298 consequendum,

1225 2310 1338 2342 harum
1369 2308 1451 2341 serie
1489 2308 1691 2340 absolventes
1730 2313 1761 2341 et
1796 2310 1962 2343 absolutas

1225 2363 1290 2395 fore
1316 2366 1501 2401 censentes,
1528 2361 1820 2404 supplicationibus
1846 2372 1960 2395 eorum

1224 2415 1351 2448 nomine
1377 2414 1471 2447 nobis
1498 2425 1595 2457 super
1613 2415 1674 2446 hoc
1700 2415 1869 2447 humiliter
1886 2426 1961 2458 por-

1225 2468 1320 2501 rectis
1346 2467 1503 2506 inclinati,
1527 2467 1693 2500 decretum
1711 2467 1957 2510 praeinsertum,

1224 2521 1414 2554 auctoritate
1447 2521 1644 2563 apostoliea,
1672 2526 1783 2553 tenore
1810 2531 1960 2564 praesen-

1261 2592 1269 2617 1
1293 2591 1456 2618 Particulam
1476 2594 1501 2617 et
1523 2599 1570 2617 nos
1590 2591 1712 2617 addimus
1733 2592 1768 2626 (a.
1785 2592 1834 2626 Τ.).

1258 2635 1274 2661 2
1295 2635 1361 2661 Edit.
1385 2635 1462 2661 Main.
1485 2635 1546 2670 legit
1563 2636 1667 2669 quibus
1685 2637 1725 2670 (tt.
1746 2636 1795 2670 Ἕκ).
