2279 3260
159 258 208 285 An.
227 257 256 286 G.
279 256 346 284 1672

180 1636 232 1657 niati
248 1636 336 1656 familia-

152 1669 185 1683 res
210 1664 269 1683 tusco
291 1668 336 1688 gra-

152 1690 188 1709 ut<
217 1696 262 1709 cum
289 1691 337 1709 alus

151 1718 215 1735 autea
231 1721 336 1735 nom-ussus

153 1743 184 1762 vel
196 1742 336 1762 concedendus

151 1768 277 1788 cumulatim
307 1769 335 1788 uti

152 1797 247 1820 possunt.

978 252 1120 277 CLEMENS
1143 254 1160 276 X
1185 253 1232 276 ΡΡ.

355 305 411 338 1115
438 304 718 348 dispositionibus,
751 303 847 335 etiam
875 313 934 345 per
959 302 1091 334 modum

355 358 435 400 legis
460 363 516 390 aut
533 356 775 389 constitutionis
793 355 954 398 generalis
981 359 1012 386 et
1030 359 1092 386 sta-

357 411 411 443 tuti
435 410 583 454 perpetui
609 420 644 441 ac
662 408 875 441 cancellariae
894 407 1091 450 apostolicae

354 466 497 505 regulae,
526 462 621 495 etiam
642 473 702 505 per
728 472 787 493 nos
814 466 844 493 ct
864 462 979 493 Sedcm
1008 460 1093 503 Apo-

354 516 500 549 stolicam
519 526 575 548 seu
594 515 756 547 Romanos
783 514 954 546 Pontifices
973 524 1092 545 5116665-

354 579 444 601 sores
470 573 615 608 nostros,
644 568 741 600 etiam
767 572 875 607 motu,
903 565 1036 599 scientia
1061 570 1093 597 et

353 621 521 664 potestatis
535 619 738 663 plenitudine
756 619 897 662 paribus,
914 619 1008 651 etiam
1023 629 1093 650 6011-

353 673 565 712 sistorialiter,
583 676 615 704 et
632 682 669 704 ex
689 671 853 714 quibusvis
868 671 980 710 causis,
995 671 1091 703 etiam

352 724 666 767 inexcogitabilibus,
687 736 723 756 ac
740 724 773 756 in
794 725 933 756 savorem
959 722 1042 762 fidei,
1062 727 1093 755 et

353 777 451 811 divini
477 779 580 810 cultus
607 782 858 820 augumentum,
882 787 1009 809 necnon
1033 786 1092 818 pro

353 831 512 864 dictarum
544 830 635 864 Sedis
661 835 693 862 et
717 830 866 863 Gamerae
892 829 1092 863 necessitati-

353 884 422 924 bus,
438 894 496 926 pro
514 888 662 926 tempore
681 883 772 915 sactis
790 888 821 914 et,
838 883 869 914 in
890 882 1030 914 futurum
1048 882 1092 914 sa-

353 935 478 969 ciendis
503 935 751 978 comprehendi,
771 935 828 967 sed
854 936 892 967 ab
907 934 990 967 illis¹
1009 945 1091 967 sem-

351 999 410 1031 per
427 993 589 1031 exceptas,
605 992 645 1027 et,
659 987 782 1030 quoties
799 987 1033 1030 comprehendi
1047 987 1091 1019 vi-

352 1042 516 1081 derentur,
542 1040 637 1072 toties
664 1040 696 1072 in
718 1039 892 1082 pristinum
911 1044 1028 1072 statum
1044 1050 1090 1072 re-

351 1093 488 1132 stitutas,
508 1092 666 1136 repositas
692 1098 723 1125 et
746 1093 893 1136 plenarie
918 1092 1090 1135 reintegra-

350 1151 414 1186 tas,
447 1156 483 1178 ac
515 1146 553 1178 de
580 1156 662 1178 novo
689 1147 749 1178 sul)
775 1145 885 1188 quavis
910 1145 1088 1189 posteriori

349 1201 423 1232 data
439 1210 498 1243 per
515 1210 582 1239 vos,
601 1210 657 1232 seu
676 1204 815 1231 vestrum
834 1200 1022 1242 quemlibet,
1039 1200 1088 1232 vel

348 1253 428 1285 alios
453 1252 638 1295 praedictos
677 1263 694 1284 a
731 1252 819 1285 vohis
857 1264 910 1285 seu
946 1258 1089 1285 vestrum

348 1306 491 1349 quolibet
512 1305 694 1349 respective
719 1316 848 1338 causam
865 1317 924 1349 pro
942 1312 1088 1349 tempore

347 1364 382 1390 ut
404 1369 501 1401 supra
518 1355 768 1401 quomodolibet
784 1358 944 1391 habentes
963 1370 1018 1391 seu
1038 1359 1089 1391 ha-

347 1411 483 1451 bitures,
508 1410 658 1453 eligenda
682 1421 868 1451 concessas,
894 1421 1087 1454 semperque

347 1463 472 1496 validas
500 1468 531 1496 et
556 1462 702 1496 efficaces
720 1464 788 1496 sore
815 1470 845 1497 et
862 1475 942 1504 esse,
961 1475 996 1496 ac
1014 1475 1087 1497 suos

346 1516 512 1560 plenarios
537 1521 567 1549 et
592 1516 736 1559 integros
761 1516 895 1549 ell'ectus
921 1517 1030 1550 sortiri
1057 1522 1088 1550 et

348 1569 512 1609 obtinere,

392 1622 407 1665 ἓ
435 1621 486 1655 13.
513 1622 623 1665 Neque
649 1627 838 1665 praesentes
864 1633 923 1666 per
947 1623 1024 1656 alias
1049 1624 1087 1657 si-

348 1675 440 1708 miles
466 1676 515 1708 vel
541 1675 715 1708 dissimiles
733 1676 849 1717 gratias
869 1677 956 1708 vobis
974 1682 1006 1709 et
1022 1677 1087 1709 cui-

348 1729 428 1761 libet
450 1733 590 1760 vestrum
611 1738 781 1761 concessas
803 1734 834 1761 et
858 1731 1085 1763 concedendas

347 1781 503 1821 revocari,
526 1780 691 1824 suspendi,
720 1781 849 1813 limitari
876 1783 925 1814 vel
951 1783 1086 1815 consun-

347 1835 391 1874 di,
414 1835 469 1867 sed
487 1845 542 1866 vos
562 1844 675 1866 01111165
700 1839 732 1866 61
748 1835 893 1877 singulos
913 1835 976 1868 illis
996 1847 1085 1868 accu-

345 1887 495 1920 mulative
522 1887 555 1919 in
581 1887 731 1919 omnibus
756 1893 787 1920 et
811 1899 871 1931 per
895 1889 1002 1921 omnia
1029 1889 1082 1929 1111,

345 1942 372 1975 51
394 1940 472 1984 quid
493 1945 599 1972 autem
616 1940 649 1972 in
666 1943 728 1972 una
746 1951 782 1973 ex
801 1941 1007 1974 facultatibus
1025 1943 1085 1974 hu-

346 1993 483 2027 iusmodi
509 1992 673 2033 deiecerit,
700 1994 731 2026 id
750 2004 809 2036 per
829 1994 923 2027 aliam
941 1996 1084 2038 suppleri

346 2059 439 2091 posse
465 2052 497 2080 et
522 2046 642 2079 debere
658 2073 666 2086 ,
694 2057 753 2079 1166
777 2057 832 2079 ros
861 2058 917 2080 scu
942 2054 1083 2081 vestrum

347 2100 526 2144 quemlibet
556 2099 595 2131 ad
626 2099 767 2142 aliquam
791 2100 1021 2143 particularem
1047 2102 1085 2133 li-

346 2153 484 2186 centiam
516 2153 581 2185 sive
606 2152 766 2185 indultum
790 2154 840 2185 rel
866 2154 1084 2187 confirmatio-

347 2218 421 2240 nem
447 2206 668 2250 praesentium
694 2206 821 2239 anobis
848 2208 897 2239 vel
922 2218 1085 2241 successo-

346 2261 435 2293 ribus
454 2260 573 2292 nostris
588 2259 741 2292 Romanis
754 2259 961 2293 Pontificibus
975 2268 1083 2304 peten-

346 2314 421 2346 dum
438 2318 490 2345 aut
508 2312 761 2355 impetrandum,
786 2314 834 2345 rel
857 2313 952 2346 ctiam
971 2314 1003 2346 in
1021 2315 1084 2347 alia

345 2375 544 2409 quacumque
571 2365 670 2397 simili
702 2367 750 2398 vel
785 2366 934 2399 dissimili
960 2368 1081 2409 gratia,

344 2420 393 2451 vel
412 2419 479 2451 eius
493 2418 749 2459 confirmatione,
764 2419 853 2451 vobis
871 2430 927 2452 5611
943 2426 1082 2452 vestrum

345 2472 480 2505 cuilibet
504 2471 774 2515 quandocumque
800 2473 1018 2512 concedenda,
1043 2474 1081 2505 de

345 2524 509 2569 praesenti
526 2524 726 2557 mentionem
745 2525 885 2568 aliquam
903 2525 1082 2558 faciendam

346 2578 460 2618 teneri,
485 2588 546 2609 nec
571 2578 610 2609 ad
632 2577 663 2609 id
688 2578 753 2610 ulla
777 2589 919 2621 unquam
942 2578 1082 2611 necessi-

383 2642 394 2667 1
416 2639 487 2666 Edit.
508 2639 587 2665 Maia.
608 2638 673 2674 legit
692 2639 761 2666 aliis
778 2640 817 2673 (R.
839 2640 886 2674 T.).

433 2694 511 2723 Bull.
536 2694 616 2720 Rom.
633 2708 666 2713 —-
689 2694 742 2719 Vol.
760 2693 866 2721 XVIII.
1011 2695 1039 2721 41

1771 242 1829 275 3⁶24

1134 306 1196 333 tate
1215 300 1285 343 cogi
1306 310 1423 343 posse,
1450 300 1559 342 sicque
1586 306 1617 332 ct
1642 311 1704 332 11011
1721 300 1815 332 alitor
1837 299 1866 330 in

1134 353 1319 396 praemissis
1338 353 1489 385 omnibus
1504 358 1532 385 et
1549 352 1684 394 singulis
1703 363 1870 395 1161111105-

1134 417 1269 449 cumque
1288 405 1409 439 iudiccs
1428 405 1612 437 ordinarios
1635 410 1662 437 ct
1691 406 1869 447 delegatos,

1134 459 1230 491 ctiam
1256 469 1424 491 causarum
1450 458 1559 501 palatii
1587 458 1754 501 apostolici
1783 457 1872 490 autli-

1125 517 1278 552 1101“(·5,61
1295 511 1325 544 S.
1343 512 1380 544 R.
1401 511 1435 543 E.
1456 510 1670 543 camerarium
1689 522 1743 543 5611
1763 521 1874 553 proca-

1134 566 1317 603 merarium,
1337 569 1368 597 et
1393 564 1474 597 alios
1499 563 1690 603 cardinales,
1713 563 1809 596 etiam
1835 564 1874 595 (16

1135 618 1232 649 latere
1250 617 1383 659 legatos,
1399 627 1575 662 corumque
1589 615 1799 658 vicclegatos,
1816 626 1876 647 nec

1135 680 1198 701 non
1218 669 1454 702 thesaurarium
1473 670 1671 711 generalem,
1688 668 1876 711 praesiden-

1135 726 1181 754 tes
1206 722 1360 762 clericos,
1388 721 1649 762 commissarios,
1676 722 1872 753 collectores

1134 780 1163 806 et
1180 774 1585 815 5111160116610165,6161105
1604 774 1767 818 quoslibet
1780 773 1872 806 Sedis

1134 832 1164 858 et
1177 826 1326 859 Gamerae
1340 827 1581 870 praedictarum
1595 827 1750 860 officiales
1768 831 1799 859 et
1813 826 1871 858 mi-

1133 878 1279 920 nistros‘,
1300 880 1409 922 quavis
1427 880 1628 920 auctoritate,
1643 879 1872 923 praeeminen-

1134 932 1175 964 tia
1200 937 1232 964 et
1255 938 1416 975 potestate
1442 934 1613 975 fungentes
1636 938 1671 965 vet
1697 933 1871 973 suncturos,

1132 984 1164 1016 111
1182 995 1385 1028 quacumque
1404 987 1500 1017 causa
1518 991 1548 1018 61
1566 985 1728 1025 instantia,
1747 986 1872 1018 sublata

1133 1038 1179 1070 615
1204 1043 1362 1070 6160111111
1387 1037 1523 1071 cuilibet
1549 1039 1658 1082 quavis
1676 1038 1769 1071 aliter
1790 1039 1872 1071 iudi-

1133 1090 1225 1123 candi
1251 1095 1281 1123 et
1304 1090 1539 1134 interpretandi
1566 1092 1715 1123 facultate
1750 1096 1782 1123 et
1814 1102 1870 1124 au-

1132 1144 1290 1184 ctoritate,
1306 1144 1442 1177 iudicari
1468 1150 1498 1177 et
1524 1144 1650 1177 definiri
1678 1144 1808 1185 debere,
1836 1155 1872 1178 ac

1132 1197 1258 1229 irritum
1291 1203 1322 1230 et
1346 1198 1441 1231 inane
1482 1197 1508 1230 si
1537 1209 1631 1231 secus
1656 1208 1753 1240 super
1778 1199 1828 1231 his
1854 1209 1871 1231 a

1132 1261 1303 1294 quoquam,
1317 1251 1427 1294 quavis
1447 1251 1649 1292 auctoritate,
1662 1251 1804 1284 scienter
1820 1253 1870 1285 vel

1131 1304 1329 1347 ignoranter,
1354 1304 1528 1347 eontigerit
1551 1304 1712 1337 attentari.

1175 1358 1189 1401 g
1214 1357 1266 1390 214.
1286 1357 1440 1396 Quocirca
1456 1358 1695 1391 venerabilibus
1713 1358 1867 1391 fratribus

1131 1410 1249 1443 nostris
1274 1410 1410 1443 Ostiensi
1432 1416 1462 1443 et
1491 1410 1659 1443 Portuensi
1687 1411 1867 1454 episcopis,

1131 1473 1166 1495 ac
1187 1463 1306 1497 dilecto
1324 1463 1390 1496 filio
1408 1474 1574 1496 causarum
1592 1463 1699 1496 curiae
1715 1463 1866 1497 Gamerae

1130 1517 1311 1559 praedictae
1337 1517 1480 1559 generali
1506 1517 1656 1557 auditori,
1676 1522 1764 1550 motu
1784 1517 1864 1560 pari,

1130 1580 1188 1612 per
1211 1575 1401 1613 praesentes
1427 1570 1655 1603 committimus
1680 1575 1711 1603 et
1735 1571 1865 1603 manda-

1129 1634 1198 1655 mus
1214 1650 1221 1663 ,
1245 1628 1405 1666 quatenus
1431 1623 1511 1666 ipsi,
1534 1624 1583 1656 vel
1609 1623 1684 1661 duo,
1703 1627 1756 1655 aut
1780 1633 1863 1655 unus

1129 1686 1249 1716 eorum,
1268 1687 1326 1719 per
1343 1687 1386 1717 se,
1406 1678 1454 1709 vel
1481 1687 1539 1719 per
1562 1676 1668 1716 alium,
1691 1687 1746 1708 seu
1773 1676 1861 1717 alios,

1128 1729 1211 1772 ipsas
1237 1735 1425 1773 praesentes
1450 1729 1575 1761 litteras
1602 1735 1634 1762 et
1657 1729 1690 1761 in
1716 1729 1761 1762 eis
1790 1740 1863 1762 con-

1129 1786 1217 1814 tenta
1242 1793 1472 1826 quaecumque,
1491 1781 1544 1814 ubi
1571 1788 1601 1814 et
1626 1783 1754 1825 quando
1781 1792 1862 1825 opus

1127 1834 1228 1876 fuerit,
1250 1840 1282 1867 et
1306 1834 1433 1878 quoties
1458 1845 1517 1877 pro
1542 1840 1631 1878 parte
1656 1836 1775 1874 vestra,
1805 1845 1861 1867 seu

1127 1888 1262 1920 alieuius
1292 1893 1431 1921 vestrum
1449 1914 1456 1927 ,
1483 1888 1548 1919 sive
1582 1898 1860 1931 quorumcumque

1127 1941 1384 1980 donatariorum,
1414 1941 1652 1983 legatariorum,
1683 1941 1861 1973 haeredum

1127 1999 1158 2025 et
1181 2004 1405 2026 successorum
1438 1993 1611 2026 cuiuslibet
1636 1999 1781 2026 vestrum
1811 2004 1861 2026 re-

1127 2047 1277 2089 spective,
1300 2052 1331 2079 et
1352 2047 1488 2080 aliorum
1506 2047 1746 2089 praedictorum
1765 2047 1861 2079 desu-

1127 2111 1184 2142 per
1208 2100 1328 2132 suerint
1351 2099 1514 2143 requisiti,
1541 2100 1729 2132 solemniter
1755 2100 1861 2143 publi-

1127 2158 1246 2193 cantes,
1273 2153 1438 2196 vobisque,
1459 2158 1490 2184 61
1505 2157 1645 2184 vestrum
1670 2152 1812 2192 cuilibet,
1829 2158 1861 2185 et

1126 2205 1194 2238 aliis
1211 2205 1383 2248 praedictis
1398 2205 1431 2237 111
1448 2204 1632 2248 praemissis
1652 2205 1790 2238 efficacis
1807 2205 1862 2237 de-

1126 2258 1280 2291 fensionis
1312 2258 1476 2302 praesidio
1509 2258 1716 2297 assistentes,
1743 2258 1860 2290 faciant

1126 2311 1314 2345 auctoritate
1333 2313 1440 2344 nostra
1457 2311 1565 2344 omnia
1579 2316 1609 2343 ct
1626 2311 1752 2353 singula
1768 2321 1861 2354 prae-

1125 2365 1219 2397 missa
1243 2375 1302 2407 per
1326 2366 1470 2397 locorum
1497 2364 1678 2396 ordinarios
1703 2369 1735 2396 et
1754 2364 1861 2396 Came-

1126 2429 1178 2450 rae
1205 2418 1388 2461 praedictae
1414 2417 1667 2458 commissarios,
1688 2418 1860 2460 deputatos

1126 2476 1156 2504 et
1180 2472 1355 2511 ministros,
1373 2471 1492 2504 aliosve
1519 2481 1739 2513 quoscumque
1759 2470 1860 2503 invio÷

1126 2524 1266 2557 labiliter
1290 2524 1467 2564 observari,

1161 2598 1171 2622 1
1195 2595 1263 2622 Edit.
1285 2596 1367 2622 Main.
1393 2595 1458 2630 legit
1476 2594 1648 2630 officialibus
1669 2597 1695 2621 et
1715 2593 1859 2622 ministrzs

1124 2640 1163 2675 (u.
1180 2640 1227 2675 T.).

1882 251 1928 277 An.
1943 250 1972 277 C.
1998 250 2061 275 tr-712

1907 311 2018 331 Decretum
2037 316 2062 330 11-

1881 342 1953 359 filans.

1918 1367 2065 1393 Exoquutores

1878 1393 1982 1419 designat.
