2279 3260
97 262 145 288 An.
163 261 192 288 C.
216 262 283 289 ¹670

287 310 337 343 vel
362 308 605 343 successorssbus
631 309 751 341 nostris
775 309 929 341 Romanis
947 310 1024 341 Pon-

286 362 425 396 tificibus
443 362 620 406 petendum
638 367 691 394 aut
708 362 958 405 impetrandum,
975 364 1023 396 vel

286 414 382 449 etiam
409 414 439 447 in
466 415 529 447 alia
553 414 650 447 simili
688 415 789 457 gratia
821 426 875 447 seu
908 415 1024 447 contir-

284 467 424 500 [natione
450 467 556 506 illius,
581 466 692 507 vobis,
720 468 1023 510 quomodocumque

286 520 502 557 concedenda,
519 519 558 551 de
571 519 734 562 praesenti
753 520 950 553 mentionem
967 520 1024 552 ali-

288 583 384 615 quam
402 571 584 604 faciendum
601 573 762 604 ullatenus
782 573 896 612 teneri,
911 583 970 605 nec
985 573 1022 605 ad
1045 562 1046 575 ¹

121 638 219 669 cinnama
232 625 319 658 aab-id
337 626 401 658 ulla
417 635 560 668 unquam
580 625 770 657 necessitate
789 626 858 667 cogi
884 636 1000 669 posse;
1044 617 1047 639 ¹

95 665 145 685 '⁰¹⁰'
330 678 344 721 ξ]
369 677 422 710 16.
443 677 480 709 Et
503 677 549 709 sic
574 677 605 709 in
620 677 811 720 praemissis
828 679 978 711 omnibus
994 683 1024 711 et
1044 663 1046 735 ἶ

285 730 421 772 singulis
444 740 503 772 per
517 740 736 772 quoscumque
754 729 877 762 iudices
896 729 1025 763 ordina-

283 783 350 815 rios
368 787 399 815 et
415 782 589 824 delegatos,
606 782 701 814 etiam
719 793 887 826 causarum
912 783 1022 825 palatii
1044 772 1045 782 ¹

285 834 454 878 apostolici
473 834 649 875 auditores,
669 840 701 867 et
718 835 862 867 eiusdem
878 834 908 867 S.
930 835 966 867 R.
986 835 1020 867 Ε.
1044 819 1046 895 *r

286 888 475 927 cardinales,
496 898 624 920 necnon
641 898 700 930 pro
721 892 864 930 tempore
886 888 1024 920 existen·
1043 919 1045 946 i

286 947 334 973 tes
358 941 462 974 dietae
487 950 633 973 camerae
658 940 882 980 camerarium,
903 940 1022 983 praesi-

286 995 398 1027 dentes
422 998 454 1026 et
478 993 629 1031 elericos,
656 993 686 1024 in
714 992 823 1036 quavis
849 995 946 1025 causa
971 995 1021 1025 et¹
1043 996 1044 999 ’

282 1045 446 1084 instantia,
474 1045 600 1078 sublata
625 1045 670 1077 eis
694 1051 727 1078 et
752 1056 866 1078 eorum
891 1029 1045 1091 cuilibetf

283 1098 396 1140 quavis
421 1097 516 1131 aliter
541 1098 706 1130 iudicandi
732 1103 764 1130 et
788 1098 1022 1141 interpretandi
1043 1094 1045 1108 '

281 1151 433 1183 facultate
446 1156 477 1183 et
491 1150 691 1196 auctoritate,
703 1150 837 1183 iudicari
852 1156 883 1183 et
896 1150 1021 1183 definiri
1043 1141 1045 1150 ’

282 1204 413 1243 debere,
427 1214 462 1236 ac
476 1203 604 1235 irritum
619 1208 650 1235 et
663 1203 758 1236 inane
777 1204 803 1235 si
820 1214 913 1236 secus
927 1215 1023 1247 super

283 1258 333 1290 bis
348 1268 365 1289 a
383 1267 554 1300 quoquam,
574 1257 683 1299 quavis
708 1256 906 1297 auctoritate,
924 1257 1023 1290 scien·
1043 1265 1044 1277 ³

284 1316 333 1342 ter
348 1311 398 1342 vel
416 1310 617 1351 ignoranter,
640 1309 813 1351 contigerit
828 1310 990 1343 attentari.

329 1363 343 1406 g
368 1363 421 1395 47.
438 1361 593 1400 Quocirca
609 1362 851 1395 venerabilibus
871 1363 1022 1395 fratribus
1043 1363 1045 1389 ἶ

284 1414 406 1448 nostris
431 1414 567 1447 Ostiensi
593 1420 624 1447 et
648 1414 819 1447 Portuensi
850 1415 1022 1448 cardinali·
1043 1426 1044 1433 ¹

283 1467 342 1500 bus
368 1467 542 1510 episeopis,
562 1472 593 1499 et
610 1467 728 1500 dilecto
755 1467 822 1499 filio
848 1467 956 1500 curiae
976 1478 1023 1500 ca-
1043 1507 1045 1518 1

283 1530 392 1552 merae
411 1519 609 1563 apostolicae
630 1520 776 1562 generali
797 1520 946 1559 auditori,
966 1531 1024 1563 per
1043 1520 1045 1535 ”

284 1572 463 1616 apostolica
486 1573 607 1615 scripta
636 1574 825 1605 mandamus
862 1578 952 1606 motu
982 1574 1024 1606 si-

283 1625 372 1666 mili,
398 1630 557 1669 quatenus
583 1625 660 1668 ipsi,
682 1627 731 1658 vel
765 1626 837 1665 duo,
863 1631 917 1658 aut
940 1637 1022 1659 unus

285 1689 406 1719 eorum,
425 1689 484 1722 per
497 1689 540 1719 se,
557 1680 604 1711 vel
620 1679 728 1717 alium,
746 1689 804 1711 seu
822 1679 914 1719 alios,
934 1689 1025 1722 prae-

284 1737 392 1765 sentes
414 1731 538 1765 litteras
567 1737 598 1764 et
622 1731 655 1763 in
680 1731 726 1763 eis
750 1736 903 1764 contenta
929 1743 1025 1775 quae-
1045 1743 1046 1760 1

285 1795 434 1828 cumque,
454 1784 508 1816 ubi
530 1789 562 1816 et
586 1784 714 1827 quando
740 1795 820 1827 opus
846 1785 962 1825 suerit,
989 1787 1046 1817 ac*

285 1837 414 1881 quoties
441 1847 501 1880 pro
536 1842 627 1880 parte
659 1840 762 1869 vestra
794 1838 936 1881 desuper
960 1839 1026 1872 sue-

284 1889 351 1922 rint
374 1889 544 1933 requisiti,
572 1890 762 1922 solemniter
793 1890 1020 1933 publicantes,

284 1942 441 1985 vobisque
473 1942 505 1974 in
534 1943 719 1986 praemissis
751 1942 890 1975 efficacis
915 1944 1046 1990 defen*y

285 1994 386 2027 sionis
411 1994 573 2038 praesidio
599 1995 802 2035 assistenteS,
831 1995 949 2028 saciant
972 2006 1025 2028 au-

286 2047 434 2080 ctoritate
460 2049 568 2080 nostra
586 2047 715 2080 easdem
734 2053 923 2090 praesentes
944 2048 1024 2080 litte-

285 2098 382 2132 ras‘et
401 2099 433 2131 in
451 2098 496 2131 eis
513 2105 664 2132 contenta
684 2100 871 2132 huiusmodi
890 2100 1024 2133 tirmiter
1044 2136 1045 2140 ,

286 2152 463 2192 observari,
487 2163 524 2184 ac
552 2163 607 2185 vos
632 2152 695 2185 illis
721 2152 869 2184 omnibus
893 2153 1023 2195 pacifice
1044 2141 1046 2157 ³

286 2205 348 2238 srui
374 2204 427 2237 et²
451 2205 602 2247 gaudere,
628 2215 693 2236 non
719 2205 946 2247 permittentes
968 2217 1023 2239 vos

286 2268 347 2301 per
371 2268 592 2301 quoscumque
611 2258 722 2300 quavis
747 2258 937 2290 auctoritate
956 2260 1025 2291 l'un-
1044 2298 1045 2301 Ἴ

287 2316 402 2353 gentes
437 2315 551 2343 contra
591 2311 779 2344 earumdem
804 2306 1045 2354 praesentium¹

287 2369 432 2396 tenorem
444 2364 691 2406 quomodolibet
704 2364 848 2397 indebite
859 2365 1023 2398 molestari
1044 2352 1046 2379 ⁸

289 2422 320 2449 et
336 2416 508 2459 inquietari
525 2418 576 2449 vel
596 2417 787 2459 perturbari,
810 2419 1025 2451 contradicto·
1044 2434 1046 2476 Ι

288 2480 340 2502 res
364 2469 529 2512 quoslibet
552 2474 583 2502 et
602 2470 743 2504 rebelles
760 2481 818 2513 per
834 2472 1021 2512 sententias,

288 2531 440 2556 censuras
466 2527 497 2554 et
520 2532 642 2565 poenas
667 2523 916 2565 ecclesiasticas,
947 2509 1046 2557 alia-i

129 1373 275 1398 Exequutores

91 1400 185 1425 deputat.

325 2595 336 2620 1
356 2592 452 2619 Partic.
465 2595 492 2618 et
507 2600 555 2619 nos
570 2592 694 2620 addimus
705 2602 735 2620 ex
748 2593 790 2620 ed.
804 2593 920 2620 Cherub.
932 2595 1022 2629 (5³:12).

323 2638 339 2674 2
355 2637 454 2666 Partie.
466 2640 493 2665 ec
507 2645 556 2664 nos
570 2637 693 2664 addimus
703 2646 733 2664 ex
745 2638 787 2665 ed.
802 2639 908 2666 Cherub
929 2640 1022 2675 (nm).

913 262 1054 285 CLEMENS
1076 263 1094 286 Χ
1119 263 1166 286 Pr.

1067 321 1128 353 que
1142 314 1324 353 opportuna
1343 310 1421 343 iuris
1440 315 1471 343 et
1489 311 1561 343 sacti
1579 312 1733 352 remedia,
1749 322 1799 354 ap-

1067 362 1243 404 pellatione
1271 363 1452 405 postposita
1479 365 1728 406 compescendo,
1754 375 1799 403 ac,

1067 414 1217 456 legitimis
1231 425 1329 457 super
1350 414 1399 446 bis
1418 415 1576 447 habendis
1587 417 1721 448 servatis
1731 426 1802 458 pro-

1066 467 1218 505 cessibus,
1234 475 1384 499 censuras
1403 472 1433 499 et
1452 478 1574 510 poenas
1599 467 1686 510 ipsas
1706 468 1800 500 etiam

1066 519 1190 551 iteratis
1226 519 1346 551 vicibus
1388 519 1616 561 aggravando‘,
1656 519 1801 552 invocato

1067 572 1161 611 etiam
1179 572 1216 604 ad
1237 572 1307 611 boc,
1328 571 1353 603 si
1380 582 1461 615 opus
1479 572 1583 611 suerit,
1599 572 1716 604 auxilio
1734 572 1801 605 bra-

1067 624 1118 656 cbi
1145 624 1329 656 saecularis.

1110 676 1124 717 ᾖ
1152 674 1201 707 18.
1229 675 1297 707 Non
1323 675 1526 708 obstantibus
1544 675 1739 719 praemissis,
1766 686 1801 708 ac

1066 728 1138 770 piae
1152 729 1329 761 memoriae
1349 729 1501 761 Bonifatii
1514 729 1618 771 Papae
1636 729 1698 760 vtll
1715 739 1802 772 prae-

1066 781 1246 813 decessoris
1271 781 1392 823 pariter
1423 781 1525 813 nostri
1552 782 1590 814 de
1616 784 1687 820 una,
1713 786 1745 814 et
1769 781 1800 814 in

1066 833 1202 866 concilio
1218 834 1361 875 generali
1380 834 1464 866 edita
1490 835 1529 866 de
1555 835 1679 866 duabus
1697 834 1801 874 dietis,

1066 885 1241 917 dummodo
1274 886 1359 918 ultra
1392 890 1456 918 tres
1481 886 1583 919 dietas
1619 886 1734 930 aliquis
1759 886 1803 918 vi-

1066 947 1142 978 gore
1157 937 1375 979 praesentium
1393 939 1430 971 ad
1449 938 1602 971 iudicium
1616 949 1681 972 non
1700 939 1802 972 traha·

1066 994 1128 1028 tur,
1147 1000 1273 1022 necnon
1299 990 1523 1023 Lateranensis
1544 992 1672 1024 concilii
1698 992 1803 1024 novis-

1065 1042 1145 1074 sime
1170 1042 1325 1075 eelcbrati
1352 1043 1390 1075 de
1409 1049 1499 1076 certo
1524 1044 1723 1076 notariorum
1744 1055 1802 1076 nu-

1066 1105 1167 1134 mero,
1185 1095 1311 1127 etiamsi
1337 1095 1375 1127 ad
1401 1095 1491 1128 illum
1519 1097 1664 1129 nondum
1686 1097 1803 1130 deven-

1066 1153 1131 1180 tum
1157 1148 1260 1187 fuerit,
1283 1148 1332 1180 cui
1360 1159 1418 1191 per
1451 1149 1513 1181 boc
1538 1149 1617 1182 alias
1644 1150 1802 1192 derogare

1066 1211 1130 1233 non
1157 1201 1354 1233 intendimus
1372 1229 1379 1241 ,
1405 1212 1441 1233 ac
1466 1202 1504 1234 de
1526 1212 1687 1234 consensu
1712 1213 1803 1245 prae-

1065 1254 1179 1286 stando
1205 1254 1237 1286 in
1261 1254 1471 1297 pensionibus
1490 1259 1521 1287 et
1538 1255 1701 1298 quibusvis
1721 1256 1803 1297 aliis,

1043 1333 1044 1336 ,
1065 1307 1162 1339 etiam
1187 1317 1248 1349 per
1273 1317 1330 1339 nos
1357 1312 1388 1339 et
1412 1306 1528 1340 Sedem
1553 1309 1750 1351 praedictam
1772 1319 1804 1341 e-

1065 1360 1150 1399 ditis,
1163 1365 1195 1392 et
1212 1360 1242 1392 in
1260 1365 1426 1402 posterum
1441 1361 1574 1393 edendis
1592 1361 1804 1395 cancellariae

1065 1413 1261 1455 apostolicae
1288 1413 1421 1455 regulis,
1440 1424 1476 1446 ac
1494 1414 1577 1457 stylo
1596 1413 1628 1446 in
1645 1414 1804 1447 similibus

1067 1459 1221 1498 hactenus
1246 1465 1430 1506 observato,
1457 1476 1493 1498 ac
1517 1467 1712 1499 recolendae
1737 1477 1806 1499 me-

1066 1519 1185 1552 moriae
1212 1519 1385 1551 Alexandri
1411 1520 1516 1562 Papae
1541 1519 1577 1552 VI
1598 1520 1692 1552 etiam
1709 1531 1805 1563 prae-

1066 1572 1246 1605 decessoris
1270 1572 1371 1605 nostri
1397 1573 1524 1605 tertiam
1552 1578 1676 1616 partem
1701 1574 1805 1606 bono-

1066 1635 1137 1657 rum
1151 1624 1442 1658 ecclesiasticorum
1456 1635 1602 1658 camerae
1617 1626 1804 1668 praedictae

1067 1676 1178 1710 deberi
1214 1677 1299 1709 inter
1333 1677 1395 1710 alia
1427 1678 1640 1720 disponente,
1677 1689 1804 1712 necnon

1067 1730 1211 1762 eiusdem
1238 1729 1392 1763 Bonisacii
1419 1731 1523 1774 Papae
1538 1731 1610 1771 VIII,
1632 1742 1691 1774 per
1711 1743 1806 1775 quam

1066 1783 1292 1816 concessiones
1325 1784 1444 1816 fructus
1476 1784 1508 1816 in
1533 1785 1678 1817 absentia
1702 1785 1807 1828 perci-

1067 1836 1176 1880 piendi
1199 1836 1267 1869 sine
1292 1836 1521 1879 praefinitione
1547 1838 1703 1881 temporis
1736 1838 1806 1871 fieri

1044 1916 1045 1919 ,
1067 1889 1307 1932 prohibentur,
1343 1900 1379 1922 ac
1413 1890 1459 1922 Pii
1484 1890 1520 1922 IV
1545 1891 1806 1934 praedecessoris

1067 1942 1186 1986 pariter
1218 1943 1319 1975 nostri
1357 1943 1395 1975 de
1427 1944 1539 1985 gratiis
1571 1945 1806 1988 qualecumque

1044 2002 1047 2032 ζ
1067 1995 1224 2028 interesse
1240 2005 1388 2028 camerae
1399 1996 1595 2039 apostolicae
1607 2007 1807 2030 concernen-

1068 2048 1150 2081 tibus
1167 2048 1200 2080 in
1222 2048 1305 2080 dicta
1330 2050 1460 2081 camera
1486 2050 1572 2082 intra
1589 2056 1713 2083 certum
1730 2056 1808 2084 tunc

1067 2111 1254 2144 expressum
1281 2106 1406 2144 tempus
1431 2103 1677 2145 praesentandis
1707 2109 1807 2136 etre-

1067 2154 1309 2196 gist1·andis,ita
1326 2155 1411 2197 quod
1438 2161 1626 2198 praesentes
1645 2157 1675 2189 in
1694 2157 1807 2190 eadem

1067 2210 1195 2239 camera
1208 2208 1298 2240 nullo
1315 2218 1457 2250 unquam
1472 2213 1615 2252 tempore
1632 2210 1805 2252 registrare

1067 2260 1255 2300 teneamini,
1279 2271 1315 2292 ac
1340 2261 1454 2294 similis
1485 2263 1724 2295 recordationis
1749 2263 1807 2296 Ur-

1066 2314 1141 2345 bani
1176 2313 1280 2356 Papae
1317 2314 1379 2346 VIII
1411 2314 1506 2347 etiam
1543 2316 1806 2358 praedecessoris

1067 2365 1170 2398 nostri
1203 2367 1242 2398 de
1279 2366 1492 2409 pensionibus
1528 2367 1607 2400 alias
1643 2368 1807 2401 translatis

1066 2419 1185 2451 iterum
1209 2428 1275 2451 non
1300 2419 1543 2459 transferendis,
1569 2431 1605 2452 ac
1623 2421 1806 2463 quorumvis

1045 2493 1046 2503 t
1066 2473 1204 2506 aliorum
1223 2472 1437 2505 Romanorum
1456 2472 1647 2506 Pontificum
1672 2474 1807 2516 praede-

1067 2535 1233 2558 cessorum
1265 2531 1449 2558 nostrorum
1484 2531 1515 2558 et
1546 2526 1710 2568 quibusvis
1734 2527 1805 2559 aliis

1067 2578 1267 2621 apostolicIs,
1297 2588 1333 2610 ac
1358 2578 1390 2610 in
1414 2579 1651 2611 universalibus
1679 2578 1806 2621 provin-

1066 2631 1265 2674 cialibusque
1290 2636 1321 2663 et
1345 2631 1556 2673 synodalibus
1573 2631 1720 2664 conciliis
1737 2631 1806 2664 edi-

1720 255 1762 287 95
1807 263 1857 289 An.
1875 262 1902 288 Cv
1924 260 1992 288 ¹677
