2279 3260
165 237 215 265 An.
228 237 258 266 C.
280 237 350 267 1676

190 1781 300 1800 neci-etum
311 1785 344 1800 sa-

162 1813 210 1826 eras
226 1806 344 1832 (longi-ega-

161 1833 223 1852 tinnis
235 1833 344 1859 episcopo·

161 1865 206 1879 rum
220 1861 241 1880 et
263 1860 344 1885 reguta-

161 1886 222 1906 rium.

235 2606 339 2630 Confirmat

166 2631 270 2657 renutu.

989 241 1132 266 CLEMENS
1153 243 1173 266 X
1196 243 1244 267 PP-

359 288 490 322 abbates
516 289 548 322 in
572 289 694 322 eisdem
719 289 896 332 guberniis,
925 290 980 333 qui
1018 295 1094 323 tunc

358 341 562 375 introductus
586 346 664 381 crat,
697 352 755 385 per
787 342 941 385 quasdam
965 352 1035 374 suas
1060 341 1093 374 in

359 394 456 428 simili
481 395 582 428 forma
607 394 717 428 Brevis
743 395 868 428 litteras
890 396 941 428 dic
959 406 1001 428 xu
1019 395 1092 428 maii

358 457 470 482 nincvn
503 448 669 491 expeditas
694 448 872 489 sustulerit,
900 460 937 481 ac
954 459 1011 491 per
1029 458 1096 481 eas-

359 501 431 533 dem
454 500 576 533 litteras
594 501 679 533 inter
694 501 756 533 alia
773 501 931 542 statuerit,
949 507 984 534 ut
999 501 1095 534 unius

357 553 498 586 nationis
522 553 679 593 canonici,
712 553 765 597 qui
791 554 914 597 aliquas
941 564 978 587 ex
1002 564 1095 597 prae-

357 606 472 639 laturis
498 606 601 639 dictae
638 606 906 649 Congrcgationis
937 606 1095 639 obtinuis-

358 665 440 700 sent,
455 660 493 692 ad
512 670 549 693 ea
569 660 654 700 dem,
673 659 735 692 nisi
754 660 905 693 sexennio
919 661 967 693 vel
982 661 1094 692 saltem

360 712 499 744 triennio
514 723 550 744 ex
585 718 659 745 tuuc
692 713 838 753 decurso,
856 713 972 745 iterum
986 713 1017 745 in
1032 712 1095 745 eis-

358 764 431 797 dem
455 765 661 797 monasteriis
680 770 711 798 et
730 765 806 798 locis
826 765 1010 808 promoveri
1027 774 1093 796 non

358 818 528 861 deberent)
554 818 768 851 nihilominus
787 818 938 851 nonnulli
962 818 1094 850 abbates

357 870 620 913 Congregationis
645 871 828 914 praedictae
853 871 884 903 in
907 869 1092 914 praeteritis

357 923 504 957 trienniis
538 923 814 967 dispensationem
859 924 924 956 sive
956 923 1091 966 gratiam

356 976 611 1010 confirmationis
636 977 667 1008 in
694 976 815 1009 eisdem
836 976 973 1009 abbatiis
992 981 1024 1008 et
1040 986 1094 1018 gu-

356 1029 478 1062 berniis
489 1040 578 1072 repoi
590 1033 621 1061 ta
636 1034 713 1069 unt;
728 1029 923 1072 illorumque
934 1030 1091 1071 exemplo,

356 1082 567 1125 quorumdam
593 1082 729 1114 aliorum
754 1082 908 1114 abbatum
927 1081 1092 1114 temeritas

355 1139 387 1167 et
421 1134 553 1168 ambitio
589 1145 627 1168 eo
652 1135 825 1178 processit,
860 1140 905 1175 ut,
934 1134 1091 1167 eiusmodi

355 1188 458 1231 gratia
475 1188 732 1222 confirmationis
752 1188 791 1221 ad
809 1188 1000 1221 sexennium
1017 1198 1093 1221 con-

357 1240 482 1273 tinuum
508 1241 642 1273 obtenta
666 1251 732 1273 non
757 1240 910 1280 contenti,
941 1240 1028 1273 illam
1053 1241 1092 1273 ad

355 1292 555 1326 novennium
581 1294 710 1326 extendi
736 1299 920 1336 procurent,
948 1298 980 1326 et
1007 1293 1092 1336 quod

355 1346 447 1389 peius
473 1351 533 1387 est,
561 1347 754 1390 conquisitis
782 1347 955 1386 favoribus,
979 1346 1094 1379 confir-

355 1399 530 1432 mationem
554 1399 754 1440 huiusmodi‚
789 1399 885 1432 etiam
918 1400 949 1431 in
974 1399 1093 1442 prima-

355 1451 411 1484 riis
452 1452 598 1485 eiusdem
634 1451 900 1495 Congregationis
941 1452 1090 1493 abbatiis,

356 1515 439 1548 quae
464 1505 504 1537 ab
530 1504 688 1538 eiusmodi
719 1505 820 1538 abusu
851 1505 1010 1538 inuuunes
1036 1506 1094 1538 ba-

355 1563 469 1592 ctenus
495 1563 637 1592 servatae
675 1558 813 1598 suerunt,
853 1559 913 1591 sibi
954 1558 1091 1591 concedi

355 1611 566 1652 contendant,
592 1620 657 1643 non
682 1610 750 1643 sine
776 1610 914 1644 evidenti
941 1611 1091 1644 abbatum

355 1663 573 1704 nationalium,
600 1674 636 1696 ac
652 1663 845 1706 praesertim
860 1664 982 1696 meritis
999 1674 1092 1707 prae-

355 1716 518 1756 stantium,
544 1716 757 1759 praeiudicio.

399 1770 414 1812 ἓ
438 1769 469 1801 2.
497 1768 600 1807 Quare
625 1769 840 1812 Congregatio
859 1769 1091 1813 venerabilium

356 1822 489 1856 fratrum
513 1828 701 1856 nostrorum
726 1823 757 1856 S.
776 1823 812 1856 R.
828 1823 862 1856 E.
883 1823 1092 1856 cardinalium

354 1875 496 1918 negotiis
529 1881 561 1908 et
592 1875 885 1909 consultationibus
926 1876 1093 1919 episcopo-

354 1939 426 1961 rum
461 1934 494 1961 et
524 1929 723 1971 regularium
754 1929 951 1973 praeposita,
984 1930 1092 1963 audito

355 1987 571 2024 procuratore
606 1982 751 2024 generali
781 1983 934 2025 praefato,
967 1983 1094 2016 censuit

354 2032 601 2077 iniungendum,
627 2040 722 2077 prout
747 2035 893 2075 iniunxit,
920 2036 1094 2079 superiori-

354 2085 416 2119 bus
438 2087 645 2129 generalibus
670 2088 832 2130 praefatae
865 2088 1094 2132 Congregatio-

356 2139 406 2172 nis
431 2140 663 2173 canonicorum
697 2141 899 2183 regularium
930 2141 960 2174 S.
987 2141 1094 2175 Salva-

359 2192 446 2233 toris,
471 2198 506 2225 ut
529 2193 615 2226 circa
639 2194 818 2237 praemissa
843 2195 882 2227 ab
900 2194 1016 2228 iisdem
1041 2196 1095 2228 ab·

358 2245 455 2278 batiis
480 2246 611 2279 omnino
636 2252 781 2280 servetur
806 2248 976 2290 dispositio
1001 2259 1095 2292 prae-

358 2302 563 2331 narratarum
587 2299 675 2333 Pauli
690 2300 954 2343 praedecessoris
978 2302 1095 2335 littera—

359 2360 452 2392 rum,
478 2350 511 2383 in
536 2351 652 2394 quibus
678 2353 762 2386 inter
786 2353 848 2386 alia
872 2355 1041 2388 ordinatur
1061 2361 1095 2388 ut

359 2403 492 2436 abbates
516 2403 780 2448 Congregationis
801 2407 1030 2441 canonicorum
1050 2419 1095 2441 re-

359 2457 519 2499 gularium
545 2457 731 2492 huiusmodi
757 2460 796 2493 ab
821 2460 939 2494 iisdem
958 2461 1094 2495 abbatiis

358 2519 418 2552 per
435 2510 626 2543 sexennium
650 2512 699 2544 vel
713 2513 824 2546 saltem
843 2524 903 2556 per
921 2514 1096 2550 triennium

360 2568 486 2596 vacent.

404 2617 419 2660 ἓ
444 2615 476 2650 3.
504 2615 582 2650 Cum
606 2622 721 2659 autem,
747 2618 828 2652 sicut
862 2620 974 2655 eadem
1000 2632 1097 2666 expo-

1137 290 1212 324 sitio
1248 289 1487 333 subiungebat,
1513 292 1669 334 praedicti
1692 291 1873 324 Ludovicus

1137 343 1236 377 abbas
1261 345 1420 387 generalis
1446 349 1478 377 et
1509 346 1777 378 Bartholomaeus
1802 355 1874 387 pro-

1137 402 1267 430 curator
1284 397 1456 439 generalis,
1476 402 1538 430 tain
1567 398 1764 440 supradictas
1783 397 1871 430 Pauli

1137 450 1395 492 praedecessoris
1421 450 1557 491 litteras,
1586 461 1680 493 quam
1706 451 1871 483 decretum

1128 503 1321 545 ,praedictae
1357 503 1622 545 Congregationis
1660 502 1871 536 cardinalium

1137 564 1235 597 super
1259 555 1386 588 illarum
1400 556 1613 595 observantia,
1628 560 1662 587 ut
1679 555 1870 598 praefertur,

1138 607 1189 640 die
1222 618 1252 641 v1
1288 608 1480 651 septembris
1521 609 1665 652 proxime
1706 607 1870 651 praeteriti

1137 666 1328 701 emanatum,
1346 662 1545 704 apostolicae
1556 660 1809 694 confirmationis
1821 671 1873 693 no-

1137 718 1220 746 strae
1246 714 1425 757 patrocinio
1450 715 1642 747 communiri
1666 724 1872 756 summopere

1137 766 1337 799 desiderent:
1365 777 1436 807 nos,
1451 767 1626 810 specialem
1655 767 1734 811 ipsis
1766 767 1873 800 Ludo-

1135 819 1204 852 vico
1244 820 1350 853 abbati
1385 821 1528 863 generali
1566 827 1598 854 et
1622 821 1871 854 Bartholomaeo

1136 873 1339 914 procuratori
1364 874 1506 915 generali
1532 874 1667 916 gratiam
1692 874 1797 907 facere
1821 885 1873 907 vo-

1136 925 1253 964 lentes,
1281 930 1313 957 et
1337 935 1448 958 eorum
1474 926 1654 969 singulares
1679 937 1836 970 personas
1856 937 1873 959 a

1136 977 1298 1019 quibusvis
1317 979 1669 1021 excommunicationis,
1686 979 1874 1022 suspensio-

1136 1030 1185 1062 nis
1211 1035 1243 1062 et
1267 1030 1441 1072 interdicti,
1476 1033 1612 1076 aliisque
1643 1033 1871 1067 ecclesiasticis

1136 1083 1315 1123 sententiis,
1353 1084 1498 1117 censuris
1535 1090 1567 1117 et
1602 1085 1716 1128 poenis
1748 1097 1766 1119 a
1790 1085 1870 1125 iure,

1135 1136 1185 1168 vel
1223 1136 1262 1168 ab
1300 1136 1441 1177 bomine,
1469 1137 1578 1180 quavis
1616 1138 1785 1171 occasione
1821 1139 1872 1171 vel

1135 1190 1230 1221 causa
1254 1188 1337 1229 latis,
1362 1189 1388 1221 si
1415 1189 1531 1232 quibus
1558 1190 1806 1233 quomodolibet
1829 1191 1874 1222 in-

1135 1241 1273 1273 nodatae
1299 1241 1450 1282 existunt,
1478 1243 1516 1276 ad
1538 1242 1687 1276 effectum
1718 1253 1874 1286 praesen-

1134 1293 1215 1326 tium
1250 1294 1414 1327 dumtaxat
1453 1296 1733 1338 consequendum,
1757 1296 1873 1328 harum

1135 1347 1220 1380 serie
1246 1347 1450 1381 absolventes
1474 1354 1506 1381 et
1531 1349 1694 1382 absolutas
1720 1349 1787 1382 sore
1805 1359 1873 1382 cen-

1135 1405 1255 1441 sentes,
1283 1400 1574 1443 supplicationibus
1602 1412 1715 1436 eorum
1740 1402 1872 1435 nomine

1135 1452 1229 1485 nobis
1255 1463 1353 1496 super
1378 1454 1442 1486 hoc
1467 1454 1635 1488 humiliter
1651 1455 1809 1498 porrectis
1825 1455 1874 1487 ina

1136 1505 1256 1546 clinati,
1292 1506 1452 1549 praefatas
1488 1507 1578 1552 Pauli
1611 1508 1873 1550 praedecessoris

1136 1560 1258 1592 litteras
1284 1560 1334 1592 die
1352 1571 1395 1593 xii
1413 1561 1487 1593 maii
1514 1567 1682 1602 iuncv11‚et
1706 1562 1872 1595 decretum

1137 1623 1236 1655 super
1267 1623 1376 1645 earum
1408 1614 1612 1647 observantia
1645 1625 1663 1647 a
1695 1616 1874 1648 memorata

1136 1666 1348 1699 cardinalium
1373 1665 1632 1710 Congregatione
1669 1667 1721 1701 die
1746 1678 1777 1702 v1
1802 1678 1874 1711 sep-

1138 1718 1268 1751 tembris
1304 1719 1449 1762 proxime
1489 1721 1654 1763 praeteriti
1693 1721 1873 1764 respective

1137 1776 1293 1813 emanata,
1319 1777 1354 1804 ut
1373 1772 1563 1815 praefertur,
1590 1773 1781 1807 auctoritate
1798 1784 1876 1817 apo-

1136 1824 1259 1865 stolica,
1274 1829 1388 1858 tenore
1406 1826 1636 1868 praesentium,
1653 1827 1873 1870 approbamus

1137 1883 1168 1911 et
1207 1877 1460 1919 confirmamus,
1506 1878 1637 1922 illisque
1677 1879 1874 1913 inviolabilis

1137 1931 1334 1974 apostolicae
1359 1930 1520 1964 firmitatis
1538 1932 1637 1964 robur
1653 1932 1832 1965 adiicimus.

1181 1985 1195 2027 g
1219 1983 1250 2016 4.
1277 1983 1497 2017 Decernentes
1525 1985 1655 2018 casdem
1683 1990 1875 2028 praesentes

1137 2037 1259 2070 litteras
1285 2047 1414 2080 semper
1437 2036 1554 2078 sirmas,
1572 2038 1694 2071 validas
1718 2043 1750 2071 et
1774 2039 1877 2072 effica-

1138 2099 1189 2122 ces
1218 2089 1358 2123 existere
1383 2095 1415 2123 et
1443 2090 1521 2130 sore,
1540 2101 1683 2134 suosque
1708 2091 1875 2134 plenarios

1138 2147 1171 2175 et
1194 2142 1341 2185 integros
1362 2142 1494 2176 effectus
1512 2143 1625 2176 sortiri
1655 2148 1687 2176 et
1711 2144 1874 2185 obtinere,

1138 2206 1174 2228 ac
1194 2195 1234 2228 ab
1259 2196 1334 2237 illis,
1358 2196 1397 2229 ad
1419 2207 1500 2239 quos
1529 2202 1653 2239 spectat
1671 2202 1703 2230 et
1719 2208 1779 2240 pro
1798 2202 1878 2230 tem-

1138 2259 1217 2292 pore
1251 2249 1421 2292 spectabit,
1451 2249 1682 2283 inviolabiliter
1699 2251 1875 2292 observari,

1139 2301 1250 2345 sicque
1275 2302 1309 2335 in
1337 2303 1526 2346 praemissis
1562 2314 1621 2347 per
1655 2315 1876 2348 quoscumque

1138 2354 1261 2388 iudices
1297 2355 1477 2388 ordinarios
1503 2362 1535 2388 et
1558 2356 1748 2399 delegatos,
1779 2358 1877 2390 etiam

1138 2419 1309 2441 causarum
1327 2409 1437 2451 palatii
1455 2409 1624 2452 apostolici
1641 2410 1818 2452 auditores,
1834 2411 1877 2443 iu-

1139 2461 1238 2495 dicari
1263 2467 1295 2495 et
1319 2461 1447 2495 definiri
1476 2463 1605 2503 debere,
1631 2473 1667 2496 ac
1692 2464 1818 2496 irritum
1847 2470 1879 2497 et

1139 2516 1236 2549 inane
1267 2515 1294 2548 si
1327 2526 1419 2549 secus
1450 2526 1548 2560 super
1573 2517 1623 2550 his
1655 2527 1672 2550 a
1703 2528 1876 2561 quoquam,

1140 2569 1255 2613 quavis
1272 2569 1474 2609 auctoritate,
1495 2570 1637 2603 scienter
1654 2571 1703 2604 vcl
1728 2571 1880 2613 ignoran-

1142 2627 1203 2665 ter,
1224 2623 1400 2666 contigerit
1428 2624 1591 2656 attentari.

1775 233 1839 267 605
1883 242 1933 270 An.
1949 241 1977 269 c.
2000 241 2066 269 ¹676

1900 2024 1902 2026 Ι
1912 1996 2026 2017 Decretum
2043 1998 2070 2017 tr-

1887 2026 1960 2044 ruant.
