2279 3260
8 94 18 102 ,,
0 0 35 68 Ἦ

154 269 204 294 An.
222 268 251 294 C.
273 268 340 295 1o72

183 644 211 663 m
228 649 271 662 ianm
287 643 338 662 mitti

156 673 505 742 {ftis-¹}{i'i2‘1effl}possunt¹
529 686 712 719 visitatores
731 686 943 718 commissarii
962 691 1015 718 aut
1032 686 1087 717 de-

175 730 186 742 ul
198 730 213 741 F>
246 729 267 741 Sl
278 730 288 742 U
333 733 339 737 ·

155 751 280 795 hag-siffrfflic
308 739 448 780 inlegati
466 749 632 771 causarum
653 749 690 770 ex
704 737 715 754 ²
740 738 890 770 fratribus
917 739 956 771 de
973 738 1087 770 Obser-

187 1484 299 1505 Decretum
316 1484 341 1504 ir-

158 1512 232 1532 citans.

182 2276 341 2296 Coiitrariorum

156 2303 278 2328 ‹tuin-gato».

985 268 1127 291 ctmtttxs
1149 269 1167 290 X
1193 269 1240 291 ΡΡ.

348 317 490 351 eiusdem
508 318 634 351 Ordinis
651 318 792 360 Hispano
811 316 996 349 immediate
1015 317 1084 347 sub>
1128 316 1264 348 indultis
1297 320 1329 347 et
1358 315 1478 348 litteris
1504 317 1696 359 apostolicis
1724 317 1755 348 in
1789 327 1867 347 eon-

349 371 429 404 iecta
454 376 640 411 remaneat;
661 376 700 410 ct,
720 372 794 403 dum
815 370 963 402 minister
988 380 1084 412 gene-

347 424 422 456 ralis
458 435 494 456 ex
521 424 639 456 familia
665 423 865 456 cismontana
891 424 1013 455 electus
1050 433 1084 454 ac

349 481 437 508 extra
463 476 583 508 ltaliam
609 476 715 515 suerit,
741 475 963 508 commissario
990 486 1085 517 gene-

348 527 406 560 rali
438 528 544 560 curiae
569 528 697 561 Ordinis
730 527 865 571 praefati
896 527 1006 560 itidem
1032 527 1086 559 Ili-

350 591 451 623 spano
477 580 666 620 subiaceat;

393 634 407 675 ἓ
431 632 462 665 4.
490 633 555 665 Nec
575 634 612 665 ad
635 633 780 666 eamdem
807 633 984 665 custodiam
1005 632 1085 665 mitti

351 791 456 824 vantia
470 793 518 824 vel
536 791 740 831 Resormatis‚
760 792 815 823 sed
838 796 959 823 tantum
978 802 1013 823 ex
1032 791 1087 822 fra-

352 845 453 876 tribus
466 843 671 887 supradictae
687 843 939 876 Reformationis
953 844 1087 875 fratrum

350 897 620 930 Discalceatorum
639 896 822 940 Hispaniae,
849 897 935 928 iuxta
960 896 1089 939 privile-

350 950 401 993 gia
418 949 465 982 illi
480 960 651 990 concessa;
667 960 701 982 ac
720 949 848 981 demum
866 954 899 980 ut
919 954 1025 981 custos
1044 948 1090 980 di-

349 1008 418 1035 ctae
445 1002 609 1034 custodiae
630 1012 688 1044 pro
716 1006 860 1043 tempore
886 1001 1027 1033 existens
1049 1001 1088 1033 ad

349 1055 633 1098 congregationem
655 1055 842 1097 generalem
863 1053 1088 1087 intermediam

351 1107 426 1140 dicti
451 1107 588 1146 Ordinis,
614 1107 743 1150 quando
770 1107 801 1139 in
827 1107 997 1149 Hispania,
1024 1117 1088 1139 non

351 1165 459 1193 autem
472 1160 601 1203 quando
619 1160 650 1191 in
668 1159 757 1192 Italia
775 1160 996 1199 celebrabunt,
1015 1170 1089 1203 pro-

353 1213 451 1245 ficisci
483 1213 589 1256 possit
614 1218 646 1245 et
671 1212 805 1252 debeat,
832 1213 866 1244 in
892 1214 995 1255 eaque
1026 1213 1090 1246 voti

351 1266 416 1298 sive
441 1265 583 1308 suffragii
608 1265 865 1309 praerogativam
892 1266 1017 1306 habeat,
1039 1276 1091 1298 au-

351 1319 498 1352 ctoritate
523 1319 708 1362 apostoliea,
738 1324 848 1351 tenore
873 1319 1090 1362 praesentium

351 1372 519 1404 statuimus
546 1376 577 1404 et
602 1372 799 1411 ordinamus,
823 1382 858 1404 ac
883 1372 1090 1405 concedimus

353 1430 386 1457 et
410 1425 627 1467 indulgemus.

397 1479 411 1521 ξ
436 1477 467 1511 5.
494 1478 712 1510 Decernentes
742 1479 872 1511 easdem
903 1484 1090 1521 praesentes

353 1531 475 1564 litteras
500 1541 628 1574 semper
652 1531 773 1571 firmas,
797 1531 916 1564 validas
934 1538 965 1564 et
989 1532 1092 1564 estica-

351 1595 404 1617 ces
430 1585 568 1617 existere
595 1590 625 1617 et
650 1585 737 1626 sore,
763 1596 904 1628 suosque
929 1586 1091 1629 plenarios

351 1640 383 1668 et
407 1635 553 1677 integros
578 1635 710 1668 effectus
735 1635 841 1668 sortiri
875 1642 906 1668 et
930 1637 1089 1677 obtinere,

351 1699 386 1720 ac
404 1688 486 1728 illis,
515 1688 553 1721 ad
575 1699 656 1731 quos
674 1694 799 1731 spectat
819 1694 849 1721 et
866 1700 923 1732 pro
945 1695 1090 1732 tempore

352 1740 625 1783 quandocumque
647 1741 815 1783 spectabit,
834 1741 865 1772 in
890 1742 1040 1774 omnibus
1060 1748 1091 1775 et

352 1804 410 1836 per
434 1792 541 1825 ornnIa
573 1793 761 1835 plenissime
787 1794 971 1837 sutl'ragari,
997 1800 1028 1827 et
1053 1796 1090 1827 ab

353 1845 399 1877 eis
432 1845 611 1888 respective
643 1845 872 1879 inviolabiliter
908 1847 1088 1889 observari,

352 1898 463 1941 sicque
482 1899 514 1930 in
531 1899 719 1942 praemissis
734 1910 792 1942 per
810 1911 1028 1945 quoscumque
1044 1902 1091 1934 iu-

352 1952 438 1985 dices
463 1952 644 1985 ordinarios
660 1958 692 1985 et
712 1954 887 1996 delegatos,
903 1955 1000 1987 etiam
1020 1967 1091 1987 eau-

351 2015 458 2037 sarum
480 2005 590 2048 palatii
617 2006 785 2048 apostolici
813 2007 983 2047 auditores,
1011 2008 1091 2040 iudi-

352 2058 416 2090 cari
449 2063 481 2090 et
514 2058 641 2090 definiri
675 2059 812 2099 debere,
849 2070 883 2091 ac
909 2060 1035 2093 irritum
1060 2067 1091 2094 et

350 2111 447 2143 inane
473 2111 499 2143 si
534 2122 625 2144 secus
651 2122 749 2155 snper
781 2112 830 2145 his
862 2124 878 2145 a
910 2124 1088 2157 quoquam,

351 2163 461 2206 quavis
489 2164 687 2203 auctoritate,
714 2165 854 2198 scienter
871 2167 919 2199 vel
940 2166 1091 2209 ignoran-

353 2222 410 2256 ter,
436 2217 611 2259 contigerit
632 2217 795 2250 attentari.

396 2270 409 2312 ἓ
434 2270 464 2302 6.
491 2269 561 2302 Non
587 2271 797 2304 obstantibus
828 2272 1030 2315 praemissis,
1060 2279 1091 2305 et

352 2323 634 2356 constitutionibus
660 2329 692 2357 et
723 2324 984 2358 ordinationibus
1014 2337 1092 2370 apo-

352 2375 490 2415 stolicis,
509 2386 636 2408 necnon
651 2376 726 2409 dicti
753 2377 897 2418 Ordinis,
927 2378 1022 2411 etiam
1047 2379 1092 2411 iu-

351 2434 512 2469 ramento,
540 2429 786 2462 confirmatione
819 2432 1015 2474 apostolica,
1040 2434 1090 2465 vel

353 2482 466 2525 quavis
485 2481 639 2514 firmitate
661 2482 724 2515 alia
748 2484 930 2525 roboratis,
958 2486 1089 2518 statutis

351 2540 384 2567 et
409 2535 722 2576 consuetudinibus,
742 2537 926 2581 privilegiis
946 2549 1088 2583 quoque,

385 2605 399 2631 1
422 2605 515 2632 Potius
534 2606 593 2641 lege
612 2607 722 2640 possin!
742 2608 839 2641 (n.T.).

387 2648 403 2675 2
424 2650 573 2685 Praeposit.
595 2658 629 2678 ea:
649 2659 696 2677 nos
716 2651 840 2679 addimus
860 2653 888 2687 (R
920 2654 969 2687 T.).

421 2704 501 2734 Ball.
520 2706 598 2732 Rom.
617 2720 645 2723 -
668 2706 726 2733 Vol.
745 2707 852 2733 Xl'lll.
997 2707 1031 2733 44

1130 368 1267 400 trariuni
1309 368 1568 411 praemissorum
1615 369 1867 411 quomodolibet

1129 421 1311 461 concessis,
1332 420 1534 453 confirmatis
1550 426 1582 453 et
1596 421 1780 461 innovatis;
1802 421 1867 464 qui-

1130 475 1189 505 bus
1205 473 1357 506 omnibus
1373 478 1405 506 et
1420 473 1569 516 singulis,
1588 474 1717 506 illorum
1733 479 1866 505 tenores

1129 527 1362 569 praesentibus
1374 538 1434 570 pro
1445 528 1542 570 plene
1558 531 1587 559 et
1601 527 1801 559 sufficienter
1815 538 1868 558 ex-

1129 580 1253 623 pressis
1273 586 1304 613 et
1320 581 1450 613 insertis
1470 581 1643 621 hahentes,
1662 580 1727 613 illis
1741 581 1820 612 alias
1836 580 1868 611 in

1130 643 1189 665 suo
1222 634 1341 666 robore
1366 634 1604 677 permansuris,
1621 634 1658 666 ad
1679 633 1870 676 praemisso-

1131 697 1200 718 rum
1229 686 1388 727 effectum,
1411 689 1471 720 hac
1496 688 1565 720 vice
1591 688 1770 725 dumtaxat,
1795 697 1870 729 spe-

1130 739 1258 772 cialiter
1275 745 1307 772 et
1327 751 1483 783 expresse
1503 741 1714 783 deroganius;
1734 738 1871 772 ceteris-

1131 803 1193 834 que
1215 794 1389 825 contrariis
1415 794 1692 836 quibuscumque.

1175 846 1287 878 Datum
1313 846 1441 885 Romae,
1469 846 1552 889 apud
1579 846 1609 878 S.
1626 845 1756 878 Mariam
1774 845 1871 877 Maio-

1133 910 1201 931 rem
1221 926 1228 939 ,
1255 900 1314 931 sub
1346 901 1465 932 annulo
1490 900 1683 938 piscatoris,
1712 899 1763 931 die
1796 909 1870 931 xxw

1133 952 1330 995 septembris
1345 962 1499 985 ,unctxxn
1515 979 1521 992 ‚
1540 952 1744 995 pontificatus
1770 952 1871 985 nostri

1133 1015 1216 1038 anno
1241 1015 1289 1038 111.

1119 522 1126 534 Ι

1527 1048 1550 1081 l.
1579 1048 1614 1081 G.
1641 1048 1780 1081 Stusn's.

1169 1111 1227 1137 Dat.
1245 1111 1288 1137 die
1304 1111 1337 1137 m
1353 1110 1517 1146 septembris
1536 1111 1612 1144 1672,
1633 1110 1728 1145 pontif.
1745 1119 1815 1137 anno
1830 1117 1871 1139 111.

1167 1174 1292 1208 Reqistr.
1314 1173 1345 1200 in
1365 1174 1470 1201 secret.
1492 1173 1525 1200 in
1545 1173 1617 1201 libro
1637 1171 1777 1200 Brevium
1796 1180 1873 1199 men-

1132 1218 1171 1245 sis
1190 1218 1368 1252 septembris.

1407 1317 1411 1322 ’
1450 1342 1552 1375 exin.

1136 1413 1327 1452 Decretum,
1366 1413 1452 1456 quod
1490 1413 1527 1445 in
1566 1413 1874 1455 congyreqatiombus

1178 1466 1210 1498 S,
1238 1465 1408 1498 Benedicti
1430 1476 1488 1508 per
1514 1465 1661 1498 Galliam
1686 1470 1715 1498 el
1744 1466 1870 1508 Hispa-

1178 1519 1271 1550 m'am
1295 1518 1489 1560 saffraqiam
1522 1518 1649 1550 abbatis
1682 1518 1874 1560 ubicumque

1176 1571 1275 1614 fuerit
1298 1571 1485 1614 praevaleat
1501 1571 1537 1603 in
1554 1571 1697 1613 paritate
1713 1575 1869 1603 votorum.

1360 1642 1495 1668 Clemens
1517 1642 1595 1674 Papa
1614 1642 1646 1673 X,

1275 1687 1311 1713 ad
1331 1686 1465 1713 futuram
1485 1685 1529 1713 rei
1550 1685 1732 1712 memoriam.

1179 1748 1193 1791 ξ
1210 1748 1240 1780 ’1.
1260 1748 1382 1791 Exponi
1402 1748 1493 1780 nobis
1512 1759 1615 1791 nuper
1640 1748 1715 1780 secit
1737 1748 1874 1781 dilectus

1136 1800 1220 1833 lilius
1242 1800 1411 1843 Dionysius
1436 1800 1578 1833 Mantilla
1604 1806 1798 1843 procurator
1823 1812 1875 1843 ge-

1135 1854 1254 1886 neralis
1276 1853 1542 1896 Congregationis
1560 1853 1745 1896 Hispaniae,
1765 1859 1796 1886 et
1815 1864 1874 1897 per

1135 1906 1401 1939 substitutionem
1438 1907 1533 1938 etiam
1577 1906 1696 1939 Galliae
1712 1933 1718 1945 ,
1745 1906 1874 1939 Ordinis

1135 1959 1373 2000 Cistercicnsis,
1396 1960 1484 2002 quod
1507 1960 1597 2002 (licet
1615 1970 1650 1992 ex
1670 1961 1783 2001 regula
1803 1971 1874 1992 san-

1135 2013 1175 2046 cti
1195 2013 1369 2053 Benedicti,
1389 2024 1483 2056 quam
1508 2013 1659 2045 monachi
1686 2013 1760 2045 dicti
1787 2013 1875 2046 Ordi-

1134 2066 1183 2098 nis
1208 2065 1422 2109 profitentur‚
1447 2065 1596 2098 monachi
1628 2066 1668 2098 ad
1700 2066 1874 2098 consilium

1136 2118 1237 2152 vocati
1254 2129 1319 2151 non
1338 2118 1587 2151 habeantetiam
1613 2118 1645 2150 in
1672 2118 1873 2161 gravioribus

1135 2172 1240 2204 causis
1258 2177 1366 2205 votum
1385 2171 1570 2212 decisivum,
1586 2172 1642 2204 sed
1663 2177 1785 2204 tantum
1802 2183 1874 2205 con-

1135 2225 1294 2267 sultivum,
1310 2230 1344 2257 ut
1361 2230 1483 2258 constat
1501 2236 1536 2258 ex
1556 2226 1699 2268 capitulo
1719 2225 1758 2257 de
1781 2225 1873 2258 adhi-

1134 2278 1248 2311 bendis
1266 2279 1304 2311 ad
1323 2278 1495 2311 consilium
1514 2278 1674 2317 fratribus,
1688 2278 1743 2310 ubi
1761 2279 1805 2310 sic
1821 2279 1872 2311 ha-

1134 2332 1240 2363 betur.
1262 2343 1275 2362 «
1293 2330 1422 2369 Quoties
1437 2331 1545 2374 aliqua
1559 2331 1734 2374 praecipua
1748 2331 1873 2373 agenda

1135 2381 1258 2414 sunnin
1278 2381 1488 2421 monasterio,
1507 2387 1665 2414 convocet
1682 2382 1780 2414 abbas
1802 2392 1871 2414 oni-

1134 2446 1207 2468 nem
1228 2434 1525 2477 congregationem,
1544 2440 1576 2467 et
1594 2434 1679 2467 dicat
1696 2435 1765 2478 ipse
1782 2435 1868 2467 unde

1134 2488 1249 2530 agitur,
1268 2493 1300 2520 et
1313 2488 1446 2519 audiens
1461 2487 1633 2520 consilittm
1652 2487 1793 2527 fratrum,
1810 2492 1871 2519 tra-

1134 2545 1198 2573 ctet
1222 2540 1307 2583 apud
1332 2550 1377 2580 se,
1403 2544 1444 2579 et,
1470 2540 1557 2583 quod
1576 2540 1686 2572 utilius
1707 2539 1870 2572 iudicave-

1134 2593 1194 2632 rit,
1228 2592 1259 2625 id
1285 2592 1400 2632 saciat;
1434 2591 1479 2624 sic
1513 2597 1619 2624 autem
1644 2592 1721 2624 dent
1753 2592 1868 2624 fratres

1134 2645 1306 2679 consilium
1336 2656 1410 2678 curn
1434 2644 1520 2678 omni
1551 2644 1742 2677 humilitatis
1766 2644 1870 2677 subie-

1762 258 1827 291 345
1874 268 1924 292 An.
1945 265 1975 291 c.
1996 265 2060 291 ποτῇ).

1912 1754 2032 1781 Expositio.
