2279 3260
212 233 262 257 Au.
284 230 313 257 C..
332 230 398 256 1072

444 220 508 253 atr·

405 279 587 315 sti-ictibus,
626 289 660 311 ae
697 279 952 322 quibuscumque
990 277 1138 321 oppidis,

408 331 500 362 terris
524 337 555 363 et
580 332 656 364 locis
674 333 777 364 Status
803 333 902 365 nostri
928 330 1141 364 Iler-lesiastiei

408 383 545 415 mediate
570 384 816 417 vclimmediate
835 384 997 423 subiectis,
1017 387 1049 415 et
1065 383 1142 414 alias

407 436 603 479 ubicumque
642 438 806 476 loeormn,
845 436 1082 480 provinciarum
1113 439 1141 466 et

409 500 584 531 regnorum
612 490 790 532 respective
809 487 1027 527 consistentia,
1046 487 1145 519 dicto-

409 552 543 584 rumque
580 542 737 573 bonorum
778 542 894 572 fruetus
911 567 918 580 ,
944 544 1119 583 proventus
1135 564 1142 577 ‚

410 594 596 635 pensiones,
616 595 738 626 allietus
761 599 791 625 et
815 593 1031 625 emolumenta
1049 601 1145 634 quae-

411 656 568 689 cumque,
594 646 757 685 00011001,
783 651 931 688 respectu
959 645 1145 677 eorumdem

412 699 570 731 bonorum
597 705 738 738 tantum,
766 704 888 731 vestros
915 704 945 729 et
974 697 1144 729 cuiuslibet

412 758 549 783 vestrmn
577 753 725 790 colonos,
753 752 978 790 laboratores,
1005 750 1147 782 111110100-

411 805 475 837 1105
500 810 531 836 et.
556 805 770 837 conductores
790 815 1026 848 quoscumque,
1042 804 1147 836 euius-

411 858 457 889 vis
477 857 648 900 qualitatis,
664 857 853 900 quantitatis
865 863 895 890 et
912 863 1044 889 naturae
1062 857 1147 889 bona

412 910 608 949 huiusmodi,
635 922 671 942 ac
695 910 921 953 cuiuscumque
946 910 1042 943 annui
1063 911 1148 942 valo·

411 963 453 995 ris
480 964 608 995 illorum
637 964 766 1002 fructus,
786 963 931 996 redditus
956 969 988 996 et
1012 974 1149 1007 proven-

412 1020 459 1047 tus
484 1014 558 1055 sint,
584 1016 632 1048 vel
658 1016 786 1056 fuerint,
805 1027 841 1048 ae
866 1016 961 1048 etiam
979 1026 1149 1058 quaecum-

412 1079 473 1110 que
488 1079 504 1100 a
519 1068 608 1101 vobis
623 1073 654 1101 et
667 1068 802 1110 singulis
819 1074 958 1101 vestrum
969 1069 1146 1109 vendenda,

413 1126 443 1152 et
467 1131 524 1163 pro
548 1121 662 1153 vestris
688 1121 947 1164 familiarumque
968 1126 1148 1154 vestrarum

411 1173 521 1205 usibus
548 1174 693 1213 emenda,
720 1174 759 1206 ab
785 1174 934 1206 omnibus
962 1179 994 1207 et
1018 1174 1149 1217 quibus-

412 1236 547 1268 cumque
584 1225 737 1265 decimis,
768 1225 890 1268 quartis
924 1231 956 1258 et
987 1226 1147 1266 dimidiis,

412 1278 547 1321 aliisque
566 1278 720 1321 partibus,
740 1289 795 1311 seu
813 1277 1029 1321 portionibus,
1047 1278 1150 1311 subsi-

413 1331 474 1363 diis
496 1331 591 1363 etiam
617 1331 825 1371 sliat-itatius,
845 1342 903 1364 1100
928 1342 992 1364 11011
1016 1332 1151 1374 vectiga-

412 1383 506 1423 libus,
521 1384 669 1426 gabellis,
683 1384 846 1427 portoriis,
866 1384 971 1425 datiis,
993 1384 1148 1428 pedagiis,

415 1436 504 1477 taxis,
522 1437 666 1469 collectis
681 1442 712 1469 et
729 1448 934 1480 quocumque
948 1437 1011 1470 alio
1023 1438 1150 1470 nomine

414 1489 606 1532 nuncupatIs
624 1489 774 1531 angariis,
793 1490 1004 1533 perangariis,
1020 1490 1152 1523 ceteris-

415 1553 476 1585 que
503 1542 659 1574 oneribus
685 1548 716 1574 et
740 1543 1060 1584 contributionibus,
1088 1548 1151 1576 tam

414 1596 545 1627 urbanis
571 1606 665 1638 quam
693 1595 829 1635 rusticis,
845 1595 1018 1628 ordinariis
1044 1601 1076 1628 et
1099 1607 1152 1629 ex-

417 1648 647 1687 traordinariis,
668 1647 762 1680 etiam
780 1648 914 1680 subsidii
936 1648 1103 1681 triennalis
1121 1653 1153 1680 et

416 1700 565 1742 quatreni
591 1701 705 1740 carnis,
731 1701 867 1743 aliisque
892 1701 1152 1744 impositionibus

416 1753 570 1793 realibus,
593 1753 822 1796 personaliljius
840 1759 872 1785 et
896 1753 1028 1794 mixtis¹,
1056 1755 1151 1786 etiam

416 1806 541 1839 ratione
556 1806 770 1838 munitionum
783 1807 955 1845 moenium,
965 1807 1153 1850 etpontium

417 1864 449 1891 et
464 1865 631 1902 portarum
647 1864 678 1891 et
692 1859 923 1899 moliturarum,
943 1872 977 1892 ac
996 1861 1151 1893 mercium

418 1912 649 1955 cuiuscumspie
676 1912 805 1954 generis
832 1913 982 1945 transitus
1011 1920 1066 1945 seu
1084 1924 1154 1957 pas-

417 1975 469 1997 sus
494 1971 525 1997 et
547 1971 696 1997 vecturae
723 1965 817 1997 ctiam
849 1965 880 1996 111
915 1966 999 1998 aliud
1025 1967 1154 1999 territo-

417 2018 499 2050 rium
521 2029 574 2051 seu
601 2018 808 2060 provinciam,
834 2021 919 2050 terra
943 2019 1023 2051 mari
1049 2021 1154 2052 01110-

417 2071 512 2110 mine,
538 2082 665 2104 necnon
691 2082 844 2114 equorum
870 2078 1069 2105 mortuorum
1092 2078 1154 2105 sta-

418 2125 620 2157 bulationum
645 2130 676 2157 et
709 2124 962 2167 hospitationum
993 2126 1150 2167 militum,

417 2177 628 2210 institutionis
665 2177 830 2209 seminarii
868 2178 1080 2211 ecclesiastici
1123 2185 1154 2211 et

418 2230 672 2263 manutentionis
697 2230 807 2263 classis
827 2236 858 2263 et
875 2231 1058 2263 triremium
1072 2243 1153 2275 pon-

420 2283 608 2324 tificiarum,
632 2294 668 2316 ac
699 2283 793 2316 ctiam
823 2284 864 2315 01)
893 2283 1015 2316 bellum
1040 2290 1153 2317 eontra

417 2335 573 2373 infideles,
600 2338 650 2368 vel
676 2335 707 2367 in
733 2336 979 2369 subventionem
1004 2337 1095 2370 Sedis
1122 2344 1154 2370 et

418 2388 568 2420 Gamerae
594 2389 853 2431 praedictarum,
880 2394 934 2421 aut
958 2389 1152 2423 christianae

417 2442 613 2483 reipublicae
639 2452 694 2474 seu
708 2441 814 2474 Status
833 2442 1044 2475 Ecclesiastiei
1062 2455 1153 2487 prae-

419 2496 491 2527 dit-ti
519 2495 687 2528 tuitionem
714 2500 744 2527 ct
768 2495 1002 2536 defensionem,
1020 2506 1055 2529 ac
1072 2497 1150 2530 alias

454 2615 461 2640 1
484 2612 550 2639 Edit.
570 2613 646 2639 Δ111111.
665 2614 727 2648 tegit
742 2615 837 2641 missis
855 2623 902 2649 pro
918 2615 1017 2643 mittetis
1033 2615 1070 2650 (R.
1083 2616 1131 2649 T.)-

984 228 1163 254 0111110110
1186 228 1339 255 ROMANUM

1184 288 1219 309 ex
1242 288 1440 321 quacumque
1456 277 1534 311 licet
1547 277 1741 321 gravissima,
1756 275 1918 318 urgentis-

1184 330 1272 371 sima,
1300 331 1489 371 necessaria,
1517 331 1657 372 insolita,
1683 330 1857 373 incognita,
1883 340 1919 362 ac

1186 383 1425 425 inexcogitabili
1448 386 1544 416 causa
1566 384 1736 428 impositis,
1757 394 1793 415 ac
1822 392 1921 425 quan-

1186 435 1362 478 doumque
1389 440 1421 467 et
1446 436 1726 479 qualitercumque
1751 436 1921 478 imponen-

1187 487 1244 527 dis,
1264 488 1359 520 etiam
1384 488 1509 521 ratione
1530 489 1721 522 venditionis
1737 497 1768 523 et
1788 487 1921 532 emptio-

1188 539 1236 571 nis
1255 551 1409 583 equorum
1434 540 1637 584 aliorumque
1655 542 1841 574 animalium
1859 541 1922 573 sol-

1188 592 1216 624 vi
1243 593 1345 626 solitis
1371 593 1467 635 (itaut
1489 604 1543 626 vos
1570 599 1601 626 et
1625 594 1760 636 quilibet
1777 599 1920 626 vestrum

1190 644 1270 677 nit1il
1296 645 1428 678 omniuo
1454 647 1569 679 1101001
1594 647 1641 679 vel
1667 646 1821 679 similium
1845 647 1921 678 sub-

1190 697 1235 730 ire
1260 699 1310 731 vel
1336 699 1457 731 solvere
1483 699 1671 740 teneamini,
1702 710 1761 732 1100
1785 710 1843 742 per
1867 698 1924 731 Ca-

1190 762 1295 783 merae
1322 752 1526 794 Apostolicae
1559 758 1613 784 aut
1634 752 1715 785 alios
1741 751 1926 785 commissa-

1190 804 1255 836 rios
1281 809 1311 836 et
1335 804 1508 845 ministros,
1535 815 1590 837 seu
1620 805 1838 847 vectigalium,
1866 815 1922 846 ga-

1190 858 1347 890 bellarum
1371 885 1378 898 ,
1425 858 1644 897 deeimarum,
1683 858 1925 897 subsidiorum,

1191 909 1457 952 impositionum,
1491 910 1685 943 tributorum
1721 916 1752 943 et
1791 910 1927 943 aliorum

1192 963 1434 1005 praedictorum
1448 964 1680 1006 redemptores,
1701 963 1926 1002 conductores,

1192 1016 1670 1056 00110010105,501100110010105
1696 1022 1726 1049 01
1751 1021 1926 1056 exactores,

1192 1078 1397 1112 quocumque
1430 1069 1621 1112 privilegio,
1653 1070 1857 1113 exemptione
1898 1075 1930 1101 et

1192 1120 1341 1153 facultate
1367 1120 1533 1161 suffultos,
1560 1122 1597 1154 ad
1624 1122 1655 1154 id
1680 1121 1812 1154 valeatis
1838 1132 1928 1155 coar—

1192 1173 1280 1212 ctari,
1306 1173 1459 1216 quamdiu
1491 1174 1630 1206 vixeritis
1656 1179 1687 1207 et
1716 1174 1853 1217 quilibet
1875 1185 1929 1207 vc-

1193 1231 1294 1259 strum
1312 1226 1425 1259 vixerit
1446 1227 1632 1269 respective,
1651 1233 1763 1260 tenore
1777 1238 1929 1271 praeseu-

1194 1280 1272 1312 tium
1298 1280 1468 1312 eximimus
1486 1285 1517 1312 ct
1534 1280 1874 1322 plenarietiberanms,
1894 1291 1930 1314 ac

1193 1332 1323 1371 liberos,
1351 1332 1528 1373 immunes,
1548 1333 1674 1366 francos
1699 1339 1730 1366 et
1750 1339 1928 1377 exemptos,

1194 1385 1372 1428 liberaque,
1400 1385 1565 1426 immunia,
1592 1386 1700 1419 franca
1726 1392 1757 1419 et
1781 1392 1931 1430 exempta

1195 1448 1263 1470 csse
1290 1443 1322 1470 et
1346 1438 1413 1471 fore
1439 1438 1640 1471 decernimus
1676 1439 1799 1482 pariter
1823 1445 1854 1472 et
1876 1439 1930 1472 de-

1195 1492 1363 1524 claramus.

1238 1544 1253 1586 §
1278 1543 1309 1576 5.
1336 1544 1511 1577 Praeterea
1542 1544 1633 1576 vobis
1665 1549 1697 1577 et
1721 1545 1856 1578 cuilibet
1881 1555 1932 1577 ve-

1195 1601 1309 1637 strum,
1335 1602 1369 1629 ut
1393 1597 1431 1629 de
1457 1598 1606 1630 omnibus
1631 1603 1662 1629 et
1686 1597 1822 1640 singulis
1846 1598 1932 1630 ioca-

1196 1650 1286 1690 libus,
1299 1650 1444 1693 gemmis,
1457 1651 1552 1683 etiam
1569 1651 1724 1694 pretiosis
1739 1657 1770 1685 et
1786 1651 1934 1694 quolibet

1196 1703 1340 1746 principe
1368 1703 1464 1735 etiam
1488 1704 1627 1736 maximo
1652 1709 1683 1737 et
1706 1706 1855 1747 praesule
1889 1704 1934 1736 di-

1197 1757 1277 1797 gnis,
1295 1767 1421 1789 necnon
1448 1757 1486 1789 de
1508 1757 1766 1800 supellectilibus
1799 1757 1933 1800 aliisque

1195 1809 1368 1842 mobilibus
1394 1810 1488 1842 etiam
1519 1810 1552 1842 in
1584 1810 1723 1852 pecunia
1753 1810 1934 1842 cuiuscum-

1197 1873 1257 1905 que
1282 1862 1411 1904 generis
1433 1863 1686 1895 consistentibus
1715 1873 1750 1895 ae
1768 1873 1935 1895 semoven-

1197 1917 1282 1949 tibus
1301 1922 1333 1949 et
1349 1916 1569 1949 immobilibus
1590 1918 1837 1960 quomodolibet
1853 1928 1934 1950 nun-

1196 1969 1319 2013 cupatis
1344 1970 1456 2009 bonis,
1483 1981 1519 2002 00
1544 1970 1654 2002 castris
1679 1976 1710 2003 et
1734 1971 1830 2003 terris
1855 1981 1933 2014 qua-

1197 2033 1334 2065 cumque
1346 2022 1499 2064 dignitate
1510 2021 1658 2062 suffultis,
1668 2023 1760 2062 villis,
1772 2023 1933 2062 domibus,

1196 2075 1331 2118 palatiis,
1347 2075 1456 2114 vineis,
1471 2074 1639 2114 casalibus,
1657 2076 1932 2118 possessionibus,

1196 2128 1354 2168 censibuS,
1381 2127 1461 2160 locis
1487 2132 1517 2159 et.
1542 2127 1746 2169 portionibus
1772 2128 1932 2160 montium

1197 2181 1436 2225 quorumlibet,
1467 2181 1600 2223 aliisque
1627 2181 1779 2213 dominiis
1805 2187 1931 2224 tempo-

1196 2235 1324 2275 ralibus,
1353 2234 1531 2266 feudalibus
1551 2239 1583 2266 et
1607 2234 1929 2274 iurisdictionalihus,

1195 2298 1350 2331 meroque
1377 2293 1409 2319 et
1432 2287 1531 2320 mixto
1560 2287 1696 2331 imperio
1723 2289 1813 2331 (sine
1839 2299 1933 2331 prae—

1196 2341 1315 2374 iudicio
1341 2346 1445 2373 tamen
1473 2340 1590 2373 iurium
1624 2340 1772 2374 Gamerae
1799 2342 1934 2384 Aposto-

1196 2395 1274 2427 licae
1307 2394 1491 2437 praedictae
1525 2395 1630 2437 quoad
1662 2394 1933 2428 iurisdictionalia

1197 2448 1414 2490 huiusmodi),
1436 2453 1499 2479 tam
1536 2447 1568 2479 in
1594 2447 1677 2480 Urbe
1716 2459 1809 2491 quam
1843 2453 1934 2481 extra

1196 2512 1265 2534 eam
1290 2500 1415 2541 ubivis,
1440 2501 1537 2532 ctiam
1568 2510 1667 2543 penes
1693 2501 1850 2534 beneficia
1874 2512 1933 2534 ec-

1195 2554 1374 2587 clesiastica
1392 2565 1613 2597 quaecumque
1631 2565 1703 2587 eum
1718 2557 1794 2587 cura
1811 2560 1838 2587 et
1862 2555 1931 2587 sine

1195 2611 1269 2640 cura
1295 2607 1471 2640 saecularia
1501 2613 1529 2640 et
1563 2608 1697 2641 cuiusvis
1728 2608 1856 2641 Ordinis
1881 2618 1931 2643 re-

1925 226 1973 253 Λη.
1996 226 2025 253 C.
2044 222 2113 252 ¹672

1972 1554 2070 1574 Fal-ultas
2086 1554 2126 1574 illis

1943 1582 2065 1600 comeduut·
2096 1583 2125 1599 10-

1943 1608 2011 1627 standi
2027 1607 2125 1632 »11115110-

1943 1635 2004 1654 nemti
2019 1633 2044 1653 sle
2055 1638 2126 1653 eouutn

1944 1661 2005 1680 bouis
