2279 3260
164 240 211 267 An.
229 239 257 267 C.
284 239 349 268 1674.

205 986 291 1010 Supplel
308 990 349 1006 cni·

166 1017 202 1032 ucs
220 1012 322 1032 desectus.

979 236 1121 261 CLEMENS
1145 238 1162 260 K
1188 237 1234 261 ΡΡ.

356 289 439 329 illos,
462 289 515 333 qui
542 287 701 322 eiusmodi
727 285 864 320 licentiis
889 285 937 317 usi
965 285 1091 323 suerint,

356 341 719 376 excommunicationem
758 350 816 383 per
852 339 981 372 decreta
1016 338 1090 371 dicti

354 393 488 428 Concilii
514 393 693 426 Tridentini
730 391 881 424 intlictani
918 390 1091 423 incurrisse

355 455 387 480 et
423 448 607 480 incursuros
638 456 733 485 esse;
771 456 832 478 nec
861 456 953 488 posse
979 449 1093 477 eontra

356 502 436 533 baec
452 500 586 543 allegari
604 500 654 532 vel
668 498 838 541 praetendi
856 495 1093 530 excusationem

355 565 391 586 ex
413 552 575 586 communi
602 561 723 591 errore,
742 562 814 582 cuni
840 550 955 582 abusus
981 559 1093 581 saecu—

355 606 432 639 laris
469 605 637 648 potestatis
663 604 694 636 in
721 603 927 646 deputatione
961 601 1093 634 vicario-

357 669 428 690 rum
453 668 510 690 seu
535 656 722 690 officialium
753 655 993 699 praedictorum
1026 653 1092 685 fere

359 711 508 742 omnibus
534 709 732 752 generaliter
750 708 935 747 innotuerit,
954 717 1094 739 eommu-

358 763 456 806 nique
473 769 567 796 vrecte
588 762 796 795 sentientium
824 762 962 794 horrore
987 766 1017 792 et
1041 760 1093 792 de-

359 816 528 849 testatione
549 815 742 859 reprobatus
765 814 872 853 suerit,
891 818 989 857 prout
1005 813 1095 846 illum

359 870 398 902 al)
417 869 566 903 omnibus
592 868 737 901 danmaii
763 873 794 900 et
818 866 988 910 reprobari
1009 867 1095 898 volu-

360 933 443 956 nius.

403 975 417 1018 ξ
430 974 460 1008 8.
477 975 693 1007 Deeernentes
705 973 834 1005 easdem
849 976 1036 1015 praesentes
1050 970 1096 1002 lit-

361 1031 457 1065 teras‚
482 1030 513 1058 et
538 1024 569 1056 in
595 1024 641 1056 eis
668 1028 822 1056 contenta
852 1031 1094 1065 quaecumque,

359 1079 456 1112 etiam
479 1072 516 1110 e'x
543 1088 581 1110 eo
601 1077 688 1119 quod
708 1076 969 1119 supradictarum
987 1075 1096 1107 curiae

359 1137 390 1164 et
415 1131 523 1173 regiae
550 1128 734 1162 audientiae
757 1127 912 1161 ot'ticiales
945 1132 976 1160 et
1007 1127 1099 1159 mini-

358 1184 427 1223 stri,
453 1195 489 1216 ac
514 1183 658 1222 Michael,
686 1182 842 1225 Iosephus
879 1186 911 1213 et
947 1180 1098 1223 lgnatius,

359 1237 523 1280 ceterique
542 1236 684 1279 deputati
712 1234 882 1278 praedicti,
901 1240 933 1267 et
957 1234 1011 1267 alii
1035 1235 1101 1277 qui—

361 1290 440 1323 libet
476 1290 507 1322 in
536 1288 720 1332 praemissis
756 1299 811 1321 seu
847 1298 961 1320 eorum
992 1287 1099 1330 aliquo

362 1342 410 1375 ius
435 1343 485 1375 vel
511 1342 667 1375 interesse
700 1342 857 1374 habentes
889 1351 945 1373 seu
979 1340 1099 1372 hahere

363 1394 609 1439 quomodolibet
636 1394 895 1437 praetendentes,
911 1393 1100 1426 cuiuscum—

362 1459 423 1492 que
449 1454 559 1488 status,
575 1448 703 1490 gradus,
722 1447 856 1487 ordinis,
878 1446 1101 1490 praeeminen-

363 1501 425 1534 tiae
451 1507 482 1534 et
507 1500 672 1543 dignitatis
699 1499 844 1538 existant,
871 1505 902 1532 et.
927 1500 1004 1532 alias
1029 1510 1100 1542 spe-

362 1554 454 1587 cifica
479 1559 510 1586 et
535 1553 699 1586 individua
724 1552 888 1585 mentione
914 1557 945 1584 et
969 1562 1101 1595 expres-

362 1609 453 1640 sione
472 1607 570 1650 digni,
584 1606 647 1640 illis
660 1616 723 1638 non
743 1605 976 1645 consenserint,
992 1606 1101 1637 necad

364 1671 400 1694 ea
425 1660 540 1699 vocati,
556 1658 643 1692 citati
660 1663 690 1691 et
715 1658 824 1697 auditi,
848 1668 953 1701 neque
975 1669 1100 1698 causae,

363 1718 497 1757 propter
521 1723 600 1755 quas
621 1716 813 1755 praesentes
835 1711 1026 1751 ei‘nanaiiiit,
1042 1712 1102 1743 sus-

365 1765 509 1798 iicienter
534 1765 703 1803 adductae,
725 1763 910 1796 veriticatae
935 1769 966 1796 et
991 1763 1102 1795 iustili-

365 1823 456 1851 eatae
493 1817 632 1855 suerint,
660 1822 712 1848 aut
738 1827 774 1849 ex
808 1816 871 1849 alia
901 1827 1101 1860 quacumque

364 1871 570 1915 ‹piantumvis
595 1870 730 1902 iuridiea
756 1875 787 1902 et
811 1869 1013 1912 privilegiata
1031 1881 1103 1902 eau-

365 1927 411 1965 sa,
437 1926 558 1963 colore,
577 1928 746 1967 praetextu
771 1929 804 1956 et
828 1924 942 1966 eapite,
958 1924 1053 1956 eliam
1071 1924 1101 1956 in

363 1989 501 2021 corpore
526 1976 606 2009 iuris
631 1978 750 2016 clauso,
776 1976 871 2009 ctiaiu
895 1977 1050 2016 enormis,
1077 1988 1103 2009 e-

365 2031 593 2064 normissimae
619 2035 651 2062 et
677 2031 783 2062 totalis
816 2030 982 2070 laesionis,
1015 2031 1103 2063 nullo

366 2094 509 2128 unquam
545 2089 690 2126 tempore
727 2082 765 2115 de
797 2083 1017 2126 subreptionis
1054 2086 1103 2117 vel

365 2137 568 2179 obreptionis
595 2142 649 2169 aut
674 2136 830 2169 nullitatis
855 2136 940 2175 vitio,
977 2148 1033 2169 seu
1059 2138 1104 2169 in-

368 2189 521 2222 tentionis
535 2195 662 2222 nostrae
678 2195 732 2221 aut
746 2189 902 2222 iuteresse
918 2189 1104 2222 habentium

367 2252 554 2282 consensus,
580 2242 682 2275 aliove
708 2242 853 2285 quolibet
882 2242 977 2275 etiam
1011 2254 1105 2286 quan—

369 2295 482 2328 tumvis
506 2305 622 2337 magno
647 2300 679 2328 et
697 2296 899 2329 ¹substantiali
925 2307 961 2329 ac
983 2296 1106 2339 incogi-

368 2355 433 2382 tato
479 2355 511 2381 et
555 2349 797 2392 inexcogitabili
840 2349 1104 2393 individuamque

368 2402 612 2446 expressionem
630 2403 821 2446 requirente
840 2404 970 2436 defectu
991 2404 1116 2444 notai·i,'

368 2455 563 2499 impugnari,
590 2454 734 2498 infringi,
754 2455 932 2496 invalidari,
959 2461 1106 2489 retracta-

368 2510 394 2541 ri
421 2514 453 2541 et
476 2509 514 2540 ad
542 2507 697 2550 terminos
722 2508 801 2541 iuris
827 2509 951 2549 reduci,
985 2520 1042 2541 seu
1074 2509 1106 2541 in

369 2555 625 2595 controversiam
651 2561 765 2601 vocari,
780 2567 834 2594 aut
857 2562 1009 2594 adversus
1035 2562 1105 2595 illas

369 2614 556 2661 aperitionis
571 2613 869 2655 o:·is,rcst“ituti0nis
884 2614 916 2647 in
930 2615 1106 2659 integrum,

1761 229 1826 263 503

1135 285 1260 317 aliudve
1286 286 1515 329 qiiedcumque
1538 287 1622 325 iuris,
1643 287 1711 319 faeti
1731 288 1778 319 vel
1798 298 1869 329 gra-

1137 338 1196 370 tiae
1234 340 1414 371 remedium
1441 340 1591 372 intentari
1619 341 1667 372 vet
1693 339 1870 382 impetrari,

1135 402 1190 424 seu
1217 393 1399 435 impetralo,
1426 397 1479 424 aut
1504 392 1598 425 etiam
1622 397 1720 431 motu,
1739 392 1873 424 scientia

1136 451 1168 477 et
1192 446 1361 487 potestatis
1399 445 1600 488 plenitudine
1638 445 1769 487 paribus
1802 455 1874 477 con-

1873 238 1910 263 ΛΠ
1941 237 1966 262 (ἶ.
1995 238 2056 263 Ηῐῖὶ

1121 508 1226 539 ,cesso
1244 499 1292 531 vel
1317 503 1475 537 emanato,
1502 497 1686 540 quenquam
1705 497 1735 529 in
1754 497 1872 529 iudicio

1136 551 1185 583 vel
1211 557 1299 583 extra
1320 551 1396 584 illud
1416 551 1459 583 uti
1485 562 1539 583 seu
1566 562 1599 583 se
1625 550 1733 582 iuvare
1755 560 1868 592 posse;

1179 603 1193 643 ,ξ
1211 603 1242 635 a.
1261 603 1321 635 Sed
1343 604 1425 646 ipsas
1445 609 1633 646 praesentes
1651 602 1772 635 litteras
1791 613 1872 635 seni-
1911 614 2021 634 ωυρμ-μω.
2038 616 2065 635 n·-

1136 667 1193 698 per
1217 656 1333 696 firmas,
1363 656 1482 689 validas
1504 662 1534 689 et
1555 656 1698 689 efficaces
1722 643 1956 694 existei·0‚‘'¹“¹¹”

1136 720 1277 752 suosque
1310 710 1474 753 plenarios
1502 715 1533 741 et
1564 710 1707 751 integros
1741 708 1872 741 ellectus

1137 762 1245 794 sortiri
1271 768 1303 794 et
1328 762 1488 801 obtinere,
1524 774 1559 793 ac
1596 763 1635 794 ab
1667 761 1817 795 omnibus
1842 767 1874 795 et

1137 814 1282 856 singulis,
1299 815 1335 846 ad
1364 825 1443 857 quos
1463 820 1587 857 spectat
1604 820 1635 847 et
1651 825 1709 858 pro
1729 821 1874 858 tempore

1138 868 1410 910 quandocumque
1446 868 1617 910 spectabit,
1647 868 1876 901 inviolabiliter

1139 925 1170 952 et
1195 920 1384 952 inconcusse
1409 921 1595 960 observari,
1622 921 1733 963 sieque
1759 926 1792 953 et
1812 931 1875 953 non

1140 973 1235 1006 aliter
1255 973 1287 1005 in
1306 973 1492 1016 praemissis
1512 985 1569 1017 per
1587 985 1805 1017 quoscumque
1831 974 1878 1006 iu·

1141 1025 1227 1058 dices
1249 1026 1431 1059 ordinarios
1450 1031 1482 1059 et
1499 1027 1673 1068 delegatos,
1693 1027 1789 1059 etiam
1806 1038 1878 1059 rau-

1141 1090 1247 1113 sarum
1283 1079 1395 1122 palatii
1427 1080 1595 1122 apostolici
1632 1079 1814 1119 auditores,
1843 1091 1879 1112 ae

1141 1132 1171 1164 S.
1188 1132 1225 1164 R.
1242 1132 1275 1164 Ε.
1293 1132 1484 1170 cardinales,
1502 1132 1596 1164 etiam
1617 1133 1655 1164 de
1674 1133 1775 1165 latere
1794 1133 1880 1174 lega-

1143 1190 1203 1223 tos,
1225 1185 1429 1227 Apostolicae
1462 1185 1554 1217 Sedis
1589 1184 1731 1222 nunties,
1761 1185 1879 1217 aliosve

1143 1237 1306 1280 quoslibet
1334 1248 1537 1279 qiuicuinspie
1564 1237 1821 1279 praeeminentia
1850 1242 1882 1268 et

1143 1294 1301 1331 potestate
1327 1290 1498 1331 fungentes
1515 1295 1544 1321 et
1565 1290 1738 1327 iuncturos,
1757 1289 1881 1322 sublata

1143 1342 1187 1375 eis
1205 1348 1365 1375 eteorum
1392 1342 1526 1375 cuilibet
1551 1343 1660 1385 quavis
1686 1342 1779 1374 aliter
1799 1341 1882 1374 iudi-

1143 1395 1235 1428 candi
1262 1402 1292 1427 et
1317 1395 1557 1439 interpretandi
1591 1397 1742 1429 facultate
1768 1401 1801 1428 et
1829 1407 1883 1428 au-

1144 1449 1314 1487 ctoritate,
1346 1449 1481 1481 iudicari
1514 1454 1545 1481 et
1569 1449 1698 1482 deliniri
1733 1450 1855 1489 debere
1874 1476 1881 1488 ,

1145 1513 1178 1533 ae
1196 1493 1332 1533 ¹irritum
1349 1506 1380 1534 et
1407 1502 1503 1534 inane
1522 1502 1546 1533 si
1565 1512 1659 1534 secus
1676 1512 1775 1545 super
1797 1502 1846 1534 liis
1866 1514 1884 1534 a

1145 1565 1318 1598 quoquam,
1333 1554 1443 1597 quavis
1461 1555 1663 1594 auctoritate,
1680 1555 1819 1587 scienter
1835 1556 1881 1588 vel

1145 1609 1345 1650 ignoranter,
1370 1608 1544 1650 contigerit
1568 1608 1730 1640 attentari.

1187 1661 1201 1703 ,ξ
1228 1660 1280 1693 Ἠ).
1308 1660 1377 1693 Non
1396 1661 1598 1693 obstantibus
1620 1661 1817 1703 praemissis,
1836 1672 1880 1701 ac,
1912 1671 2078 1692 rio-airammu-

1145 1719 1303 1756 quatenus
1326 1724 1406 1756 opus
1425 1714 1473 1753 sit,
1497 1716 1604 1746 nostra
1622 1719 1652 1746 et
1669 1713 1880 1747 camellariae
1893 1700 1985 1751 Efiif'u'u
2017 1698 2042 1716 ἰμ’
2057 1703 2078 1714 '¹'

1145 1766 1343 1808 apostolieae
1364 1767 1475 1808 regula
1501 1767 1539 1798 de
1565 1766 1634 1799 iure
1653 1767 1798 1809 (piacsito
1817 1777 1882 1799 non

1147 1820 1302 1857 tollendo,
1329 1819 1466 1861 aliisque
1493 1819 1693 1861 apos-ulicis,
1713 1830 1749 1852 ac
1769 1820 1801 1852 in
1819 1821 1883 1852 uni-

1146 1872 1321 1904 versalibus
1356 1871 1672 1915 provincialibusque
1698 1877 1730 1905 et
1753 1874 1885 1915 synoda-

1147 1925 1229 1957 libus
1243 1925 1390 1957 eouciliis
1405 1925 1509 1964 editis,
1525 1925 1731 1967 generalibus
1749 1928 1796 1959 vel
1814 1937 1886 1968 spe-

1147 1979 1292 2017 cialibus,
1318 1978 1605 2011 constitutioniluis
1629 1979 1887 2012 etordinationi-

1146 2032 1215 2071 bus,
1243 2041 1372 2064 necnon
1398 2031 1640 2074 praedictarum
1666 2032 1885 2071 ecclesiarum,

1148 2089 1179 2116 et.
1218 2083 1288 2116 aliis
1324 2083 1511 2126 quibusvis,
1547 2085 1643 2116 etiam
1680 2085 1859 2118 iuramento
1876 2113 1883 2124 ,

1147 2136 1390 2170 confirmatione
1416 2136 1604 2179 apostoliea,
1629 2138 1677 2170 vel
1699 2138 1811 2180 quavis
1834 2139 1886 2170 tir-

1149 2190 1257 2222 mitate
1288 2189 1349 2221 alia
1380 2189 1560 2230 roboratis,
1591 2191 1718 2222 statutis
1751 2196 1783 2223 et
1813 2202 1888 2223 eeu-

1149 2242 1375 2275 suetudinibus
1395 2269 1401 2282 ,
1428 2242 1524 2275 ctiam
1548 2243 1861 2277 immemorabilibus
1878 2272 1885 2284 ,

1149 2296 1324 2339 privilegiis
1350 2306 1502 2339 queque,
1535 2296 1668 2329 indultis
1704 2303 1735 2330 et
1769 2298 1888 2330 litteris

1149 2348 1354 2391 apostolicis,
1387 2348 1553 2391 quibusvis
1587 2350 1757 2392 personiS,
1792 2351 1889 2383 etiam

1150 2412 1351 2445 quacumque
1366 2402 1584 2435 ecclesiastica
1600 2404 1649 2435 vel
1668 2404 1832 2438 mundana
1845 2403 1891 2436 di·
1924 2423 1927 2424 ν

1150 2455 1271 2497 gnitate
1290 2456 1500 2498 fulgentibus,
1521 2457 1767 2499 quomodolibet
1787 2457 1890 2500 quali-

1149 2508 1260 2548 neatis,
1287 2519 1323 2555 ae
1347 2509 1493 2555 eeclesiis
1519 2515 1550 2542 et
1575 2509 1665 2549 loeis,
1685 2510 1742 2542 sub
1761 2510 1889 2553 quibus-

1150 2572 1287 2604 cumque
1312 2563 1483 2595 verborum
1511 2563 1678 2596 tenoribus
1710 2569 1741 2595 et
1765 2563 1889 2601 formis.

1127 2649 1131 2660 ¹
1151 2626 1186 2648 ac
1210 2626 1281 2648 cuin
1303 2615 1467 2659 quibusvis
1492 2617 1588 2650 etiam
1609 2616 1886 2659 derogateriaruiu
