2279 3260
160 243 211 270 An.
232 242 261 270 C.
280 243 349 270 1672).

355 298 449 334 stros,
472 295 525 338 qui
559 295 591 327 in
617 293 822 327 multitudine
849 294 1032 327 contumaci
1059 300 1090 327 et

354 347 505 390 superbia
522 347 687 380 venientes
706 347 939 380 haereditatem
961 347 1014 379 Dei
1034 358 1090 379 no-
1109 345 1111 365 '¹
1131 347 1323 380 stit-delibus
1347 347 1377 379 in
1404 348 1487 380 alma
1513 347 1597 380 Urbe
1620 351 1726 380 nostra
1747 348 1866 389 degen-

354 400 410 432 stri
430 401 538 433 delere
557 405 715 442 satagunt,
733 405 922 443 protegente
943 399 1088 440 Domino,

355 452 386 484 in
413 453 503 485 cuius
528 463 623 485 manu
651 458 699 485 est
725 454 848 486 salvare
876 453 906 485 in
932 452 1039 485 inultis
1060 457 1090 484 et

355 505 386 536 in
413 504 532 547 paucis,
552 505 710 548 dissipent
730 511 759 537 et
780 506 977 548 disperdant,
995 510 1089 547 atque

357 569 373 590 a
405 557 657 589 christianorum
689 557 870 590 cervicibus
906 559 1002 599 longe
1035 567 1088 589 re-

357 611 491 656 pellant.
511 610 596 648 Quae
631 616 665 643 ut
692 610 885 644 fructuosius
914 610 1090 652 maiorNJue

358 664 491 707 spiritus
528 665 643 697 ardore
677 669 893 707 peragantur,
919 674 954 695 ex
986 663 1091 706 prisco

358 717 522 749 Romanae
533 717 697 750 Ecclesiae
713 717 855 749 omnium
873 716 982 749 matris
992 721 1092 748 etma·

358 769 477 811 gistrae
496 780 599 810 more,
615 770 801 802 caelestium
828 769 999 811 gratiarum
1025 769 1094 800 the-

357 833 490 862 sauros,
525 833 663 865 quorum
702 822 976 865 dispensationem
1003 821 1093 853 nohis

358 875 520 907 commisit
545 875 635 914 Deus,
651 875 682 907 in
709 874 936 917 praesentibus
963 873 1095 905 necessi-

361 927 480 960 tatibus
498 928 624 970 aperire
652 932 682 960 et
699 926 825 960 liberali
845 936 939 958 manu
959 936 1094 968 erogare

361 980 574 1013 dccrcvinms.

167 1037 350 1084 adfflnnegnfffflffi
405 1033 420 1075 g
438 1032 467 1064 02.
488 1032 598 1074 Igitur,
620 1043 655 1064 ex
674 1037 765 1075 parte
792 1030 1024 1074 omnipotentis
1040 1030 1095 1063 Dei

167 1093 228 1136 '5¹:¹¹‘
247 1090 266 1110 ἣν
282 1089 350 1109 rubu-
363 1084 473 1124 Patris,
496 1090 527 1116 et
550 1084 630 1124 Filii,
649 1090 680 1116 et
695 1084 831 1127 Spiritus
847 1083 963 1123 Sancti,
983 1094 1095 1116 omnes

363 1143 395 1169 ct
418 1137 564 1179 singulos
589 1137 760 1179 utriusque
786 1147 880 1169 sexus
904 1136 1097 1168 christifide-

362 1191 420 1229 les,
438 1194 500 1221 tam
517 1189 550 1221 in
568 1190 650 1221 alma
668 1188 753 1222 Urbe
775 1191 883 1222 nostra
897 1199 991 1231 quam
1010 1194 1097 1221 extra

362 1253 431 1275 eam
444 1242 638 1284 ubicumque
653 1243 799 1274 locorum
809 1241 1014 1280 constitutos,
1025 1252 1097 1284 apo-

362 1296 474 1329 stolica
499 1295 689 1327 auctoritate
720 1300 853 1337 paterne
879 1294 1095 1337 requirimus,

362 1359 531 1381 monemus
563 1353 593 1380 et
625 1348 794 1380 hortamur
823 1347 861 1379 ad
893 1346 1096 1389 infrascripta

362 1402 475 1433 devote
493 1401 723 1443 prmagendum,
739 1411 773 1432 ac
790 1400 890 1432 Deum
908 1400 1096 1431 salvatorem

362 1459 509 1486 nostruin
530 1458 594 1486 toto
616 1453 712 1486 corde
739 1453 903 1492 orandum,
920 1457 955 1484 ut
971 1463 1030 1495 per
1053 1451 1097 1483 vi-

362 1517 452 1539 scera
466 1505 704 1538 miserirordiae
720 1516 793 1537 suae
808 1506 1000 1547 religionem
1016 1505 1097 1537 chri-

362 1559 498 1591 stianam
538 1558 698 1601 fidemque
732 1559 924 1592 catholicam
960 1558 1041 1590 tueri
1067 1563 1095 1590 et

362 1624 414 1655 pr„
427 1612 824 1654 t·=gere,*nesta-iorunique
843 1612 929 1644 illius
954 1611 1095 1644 hostium

361 1665 533 1697 'furcarum
559 1665 694 1708 impetus
720 1665 904 1707 reprimere,
926 1664 1007 1697 vires
1022 1675 1097 1696 con-

362 1723 478 1757 terere,
498 1723 529 1750 et
547 1716 683 1749 consilia
708 1716 878 1759 dissipare,
900 1717 1095 1749 polonorum

361 1770 486 1803 animos
511 1769 652 1802 dissidiis
678 1769 847 1802 distractos
872 1770 1095 1811 reconciliare,

361 1834 398 1855 ac
409 1823 564 1866 pristinae
580 1823 747 1855 eharitatis
761 1828 854 1866 atque
869 1823 999 1855 unionis
1016 1834 1097 1855 com-

361 1886 475 1918 pagem
494 1875 676 1915 restituere,
695 1875 895 1918 principibus
913 1874 1096 1908 christianis

360 1938 474 1970 pacem
499 1933 530 1959 et
553 1938 661 1959 veram
687 1928 894 1960 concordiam
920 1928 1040 1961 donare
1067 1934 1097 1961 et

361 1979 495 2012 firmiter
512 1980 662 2020 solidare,
678 1991 854 2023 eorumque
872 1981 955 2014 vires
973 1987 1004 2013 et
1021 1992 1097 2014 con-

362 2033 442 2073 silia,
458 2033 497 2065 ad
524 2035 655 2065 tutelam
681 2033 848 2066 christiani
875 2034 1037 2075 nominis,
1067 2040 1097 2067 et

362 2090 491 2117 sanctae
525 2086 636 2118 matris
669 2086 832 2119 Ecclesiae
856 2087 1094 2128 exaltationem,

361 2138 464 2180 unire,
491 2149 618 2181 augme,
649 2138 810 2182 firmisque
836 2140 1005 2182 praesidiis
1031 2152 1097 2173 mu-

361 2192 444 2231 nire,
463 2202 497 2223 ac
519 2191 578 2235 piis
604 2192 745 2224 omnium
770 2198 954 2225 nostrorum
980 2194 1096 2226 lahori-

361 2244 420 2275 bus
453 2248 548 2286 atque
582 2244 747 2276 conatibus
780 2244 890 2278 felices
931 2255 1096 2279 successus

361 2296 472 2338 largiri
499 2296 658 2338 dignetur.

167 2355 351 2402 em'Jf-,iinstffssin‘ssffi'l
407 2350 420 2392 ἓ
446 2349 476 2382 3.
503 2349 566 2382 Nos
591 2350 688 2390 enim,
716 2350 754 2383 de
781 2351 1013 2394 omnipotentis
1041 2352 1095 2385 Dei

167 2409 349 2457 iel-sfflffiubisssepit
362 2401 583 2434 misericordia
604 2413 638 2434 ac
661 2403 828 2436 beatorum
854 2404 940 2436 Petri
959 2410 989 2437 et
1006 2405 1095 2438 Pauli

362 2455 582 2497 apostolorum
600 2454 667 2487 eius
686 2457 875 2489 auctoritate
894 2457 1015 2497 confisi,
1039 2457 1094 2490 ex*

360 2507 415 2539 illa
441 2506 561 2548 ligandi
587 2511 617 2540 el
641 2508 787 2540 solvendi
813 2515 978 2551 potestate,
1002 2521 1094 2553 quam

360 2559 454 2591 nohis
479 2559 644 2600 Dominus,
669 2561 744 2593 licet
769 2561 919 2604 indignis,
946 2564 1094 2604 contulit,

398 2621 408 2647 1
432 2620 501 2647 Edit.
524 2621 604 2648 Main.
629 2622 692 2658 legit
713 2625 738 2650 et
757 2631 805 2658 pro
824 2632 860 2651 ex
879 2627 919 2660 (R.
940 2625 988 2659 T.).

972 245 1115 270 CLEMENS
1136 246 1155 270 X
1180 247 1228 270 1³1².

1759 239 1824 271 365
1870 247 1919 273 Λη.
1940 245 1968 272 c.
1994 245 2060 271 «ωε

1131 294 1289 328 universis
1302 299 1332 327 et
1347 295 1483 337 singulis
1497 296 1667 339 utriusque
1683 307 1775 328 sexus
1787 296 1866 328 chri-

1134 401 1238 439 tibus,
1264 400 1316 443 qui
1342 400 1479 433 solemni
1518 400 1743 443 processioni,
1770 411 1865 443 quam

1132 453 1240 496 aliqua
1266 453 1317 485 die.
1336 453 1500 496 proximae
1523 458 1672 485 venturae
1690 453 1867 484 hebdoma-

1125 506 1192 540 Λευ]
1217 506 1255 537 ab
1285 505 1420 538 ecclesia
1438 506 1468 537 S.
1492 505 1608 537 Mariae
1636 515 1731 548 supra
1755 504 1868 536 Miner-

1133 570 1203 590 vam
1231 558 1268 590 ad
1295 559 1462 591 eeclesiam
1491 558 1521 590 S.
1553 558 1701 590 Stanislai
1728 556 1868 589 nationis

1134 611 1330 643 Polonorum
1362 611 1399 643 de
1431 611 1543 643 eadem
1569 610 1652 643 Urbe
1670 637 1677 649 ‚
1708 612 1769 642 una
1795 620 1866 641 enm

1135 663 1373 696 venerabilibus
1395 663 1545 695 fratribus
1570 663 1688 696 uostris
1709 663 1740 695 S.
1768 662 1805 694 R.
1832 661 1866 693 E.

1135 716 1362 756 cardinalibus,
1378 726 1505 748 necnon
1524 715 1726 758 patriarchis,
1743 714 1871 747 archie-

1136 768 1279 811 piscopis
1305 773 1336 800 et
1361 767 1536 810 episcopis,
1563 778 1643 810 quos
1670 767 1701 799 in
1727 767 1870 799 Romana

1136 820 1229 853 Curia
1245 821 1355 853 adesse
1373 820 1556 863 contigerit,
1571 830 1607 852 ac
1621 819 1870 852 christianorum

1137 884 1248 915 regum
1263 878 1294 905 et
1310 873 1491 916 principum
1510 873 1694 906 oratoribus
1710 872 1792 915 apud
1813 882 1871 904 nos

1137 926 1360 964 existentibus,
1380 925 1531 968 praelatis
1558 935 1688 968 quoque
1706 930 1737 957 et
1757 923 1873 957 officia-

1138 977 1220 1009 libus
1246 977 1391 1010 eiusdem
1408 977 1532 1017 Curiae,
1552 977 1766 1019 universoque
1785 978 1872 1009 clero

1139 1036 1169 1063 et
1186 1031 1316 1073 populo,
1332 1029 1546 1062 benedicente
1571 1030 1717 1069 Domino,
1733 1040 1871 1072 agemus,

1140 1083 1254 1116 devote
1272 1082 1488 1122 interfuerint,
1504 1084 1552 1115 vel
1574 1083 1604 1115 S.
1624 1083 1751 1115 Ioannis
1768 1083 1798 1114 in
1818 1082 1873 1114 La-

1141 1141 1262 1174 terano,
1279 1135 1437 1178 Principis
1457 1135 1691 1177 Apostolorum,
1712 1140 1744 1167 et
1760 1134 1788 1166 S.
1815 1134 1875 1166 Ma-

1140 1189 1205 1221 riae
1232 1188 1359 1221 Maioris
1386 1188 1556 1221 ecclesiam
1575 1198 1628 1220 seu
1646 1187 1805 1227 basilicas,
1824 1187 1874 1219 vel

1140 1252 1251 1274 earum
1276 1241 1426 1284 aliquam,
1461 1241 1544 1273 intra
1569 1240 1707 1283 spatium
1733 1239 1875 1272 eiusdem

1140 1296 1189 1328 vel
1215 1295 1359 1338 proxime
1384 1294 1611 1337 subsequentis
1636 1293 1872 1333 hebdomadae,

1139 1349 1252 1380 saltem
1274 1348 1375 1379 semel
1389 1346 1600 1385 visitaverint,
1618 1346 1728 1389 ibique
1744 1356 1803 1389 per
1819 1344 1876 1377 ali-

1140 1401 1226 1443 quod
1253 1400 1408 1443 temporis
1434 1400 1570 1443 spatium
1589 1399 1704 1431 devote
1721 1404 1755 1430 ut
1779 1408 1877 1440 supra

1140 1455 1238 1487 Deum
1265 1453 1437 1493 oraverint,
1458 1464 1493 1485 ae
1511 1455 1626 1496 quarta
1644 1457 1674 1484 et
1692 1454 1780 1484 sexta
1799 1451 1877 1483 seria

1140 1518 1175 1539 ac
1207 1506 1341 1539 sabbato
1368 1505 1501 1538 alterius
1532 1516 1568 1537 cx
1607 1505 1759 1547 praefatis
1797 1504 1876 1536 heb-

1140 1559 1286 1591 domadis
1301 1558 1526 1597 ieiunaverint,
1541 1563 1580 1597 et,
1593 1563 1792 1600 pcccatasua
1806 1568 1875 1589 eon-

1141 1612 1234 1651 sessi‚
1266 1611 1499 1644 sanctissimum
1526 1609 1744 1642 Eucharistiae
1771 1620 1876 1641 sacra-

1139 1670 1280 1697 mentum
1306 1664 1337 1695 in
1363 1663 1524 1696 dominica
1546 1664 1596 1695 die
1615 1662 1800 1695 immediate
1826 1672 1876 1693 se-

1140 1716 1250 1760 quenti
1280 1717 1328 1749 vel
1354 1716 1416 1749 alia
1442 1716 1492 1748 die
1518 1716 1601 1748 intra
1628 1716 1774 1748 eamdem
1796 1715 1876 1746 heb-

1140 1770 1310 1802 domadam
1356 1774 1545 1801 reverenter
1585 1768 1784 1811 sumpserint
1802 1794 1809 1807 ,
1841 1779 1876 1800 ac

1140 1823 1338 1865 pauperibus
1357 1822 1497 1865 aliquam
1515 1823 1765 1864 eleemosynam,
1780 1825 1877 1863 prout

1139 1875 1311 1918 unicuique
1332 1880 1486 1917 suggeret
1502 1874 1640 1913 devotio,
1660 1873 1875 1915 erogaverint,

1140 1929 1254 1961 ceteris
1267 1938 1340 1961 vcro
1360 1934 1448 1960 extra
1461 1927 1578 1960 Urbem
1596 1926 1793 1970 praedictam
1810 1926 1877 1958 ubi-

1140 1990 1277 2024 cumque
1295 1980 1497 2023 degentibus,
1519 1980 1571 2023 qui
1591 1979 1743 2012 ecclesias
1765 1979 1803 2011 ab
1819 1978 1876 2011 Or-

1140 2032 1271 2066 dinariis
1290 2034 1446 2073 locorum,
1466 2034 1515 2065 vel
1536 2043 1650 2065 eorum
1669 2031 1793 2064 vicariis
1818 2042 1874 2064 seu

1139 2086 1341 2126 officialibus,
1367 2092 1420 2118 aut
1445 2086 1482 2118 de
1508 2096 1618 2118 eorum
1644 2085 1805 2124 mandato,
1831 2091 1872 2125 et,

1141 2140 1217 2182 ipsis
1232 2138 1467 2179 deficientibus,
1481 2150 1541 2182 per
1556 2149 1621 2178 eos,
1640 2139 1691 2181 qui
1707 2137 1748 2170 ibi
1764 2148 1875 2170 euram

1139 2193 1316 2225 animarum
1343 2198 1505 2233 exercent,
1520 2198 1690 2235 postquam
1710 2192 1748 2224 ad
1763 2202 1875 2224 eorum

1139 2246 1286 2278 notitiam
1305 2245 1429 2278 litterae.
1448 2250 1576 2278 nostrae
1596 2244 1810 2288 pervenerint,
1827 2245 1875 2278 de·

1139 2298 1324 2341 signandas,
1340 2299 1389 2331 vel
1401 2298 1610 2331 ecelesiarum
1626 2298 1807 2330 lmiusmodi
1823 2298 1875 2330 ali-

1140 2362 1246 2393 quam,
1264 2351 1366 2394 spatio
1379 2352 1514 2384 duarum
1537 2351 1685 2383 similiter
1700 2351 1876 2383 hebdoma-

1140 2405 1250 2436 darum
1277 2416 1293 2436 a
1320 2404 1541 2447 publicatione
1567 2404 1797 2446 &signationis
1818 2415 1876 2447 per

1138 2458 1341 2497 Ordinarios,
1360 2459 1408 2490 vel
1434 2469 1545 2490 eorum
1573 2457 1707 2490 vicarios
1729 2468 1781 2490 seu
1807 2458 1875 2490 offi—

1138 2512 1244 2552 «iales,
1270 2512 1318 2544 vel
1343 2511 1423 2544 alios
1452 2517 1485 2543 ut
1509 2512 1692 2554 praefertur
1711 2511 1874 2543 faciendae

1139 2563 1376 2604 decursarum¹,
1401 2565 1514 2597 saltem
1537 2566 1636 2597 semel
1661 2563 1871 2605 visitaverint,

1172 2626 1185 2652 1
1208 2625 1298 2653 Potius
1318 2626 1375 2662 lege
1397 2627 1620 2654 decus-surarum
1640 2627 1678 2660 (a.
1694 2626 1742 2659 T.).
