2279 3260
189 229 239 256 An.
255 229 286 256 C.
309 230 376 259 ¹675

218 2355 340 2378 Exordium.

1009 231 1150 257 ereneus
1171 232 1190 256 x
1213 232 1262 256 rr.
1299 212 1305 218 ⁴

383 281 515 315 noribus
540 281 699 326 specialis,
725 280 885 325 specifica,
910 291 1061 325 expressa
1086 286 1118 313 et

383 333 558 376 individua,
577 346 613 368 ac
639 335 678 368 de
705 335 803 368 verbo
829 335 867 368 ad
893 334 1033 375 verbum,
1051 344 1116 367 non

384 392 490 421 autem
507 398 566 431 per
583 389 741 421 clausulas
759 388 928 431 generales
947 387 1049 421 idem¹
1066 387 1118 420 im-

384 445 560 483 portantes,
585 441 706 474 mentio
723 451 777 473 seu
804 441 932 484 quaevis
953 440 1117 484 expressio

384 492 543 535 habenda,
562 498 617 526 aut
633 493 742 537 aliqua
763 493 826 526 alia
842 493 999 537 exquisita
1018 493 1119 526 forma

384 545 424 578 ad
441 545 505 578 hoc
522 546 680 579 servanda
698 546 790 587 soret,
809 552 936 579 tenores
955 546 1119 579 huiusmo-

384 598 427 638 di,
455 608 490 631 ac
516 597 541 631 si
569 598 607 631 de
622 599 723 632 verbo
748 599 787 632 ad
805 600 948 640 verbum,
965 599 1046 632 nihil
1063 609 1120 642 pe-

383 650 469 684 nitus
485 651 614 691 omisso,
631 657 662 684 et
681 652 783 685 forma
800 652 832 685 in
850 652 914 685 illis
931 652 1046 685 tradita
1063 652 1120 684 ob-

383 705 519 746 servata,
548 704 808 748 exprimerentur
832 710 864 737 et
889 705 1119 744 insererentur,

383 757 613 799 praesentibus
638 768 699 801 pro
733 759 829 801 plene
866 763 898 790 et
926 756 1120 789 sufficienter

384 809 547 852 expressis
574 815 606 843 et
629 810 757 843 insertis
777 810 943 850 habentes,
959 809 1022 842 illis
1042 809 1120 842 alias

384 862 416 894 in
442 872 499 895 suo
524 863 642 896 robore
660 863 890 906 permansuris,
909 863 948 894 ad
966 861 1120 905 praemis-

384 925 492 948 sorum
518 915 674 955 effectum,
692 917 751 949 hac
776 916 844 948 vice
859 916 1031 955 dumtaxat,
1049 925 1119 957 spe-

383 968 510 1001 cialiter
534 974 566 1001 et
590 979 742 1011 expresse
761 968 969 1010 derogamus,
989 966 1120 1000 ceteris-

383 1031 447 1064 que
465 1021 636 1053 contrariis
655 1021 922 1064 quibuscumque.

426 1073 541 1105 Datum
566 1073 697 1113 Romae,
716 1073 801 1116 apud
819 1073 850 1106 S.
869 1072 999 1106 Mariam
1023 1072 1120 1105 Maio-

382 1135 463 1166 rem,
478 1125 536 1158 sub
551 1127 671 1158 annulo
686 1125 873 1167 piscatoris,
890 1125 941 1158 die
959 1136 989 1158 ix
1008 1125 1120 1168 aprilis

382 1187 542 1220 unctxxv,
557 1178 767 1222 pontificatus
782 1179 885 1211 nostri
904 1189 987 1211 anno
999 1189 1029 1211 v.

820 1242 843 1274 1.
871 1241 906 1274 G.
933 1241 1073 1275 SLUSUJS.

419 1301 478 1330 Dat.
496 1302 539 1330 die
558 1303 574 1330 9
593 1303 685 1339 aprilis
707 1304 785 1337 1675,
806 1304 902 1339 pontis.
922 1312 995 1331 anno
1015 1311 1041 1330 v.

665 1430 834 1463 CLXXXII.

384 1509 553 1552 Eoeemptio
576 1509 717 1543 Antonii
739 1509 854 1552 l'z'eyra
874 1509 1025 1542 Lusitani
1038 1519 1123 1552 pres-

428 1563 532 1605 byteri
554 1562 715 1606 reyzttaris
739 1564 906 1597 societatis
925 1563 999 1597 Iesu
1026 1563 1068 1596 ad
1093 1574 1121 1596 e-

430 1615 481 1648 ius
505 1617 607 1649 vitam
631 1627 652 1649 α
675 1627 880 1660 quacumque
898 1616 1122 1649 iurisdictione

430 1669 609 1702 tribunalis
633 1669 666 1702 S.
694 1669 802 1712 Officii
826 1670 1061 1713 Portuqalliae,
1086 1681 1123 1703 ac

429 1722 620 1755 immediata
655 1722 835 1756 subiectio⁴³
872 1724 1123 1766 Conyreqatiom·

429 1775 462 1808 S.
492 1774 600 1818 Officii
616 1775 653 1808 de
672 1776 753 1809 Urbe
776 1776 811 1808 in
830 1776 1026 1819 quibusdam
1046 1787 1121 1809 cau-

429 1829 473 1861 sis
505 1828 547 1861 acl
571 1828 693 1862 dictum
719 1830 867 1862 tribunal
889 1830 1122 1872 spectantibus,

429 1892 510 1926 quae
544 1888 656 1915 contra
680 1883 800 1916 dictum
827 1883 944 1926 l'z'eyra
975 1894 1013 1916 επ
1041 1895 1144 1941 qua-3

427 1946 565 1979 cumque
589 1938 684 1969 causi?
704 1937 824 1969 moveri
840 1941 962 1979 possent
988 1938 1022 1970 ιή
1039 1937 1122 1970 dicto

431 1988 592 2021 tribunale
615 1989 646 2021 S.
674 1988 783 2031 Officii
806 1989 1049 2032 Portuqalliae.

438 2068 551 2095 Dilecto
570 2068 632 2095 filio
651 2069 776 2096 Antonio
792 2069 897 2102 Vieyra
915 2069 1069 2101 Lusitano,

455 2113 629 2146 presbytero
649 2113 780 2146 regulari
800 2113 960 2140 societatis
980 2114 1060 2146 Iesu,

610 2167 744 2193 Clemens
765 2167 844 2200 Papa
862 2167 894 2193 X.

657 2228 773 2255 Dilecto
792 2228 847 2260 fili,

420 2272 549 2298 salutem
569 2275 600 2299 et
619 2272 817 2306 apostolicam
838 2273 1086 2302 benedictionem.

432 2345 609 2388 Religionis
634 2347 734 2387 zelus,
757 2357 920 2381 sacrarum
941 2349 1122 2382 litterarum

387 2399 532 2439 scientia,
550 2399 631 2432 vitae
656 2406 688 2433 et
710 2411 836 2434 morum
860 2402 1023 2443 honestas
1045 2403 1122 2436 alia-

387 2462 451 2495 que
486 2452 662 2485 laudabilia
697 2453 867 2496 probitatis
904 2460 936 2488 et
969 2455 1121 2489 virtutum

421 2534 433 2558 1
456 2532 522 2558 Male
537 2532 579 2558 ed.
595 2531 674 2558 Main.
686 2532 750 2566 legit
764 2534 855 2560 eidem
873 2543 921 2569 pro
936 2535 1013 2562 idem
1029 2536 1120 2570 (aaz).

421 2577 438 2603 2
458 2576 523 2603 Male
544 2576 608 2603 edit.
631 2576 710 2603 Main.
727 2577 791 2611 legit
809 2579 977 2608 immediate
997 2580 1121 2609 subtecto

387 2630 435 2657 pro
459 2621 623 2649 immediata
643 2621 779 2649 subiectio
799 2628 835 2658 kR.
847 2624 897 2658 ⁴11).

1160 280 1273 313 merita
1291 289 1348 313 nos
1373 279 1537 313 adducunt
1563 284 1596 312 ut
1614 278 1713 323 quieti
1740 283 1814 312 tuae
1839 278 1894 312 be-

1161 333 1258 376 nigne
1283 333 1463 366 consultum
1490 332 1637 365 velimus.

1204 386 1218 429 ἓ
1238 386 1268 418 1.
1287 386 1361 419 Cum
1377 385 1484 429 itaque
1510 385 1606 429 (sicut
1630 385 1829 429 accepimus)
1849 389 1891 425 tu,

1162 439 1214 482 qui
1240 438 1410 482 presbyter
1438 438 1596 481 regularis
1626 438 1794 471 Societatis
1820 438 1891 471 Iesu

1163 491 1282 532 existis,
1303 504 1339 525 ac
1358 492 1390 525 in
1413 493 1495 525 alma
1513 492 1598 525 L'rbe
1617 493 1725 524 nostra
1744 492 1781 524 de
1804 501 1895 535 prae-

1163 545 1244 578 senti
1270 545 1368 588 degis,
1402 545 1546 578 eiusdem
1568 544 1661 577 Urbis
1686 547 1793 577 aerem
1819 549 1898 577 tem-

1163 602 1351 641 peramento
1384 603 1438 631 tuo
1470 597 1666 631 contrarium
1692 596 1895 640 experiaris,

1163 661 1198 683 ac
1215 651 1362 694 proinde,
1381 651 1442 684 iam
1462 651 1567 694 gravis
1583 650 1673 683 annis
1689 655 1719 683 et
1733 650 1897 683 nonnullis

1163 704 1309 747 corporis
1327 703 1566 736 infirmitatibus
1585 704 1752 743 obnoxius,
1774 703 1899 747 pericu-

1163 757 1192 789 la
1218 756 1392 790 valetudini
1429 763 1502 790 tuae
1536 756 1738 789 imminentia
1770 767 1899 800 praeve-

1164 809 1272 842 niendi
1287 810 1391 852 gratia
1409 810 1440 842 in
1454 809 1650 842 Lusitaniam
1663 810 1798 854 patriam
1813 814 1897 841 tuam

1164 873 1267 905 prope
1285 862 1379 902 diem,
1395 862 1610 895 benedicente
1628 863 1704 903 Deo,
1721 862 1838 895 reverti
1857 862 1899 894 iu-

1165 915 1286 948 tendas:
1303 915 1380 947 hinc
1404 921 1451 948 est
1469 916 1553 959 quod
1576 926 1642 955 nos,
1660 915 1750 948 iustis
1772 915 1810 948 de
1827 925 1900 947 cau-

1164 967 1207 999 sis
1234 967 1375 1000 animum
1401 973 1548 1001 nostrum
1574 968 1798 1009 moventibus,
1826 968 1900 1001 reli-

1165 1020 1272 1062 giosae
1288 1020 1514 1064 tranquillitati
1529 1026 1622 1064 atque
1637 1021 1799 1054 securitati
1817 1026 1899 1061 tuae,

1165 1079 1320 1116 quantum
1344 1074 1438 1106 nobis
1464 1085 1499 1107 ex
1526 1075 1590 1107 alto
1609 1075 1808 1114 conceditur,
1827 1085 1900 1117 pro-

1164 1126 1272 1159 videre
1298 1127 1478 1170 cupientes,
1503 1132 1600 1170 teque
1623 1138 1640 1160 a
1665 1127 1828 1171 quibusvis
1853 1138 1901 1159 ex-

1164 1180 1472 1220 communicationis,
1499 1180 1720 1223 suspensionis
1745 1185 1776 1213 et
1800 1180 1901 1212 inter-

1165 1232 1263 1274 dicti,
1291 1233 1427 1276 aliisque
1452 1233 1682 1266 ecclesiasticis
1707 1233 1875 1266 sententiis
1891 1258 1899 1273 ,

1165 1286 1310 1319 censuris
1329 1292 1359 1319 et
1376 1287 1500 1330 poenis,
1520 1297 1537 1318 a
1554 1287 1623 1320 iure
1638 1288 1687 1320 vel
1702 1287 1741 1319 ab
1756 1287 1898 1327 homine,

1166 1339 1276 1382 quavis
1301 1339 1470 1372 occasione
1496 1341 1545 1372 vel
1571 1341 1667 1372 causa
1687 1340 1769 1380 latis,
1788 1340 1814 1372 si
1833 1340 1902 1383 qui-

1142 1389 1144 1396 ’
1165 1392 1224 1425 bus
1251 1393 1494 1436 quomodolibet
1523 1393 1694 1426 innodatus
1719 1393 1839 1433 existis,
1862 1393 1902 1426 ad

1167 1445 1314 1479 effectum
1340 1446 1563 1490 praesentium
1597 1447 1762 1479 dumtaxat
1790 1457 1902 1480 conse—

1166 1499 1340 1542 quendum,
1375 1499 1487 1531 harum
1519 1499 1603 1532 serie
1636 1500 1840 1533 absolventes
1872 1505 1903 1533 et

1167 1552 1350 1585 absolutum
1368 1552 1434 1585 sore
1455 1556 1634 1593 censentes,
1652 1557 1741 1585 motu
1756 1552 1901 1596 proprio,

1165 1615 1201 1636 ae
1225 1615 1261 1637 ex
1287 1606 1375 1638 certa
1399 1604 1530 1637 scientia
1549 1610 1580 1638 et
1597 1608 1722 1638 matura
1747 1606 1903 1639 delibera-

1167 1657 1254 1690 tione
1279 1658 1408 1698 nostris,
1428 1658 1532 1701 deque
1551 1659 1746 1701 apostolicae
1763 1664 1902 1702 potcsta—

1167 1710 1204 1743 tis
1228 1710 1441 1754 plenitudine,
1461 1715 1489 1743 te
1510 1721 1528 1743 a
1553 1721 1753 1754 quacumque
1777 1711 1902 1745 iurisdi-

1165 1764 1289 1803 ctione,
1315 1768 1473 1806 potestate
1498 1769 1529 1796 et
1553 1764 1741 1798 auctoritate
1766 1775 1901 1798 venera-

1165 1817 1239 1850 bilis
1263 1816 1369 1849 fratris
1385 1816 1480 1857 Petri,
1500 1817 1738 1861 archiepiscopi
1764 1818 1902 1851 Sinden-

1165 1871 1226 1910 sis,
1257 1870 1440 1913 generalis,
1475 1881 1509 1903 ac
1542 1871 1734 1904 dilectorum
1760 1871 1900 1904 filiorum

1164 1923 1365 1966 reliquorum
1389 1923 1617 1967 inquisitorum
1647 1924 1797 1957 adversus
1823 1925 1900 1958 hae-

1165 1977 1297 2009 reticam
1323 1982 1354 2009 et
1378 1977 1587 2020 apostaticam
1610 1989 1627 2010 a
1647 1978 1826 2010 christiana
1850 1989 1901 2011 re-

1166 2029 1286 2072 ligione
1314 2029 1442 2072 fideque
1468 2030 1628 2063 catholica
1652 2031 1843 2073 pravitatem
1867 2031 1901 2064 in

1166 2083 1380 2126 Portugalliae
1407 2088 1439 2115 et
1462 2083 1691 2126 Algarbiorum
1714 2084 1824 2127 regnis
1847 2095 1901 2117 au-

1166 2136 1313 2168 ctoritate
1347 2136 1525 2179 apostolica
1561 2137 1787 2179 deputatorum
1816 2148 1901 2170 nunc

1167 2195 1198 2222 et
1221 2200 1279 2233 pro
1305 2194 1449 2233 tempore
1470 2190 1684 2231 existentium,
1707 2191 1901 2234 illorumque

1167 2243 1342 2286 respective
1366 2243 1569 2283 vicariorum,
1597 2244 1900 2285 commissariorum,

1166 2307 1371 2336 assessorum,
1394 2301 1640 2340 ceterorumque
1660 2297 1845 2331 officialium
1871 2304 1902 2331 et

1165 2349 1389 2382 ministrorum
1415 2360 1704 2393 (piorumcumque,
1724 2350 1802 2383 itaut
1825 2351 1900 2391 illis,

1166 2407 1230 2435 tam
1254 2402 1452 2435 coniunctim
1479 2413 1572 2445 quam
1598 2403 1745 2444 divisim,
1777 2415 1902 2437 eorum-

1166 2466 1226 2499 que
1241 2454 1394 2496 cuilibet¹,
1411 2466 1447 2487 ex
1463 2466 1666 2499 quaerunque
1682 2458 1789 2497 causa,
1806 2457 1902 2490 etiam

1166 2508 1316 2552 specifica
1341 2514 1373 2541 et
1404 2508 1567 2541 individua
1598 2509 1759 2542 mentione
1785 2509 1900 2552 digua,

1203 2581 1213 2606 l
1235 2579 1302 2607 Male
1322 2580 1387 2608 edit,
1409 2579 1487 2607 Μαίη.
1509 2580 1572 2615 legit
1587 2582 1706 2616 quilibet
1725 2588 1773 2616 pro
1787 2581 1902 2610 cuzltbec

1166 2624 1205 2659 (tt.
1221 2626 1270 2659 T.).

1792 219 1856 254 5753
1902 228 1954 254 An.
1970 227 1999 254 c.
2019 227 2086 254 ποτε,

1938 395 2047 421 Exemplum
2062 396 2087 415 do

1904 428 1945 449 qua
1962 428 1981 442 in
1996 423 2087 443 rubrica.
