2279 3260
231 235 280 262 An.
299 233 327 259 C.
349 233 418 260 ἨΠΒ
465 224 529 257 ststst

261 1185 375 1206 Alexander
384 1184 419 1204 Vll

236 1213 350 1236 (insignitus
376 1217 419 1236 opt·
446 1229 451 1234 ,

236 1246 251 1258 s«.
261 1245 304 1263 api*
317 1240 419 1258 vouuntsit

244 1265 291 1284 adin
345 1266 413 1283 ratiu-

238 1298 284 1310 nuiu
314 1292 409 1310 nonnulla

237 1324 280 1337 runi
304 1323 420 1342 proxincia-

238 1350 287 1364 rnui.
313 1345 374 1368 prout
401 1349 419 1362 ιιι

237 1370 333 1391 ruta-uui,
355 1370 420 1388 itone*-

238 1397 319 1415 ulnera
333 1396 410 1419 tlougrt·

238 1425 321 1445 gali-tue
332 1422 356 1441 de
374 1423 421 1441 t'ro-

237 1447 335 1471 paeauda
371 1448 420 1467 Fulr

238 1474 311 1493 sun-nt
337 1474 420 1494 demitti>

237 1500 315 1520 datum.

424 282 570 314 «latorum
596 281 719 314 Domini
746 282 977 320 directionem,
1008 280 1158 323 prudenti

423 334 609 377 salubrique.
635 334 783 374 consilio,
810 346 845 367 ac
870 334 940 373 illo,
971 333 1024 376 qui
1049 342 1160 364 seeun-

424 389 499 420 dum
518 388 687 420 seientiam
707 394 764 427 est,
784 386 968 430 paulitit-iae
994 384 1159 417 eharitatis

424 442 494 473 zelo
520 446 721 480 emanarunt,
743 445 777 471 ut,
802 440 891 471 tirnia
916 444 1011 480 atque
1037 437 1160 469 illibata

425 494 608 536 persistant,
634 504 694 525 nec
719 492 897 525 temerariis
923 490 1158 533 quorumdam,

425 547 478 589 qni
506 551 665 588 quaerunt
689 556 770 588 quae
796 555 853 576 sna
888 548 961 575 sunt
988 553 1052 575 11011
1079 552 1160 584 quac

426 598 494 630 lesu
522 598 649 635 Christi,
676 597 803 629 ausibus
829 596 1007 634 violentur,
1034 599 1162 637 apesto-

426 650 477 682 liei
497 650 682 682 muniminis
705 649 869 691 praesidio
888 647 1111 685 corroborare,
1127 656 1162 678 ac

427 715 442 735 a
469 703 626 745 perversis
659 712 935 745 quorunn·umque
967 700 1163 733 calumnian—

430 756 505 787 tium
531 755 699 788 conatibus
726 754 830 793 tueri,
857 765 896 787 ne
919 754 1042 793 messis,
1069 763 1162 796 quam

429 808 541 840 fideles
575 808 716 850 operarii
742 808 781 839 ab
806 808 916 839 eadem
943 807 1058 839 Sancta
1082 805 1162 837 Sede

428 860 515 892 missi
530 862 719 903 plantarunt
739 865 771 892 et
791 861 948 902 rigarunt,
965 859 1096 891 inimico
1114 868 1165 889 su-

428 913 669 955 perseminante
695 912 831 952 zizania,
860 912 1089 945 detrimentum
1114 922 1164 943 ac-

429 965 538 1008 cipiat,
559 966 625 1004 sed,
641 965 854 998 benedicente
872 970 966 1008 atque
986 965 1166 997 incremen-

430 1022 495 1049 tum
522 1018 679 1060 largiente
706 1018 849 1057 Domino,
876 1019 913 1050 ad
943 1018 1104 1061 perfectae
1130 1016 1166 1048 fi-

430 1081 503 1103 nem
524 1071 690 1113 perveniat
707 1070 910 1111 maturitatis,
931 1077 961 1103 et
978 1071 1098 1103 horrea
1113 1070 1167 1103 do-

430 1123 546 1155 minica
570 1123 736 1156 uberrimo
762 1124 864 1156 fructu
890 1125 1077 1166 locupletet.

475 1177 489 1218 §
514 1176 544 1208 1.
572 1176 697 1209 Dudum
723 1176 880 1219 siquidem
904 1177 1004 1210 felicis
1021 1176 1169 1221 recorda-

432 1229 528 1261 tionis
553 1224 736 1262 Alexander
753 1230 839 1272 Papa
858 1230 919 1268 Vll,
936 1230 1169 1273 praedecessor

432 1288 550 1323 noster,
567 1283 606 1315 de
634 1288 707 1315 tunc
731 1283 937 1315 existentium
955 1283 1068 1316 S.R.E.
1101 1293 1168 1315 car-

433 1335 590 1368 dinalium
630 1335 768 1377 negotiis
811 1335 1042 1378 Propagandae
1078 1334 1168 1367 Fidei

433 1388 695 1430 praepositorum
720 1388 866 1428 consilio,
888 1399 947 1430 per
964 1393 1072 1420 ternas
1097 1398 1168 1419 suas

434 1440 465 1471 in
502 1439 598 1472 simili
632 1441 732 1473 forma
767 1440 876 1472 Brevis
912 1441 1047 1480 litteras,
1076 1440 1168 1472 binas

434 1493 565 1536 quidem
590 1492 640 1525 die
662 1504 691 1525 1x
714 1493 906 1535 septembris
937 1503 1065 1534 iuncmx,
1094 1493 1169 1526 reli-

434 1555 512 1587 quas
537 1555 612 1577 vero
639 1545 690 1577 die
707 1555 745 1577 xx
762 1545 957 1588 septembris
991 1555 1097 1578 MDCLX
1121 1556 1170 1578 re-

435 1596 577 1639 spective
617 1597 794 1640 expeditas,
822 1597 1023 1630 venerabiles
1058 1599 1170 1631 statres

434 1650 639 1682 Franciscuin
666 1650 766 1691 Pallu,
782 1650 971 1693 episcopum
991 1651 1171 1694 Heliopoli-

434 1707 555 1742 tanum,
583 1702 615 1734 in
637 1713 738 1745 regno
757 1702 927 1743 Tuneliini,
947 1714 1018 1735 cum
1036 1704 1171 1736 admini-

434 1755 590 1788 stratione
617 1756 898 1799 infrascriptarum
923 1757 1169 1800 provinciarum,

434 1807 720 1849 videlieetlunam⁴‚
732 1808 893 1850 Queriteu,
904 1810 1171 1853 Iluqnang,Suce-

436 1872 509 1900 nen,
526 1860 680 1904 Quangsii
695 1867 725 1894 et
740 1862 832 1902 Luos,
846 1873 881 1895 ac
894 1862 1032 1903 Petrum,
1048 1864 1173 1907 episeo-

436 1924 511 1956 puin
532 1914 750 1956 Berytensem,
770 1915 969 1957 Cocincinae,
985 1927 1056 1949 eum
1074 1917 1173 1949 admi-

437 1965 628 1998 nistratione
648 1966 764 1998 harum
782 1968 1029 2010 provinciarum,
1054 1980 1171 2013 nempe

437 2018 609 2060 Ccchiang,
637 2019 792 2060 Focliien,
812 2020 990 2063 Quantung,
1012 2022 1171 2063 Cliiamsii‚

437 2071 563 2103 insulae
578 2071 744 2112 Hainaum,
764 2073 964 2117 aliarumque
979 2074 1170 2116 insularum,

437 2135 565 2157 necnon
591 2131 667 2157 tunc
692 2125 724 2157 in
749 2126 899 2158 humanis
932 2133 1081 2169 agentem
1116 2129 1173 2162 bo-

438 2187 497 2209 nae
522 2177 698 2210 memoriae
722 2178 879 2220 Ignatinm
903 2179 1081 2220 Cotolendi,
1108 2182 1173 2224 epi-

439 2240 573 2272 scopum
599 2230 924 2274 llletellopolitanum,
951 2232 1108 2266 Nanehini
1139 2235 1171 2266 in

438 2281 521 2318 Sina,
537 2294 610 2315 cum
635 2283 911 2317 administratione
938 2286 1172 2328 provinciarum

439 2335 521 2367 int'ra
557 2346 792 2378 expressarum,
818 2336 977 2377 videlicet,
1014 2338 1170 2380 Peeliuin,

438 2388 559 2428 Xansii,
586 2388 748 2431 Xantung,
774 2390 896 2429 llonan,
923 2390 1042 2431 Xensii,
1061 2391 1172 2425 Certae

440 2446 471 2471 1-1,
495 2441 665 2481 ''l¹a=·tai'iae‚
691 2442 824 2475 vicarios
850 2443 1041 2485 apostolicos
1064 2455 1174 2487 respe-

440 2494 531 2534 ctive,
554 2494 656 2527 donec
672 2499 703 2527 et
727 2506 894 2538 quousque
919 2507 936 2528 a
957 2497 1173 2539 praefatorum

478 2565 487 2591 1
506 2564 598 2595 Quoad
612 2565 720 2592 nomina
734 2565 843 2600 propria
854 2566 1031 2593 exscribimus
1042 2566 1084 2593 ed.
1095 2566 1172 2594 lllain.

439 2609 479 2644 (n.
496 2609 543 2644 T.>.

1008 233 1186 257 nt'LLAmUM
1210 233 1360 258 ROMANUM

1943 232 1995 263 Λη.
2012 235 2041 263 C.
2064 235 2132 262 1673

1202 280 1412 314 cardinalium
1430 282 1685 326 Congregatione
1707 284 1819 317 suisset
1845 283 1938 317 aliter

1202 333 1385 366 mandatum
1427 341 1479 368 aut
1513 337 1714 380 dispositum,
1750 337 1938 370 auctoritate

1203 386 1380 427 apostoliea
1407 388 1488 427 fecit,
1516 389 1683 422 constituit
1708 395 1740 422 et
1764 390 1939 433 deputavit,

1205 448 1239 469 ae
1264 438 1340 480 ipsis
1366 439 1546 481 Francisco,
1571 442 1665 474 Petro
1684 447 1715 474 et
1733 442 1856 484 ignatio
1874 442 1941 486 epi—

1204 490 1308 532 seopis
1334 491 1424 522 dedit
1444 492 1636 533 facultatem,
1655 499 1700 534 ut,
1719 495 1744 526 si
1763 494 1942 537 contigeret

1205 543 1343 585 aliquem
1370 554 1405 575 ex
1433 544 1509 587 ipsis
1546 546 1578 578 in
1614 546 1740 587 itinere,
1773 549 1822 580 vel
1855 553 1942 590 post-

1205 606 1299 637 quam
1326 596 1403 629 illuc
1428 598 1661 638 pervenissent,
1688 605 1790 632 morte
1809 601 1857 632 vel
1878 600 1941 632 alio

1206 648 1372 681 eveniente
1387 649 1513 681 defectu
1529 649 1684 691 desseere',
1697 651 1856 685 deficienti
1872 664 1943 695 pro-

1206 699 1322 732 ximior
1351 706 1461 743 posset
1485 702 1582 734 etiam
1608 703 1646 734 ad
1672 713 1725 735 eas
1748 704 1940 746 provincias,

1206 763 1286 794 quae
1304 753 1410 785 eidem
1430 753 1591 786 deficienti
1610 754 1761 798 episcopo
1778 756 1940 796 suberant,

1206 805 1519 838 administrationem
1535 808 1719 848 extendere,
1731 809 1780 840 vel
1795 819 1864 840 cum
1880 809 1942 841 alio

1207 857 1360 901 episcopo
1392 869 1506 892 novam
1542 859 1733 892 divisionem
1765 861 1855 901 inire,
1882 872 1944 904 qna

1208 911 1332 944 ratione
1358 912 1489 944 illorum
1514 912 1777 946 christifidelium
1802 914 1945 947 necessi-

1209 964 1327 996 tatibus
1358 965 1463 1008 aptius
1497 966 1677 998 consultum
1707 966 1872 999 videretur
1904 978 1944 999 ne

1209 1028 1340 1060 prorsus
1380 1024 1509 1061 pastore
1550 1019 1690 1051 destituti
1727 1025 1946 1060 remanerent,

1210 1071 1313 1103 donec
1338 1082 1396 1114 per
1412 1077 1623 1105 memoratam
1641 1072 1850 1105 cardinalium
1869 1074 1947 1106 Con-

1211 1123 1443 1165 gregationem,
1471 1135 1552 1167 quae
1577 1125 1683 1157 statim
1709 1125 1747 1158 de
1769 1125 1945 1168 praedictis

1211 1176 1330 1208 certior
1353 1177 1447 1210 reddi
1473 1177 1616 1218 deberet,
1634 1178 1727 1211 aliter
1747 1178 1860 1211 suisset
1884 1178 1947 1211 dis-

1211 1229 1365 1271 positum.

1255 1282 1269 1324 §
1294 1281 1325 1313 2,
1354 1281 1392 1313 Ut
1415 1287 1523 1314 autem
1548 1282 1582 1315 in
1603 1283 1748 1325 partibus
1770 1283 1945 1325 praedictis
1996 1293 2032 1314 Eis
2048 1293 2141 1319 indulget

1211 1335 1415 1367 sacerdotum
1439 1335 1668 1377 indigenarum
1685 1335 1846 1368 ordinatio
1872 1320 2141 1375 saci-Elunssdsusssslsst'll?

1212 1386 1274 1419 lius
1313 1387 1431 1429 peragi,
1470 1393 1565 1430 atque
1597 1389 1641 1420 ita
1671 1388 1751 1421 sides
1787 1373 2141 1422 catholicafillffsaelsstdlu-i'l

1212 1439 1333 1472 ibidem
1352 1440 1485 1480 firmius,
1503 1441 1718 1474 benedicente
1736 1441 1883 1481 Domino,
1903 1453 1947 1473 ra-
1958 1425 2087 1487 ‘li-Tfifiilte‘lf?
2091 1427 2142 1476 11.ὲῖ-

1213 1492 1309 1525 dicari
1330 1493 1459 1533 valeret,
1479 1493 1601 1526 eisdem
1619 1494 1790 1527 Francisco
1808 1500 1839 1527 et
1856 1494 1948 1527 Petro
1959 1481 2144 1540 maffssssssfgtffi:

1213 1550 1245 1576 et
1268 1545 1390 1587 Ignatio
1408 1546 1572 1589 episcopis
1594 1556 1664 1578 cuni
1684 1547 1949 1580 christifidelibus
1960 1530 2085 1576 1111Πῖιῖἲὲιῖἓέ
2097 1530 2142 1582 ζῖῗ

1214 1598 1401 1630 earumdem
1425 1598 1567 1640 partium
1584 1599 1747 1641 indigenis
1766 1599 1825 1631 sibi
1844 1599 1889 1631 uti
1907 1589 2002 1631 iti-⁰⁰⁵

1214 1650 1307 1682 cariis
1327 1650 1515 1693 apostolicis
1537 1652 1717 1694 respective
1734 1652 1842 1694 vigore
1860 1662 1950 1695 prae-

1215 1703 1350 1735 fatarum
1375 1704 1557 1736 litterarum
1580 1715 1640 1748 pro
1671 1710 1817 1748 tempore
1842 1706 1951 1738 subdi-

1216 1757 1262 1796 tis,
1294 1761 1327 1788 ut
1359 1756 1431 1799 ipsi,
1465 1757 1539 1790 licet
1564 1757 1683 1790 idioma
1718 1758 1851 1790 latinum
1884 1769 1949 1791 non

1215 1807 1450 1850 intelligerent,
1470 1809 1693 1850 nihilominus,
1717 1810 1891 1843 dummodo
1912 1811 1950 1843 il-

1216 1862 1271 1894 lud
1298 1863 1408 1903 legere
1434 1867 1576 1903 nossent,
1604 1863 1715 1905 eisque
1746 1874 1850 1896 canon
1875 1864 1950 1896 mis-

1216 1925 1270 1946 sae
1295 1924 1331 1946 ac
1356 1914 1513 1947 formulae
1539 1921 1814 1948 sacramentorum
1842 1916 1950 1949 Eccle-

1216 1967 1280 1999 siae
1320 1968 1582 2009 declararentur,
1625 1969 1663 2001 ad
1705 1980 1815 2001 omnes
1852 1969 1949 2002 etiam

1216 2030 1323 2052 sacros
1348 2025 1380 2052 et
1404 2020 1649 2063 presbyteratus
1676 2021 1817 2061 ordines,
1845 2031 1950 2054 serva-

1218 2074 1255 2105 tis
1278 2072 1357 2105 alias
1382 2073 1569 2113 servandis,
1597 2074 1791 2116 promoveri,
1824 2080 1855 2106 et
1878 2085 1952 2117 pro-

1216 2127 1293 2159 moti
1325 2126 1357 2158 in
1389 2126 1454 2158 illis
1487 2126 1583 2158 etiam
1622 2127 1731 2159 altaris
1772 2128 1951 2160 ministerio

1216 2181 1399 2212 m'nistrare
1438 2180 1539 2213 libere
1573 2186 1604 2212 et
1629 2180 1715 2213 licite
1754 2187 1885 2223 possent
1920 2187 1952 2213 et

1216 2234 1366 2272 valerent,
1393 2233 1612 2275 dispensandi,
1635 2243 1763 2265 necnon
1789 2234 1951 2267 recitatio-

1216 2298 1289 2319 nem
1329 2286 1423 2318 officii
1461 2285 1576 2325 divini,
1615 2287 1767 2319 horarum
1802 2287 1952 2320 videlicet

1216 2338 1453 2378 canonicarum,
1480 2339 1600 2371 eisdem
1628 2339 1893 2372 christifidelibus
1918 2341 1951 2373 in

1218 2391 1437 2424 recitationem
1462 2391 1593 2423 aliarum
1624 2402 1757 2434 precum
1782 2392 1814 2425 in
1840 2404 1951 2427 eorum

1217 2444 1338 2486 lingna,
1371 2443 1515 2486 ipsorum
1551 2444 1779 2487 episcoporum
1805 2446 1949 2485 arbitrio,

1217 2495 1447 2535 connuntandi,
1476 2497 1656 2529 facultatem
1682 2498 1721 2530 ad
1747 2498 1951 2541 septennium

1218 2550 1383 2581 dumtaxat
1407 2550 1528 2592 pariter
1545 2550 1705 2583 concessit
1721 2556 1752 2583 ct
1769 2551 1951 2594 impertitus

1255 2612 1263 2636 1
1289 2611 1387 2638 Vocem
1407 2611 1525 2647 deficere
1546 2620 1592 2639 uos
1612 2612 1734 2639 addimus
1753 2619 1788 2648 (R.
1809 2613 1857 2648 Τ.).
