2279 3260
186 237 234 265 Αη.
252 236 280 264 C.
305 237 372 265 ¹676

199 772 313 794 Contrariis
321 778 365 793 am-

181 800 274 824 plissume
304 801 366 821 dero-

1006 240 1147 265 ctminxs
1173 244 1188 266 X
1214 244 1261 266 l'l'.

378 286 497 320 sitores
513 287 688 331 praefatos,
703 291 735 320 et
752 287 831 321 alios
849 289 1022 331 quoslibet,
1039 301 1112 332 qua-

378 350 516 383 cumque
533 341 792 383 praeeminentia
804 346 836 373 et
849 347 1024 384 postestate
1044 342 1112 374 suu-

378 398 490 436 gentes
507 398 539 427 et
552 393 728 434 functuros,
747 394 871 427 sublata
889 395 935 427 cis
949 400 980 427 et
998 406 1111 429 corum

376 446 507 479 cuilibet
524 446 635 490 quavis
653 447 748 480 aliter
772 447 936 481 iudicandi
962 453 992 481 ct
1016 449 1114 482 inter-

375 499 524 542 pretandi
540 500 691 533 facultate
710 504 743 533 et
762 501 961 541 auctoritate,
978 502 1111 535 iudicari

375 556 406 584 et
423 550 550 584 definiri
571 552 701 591 debere,
720 563 756 585 ac
772 552 898 586 irritum
917 558 948 586 ct
970 553 1066 587 inane
1087 554 1111 586 si

375 613 466 637 secus
498 615 515 637 a
548 615 732 648 quoquam,
766 606 875 649 quavis
900 606 1111 647 auctoritate,

375 657 517 691 scienter
551 659 600 691 vel
635 658 846 701 ignoranter,
872 659 1045 702 contigerit
1068 664 1113 692 at-

377 710 504 743 tentari.

420 763 434 806 §
455 763 487 796 4.
514 763 583 797 Non
605 764 808 798 obstantibus
828 764 1013 808 praemissis
1027 793 1034 806 ,
1056 776 1110 806 ac,

377 821 535 859 quatenus
563 828 645 861 opus
675 817 731 857 sit,
762 819 870 851 nostra
895 823 927 850 et
954 819 1113 851 cancella-

375 867 441 901 riae
459 869 658 912 apostolicae
676 871 790 912 regula
815 870 853 903 de
879 870 946 903 iure
967 871 1111 913 quaesito

375 931 439 953 non
465 922 623 962 tollendo,
645 922 784 965 aliisque
809 923 1006 965 apostolicis,
1024 929 1056 956 et
1078 923 1110 955 in

373 974 609 1008 universalibus
629 975 949 1018 provincialibusque
964 976 1109 1009 conciliis

375 1026 480 1066 editis
507 1027 714 1069 generalibus
739 1027 787 1059 vel
813 1028 1017 1070 specialibus,
1039 1039 1112 1062 eon-

373 1079 596 1112 stitutionibus
620 1083 652 1112 et
685 1080 952 1120 ordinationibus,
985 1090 1110 1114 necnon

373 1131 560 1174 quibusvis,
587 1132 682 1165 ctiam
717 1132 918 1173 iuramento,
943 1133 1111 1167 confirma-

373 1184 460 1217 tione
478 1185 668 1228 apostolica,
687 1195 741 1217 seu
759 1186 867 1229 quavis
882 1186 1031 1220 firmitate
1050 1188 1111 1221 alia

373 1236 547 1278 roboratis,
574 1237 708 1279 statutis,
727 1239 826 1282 stylis,
853 1239 964 1272 usibus
984 1245 1016 1273 et
1036 1250 1111 1273 con-

372 1290 607 1331 suetudinibus,
649 1292 745 1324 etiam
776 1292 1108 1333 immemorabilibus,

372 1341 551 1385 privilegiis
575 1353 726 1386 quoque,
752 1343 887 1378 indultis
927 1351 959 1378 et
994 1346 1109 1379 litteris

373 1394 579 1437 apostolicis,
606 1396 703 1429 etiam
729 1397 761 1428 in
786 1397 927 1430 savorem
952 1398 983 1431 S.
1010 1399 1109 1432 Officii

373 1456 549 1489 regnorum
574 1449 804 1491 praefatorum,
831 1450 982 1494 illiusque
1009 1452 1111 1495 inqui-

372 1499 516 1540 sitorum,
530 1501 627 1534 etiam
646 1503 856 1544 generalium,
876 1508 908 1536 et
924 1504 1109 1539 officialium

373 1557 405 1586 et
439 1553 662 1586 ministrorum
688 1556 913 1597 quorumlibet,
933 1568 991 1600 per
1016 1569 1111 1601 quos-

371 1616 508 1650 cumque
533 1607 694 1641 Romanos
721 1609 892 1642 Pontifices
922 1612 1111 1654 praedeces-

371 1669 462 1692 sores
486 1665 626 1700 nostros,
654 1672 690 1694 ac
715 1672 774 1694 nos
805 1668 836 1695 et
870 1662 985 1697 Scdem
1019 1676 1111 1709 prae-

372 1713 477 1753 fatam,
493 1714 553 1746 sub
585 1715 842 1758 quibuscumque
869 1718 1041 1752 verborum
1065 1725 1110 1753 te—

372 1765 504 1800 noribus
520 1771 550 1799 et
563 1766 686 1806 formis,
698 1778 734 1800 ac
751 1779 821 1800 cum
839 1769 1002 1811 quibusvis
1016 1773 1109 1806 etiam

372 1819 650 1862 derogatoriarum
669 1821 895 1864 derogatoriiS,
915 1824 1051 1868 aliisque
1070 1828 1110 1859 es-

370 1872 596 1913 ficacioribus,
629 1874 859 1909 efficacissimis
900 1883 932 1910 et
968 1879 1108 1913 insolitis

369 1926 535 1966 clausulis,
556 1926 825 1972 irritantibusque
859 1934 890 1961 et
908 1931 978 1963 aliis
1001 1932 1109 1966 decre-

370 1977 421 2018 tis,
453 1978 551 2011 etiarn
583 1984 682 2020 motu,
722 1981 856 2014 scientia
882 1988 913 2015 et
938 1987 1108 2026 potestatis

369 2031 573 2074 plenitudine
599 2032 744 2075 paribus,
779 2045 815 2067 ac
839 2036 1108 2072 consistorialiter

371 2087 402 2115 et
436 2083 514 2116 alias
552 2086 799 2127 quomodolibet
839 2092 870 2120 in
910 2092 1106 2125 contrarium

370 2136 621 2178 praemissorum
644 2139 822 2180 concessis,
845 2142 1043 2178 confirmatis
1076 2152 1107 2179 et

371 2188 641 2233 quantiscumque
682 2192 804 2225 vicibus
838 2195 1043 2238 approbatiS,
1076 2205 1108 2232 ct

369 2240 543 2282 innovatis;
570 2243 687 2286 quibus
717 2247 869 2279 omnibus
895 2253 926 2280 et
956 2250 1104 2293 singulis,

369 2293 493 2327 etiamsi
511 2305 570 2338 pro
587 2296 716 2330 illorum
734 2298 906 2333 sufficienti
925 2302 1107 2346 derogatio-

370 2357 410 2379 ne
443 2347 483 2380 de
513 2347 577 2381 iltis
613 2360 791 2394 eorumque
834 2353 908 2386 totis
941 2357 1106 2391 tenoribus

369 2399 530 2442 specialis
545 2401 701 2443 specifica,
716 2414 866 2447 expressa
884 2412 914 2439 ct
932 2408 1104 2452 individua,

369 2461 406 2484 ac
422 2451 461 2485 de
483 2452 579 2486 verbo
604 2454 643 2486 ad
663 2456 809 2498 verbum,
830 2469 895 2491 non
924 2465 1030 2494 autem
1046 2474 1107 2506 per

368 2505 526 2538 clausulas
568 2508 737 2548 generales
767 2510 852 2544 idem
875 2512 1102 2557 importantcs,

368 2558 491 2590 mentio
520 2568 576 2590 seu
602 2561 732 2602 quaevis
757 2563 818 2595 alia
849 2567 1014 2607 expressio
1052 2569 1107 2601 lia·

367 2609 475 2644 benda
508 2615 602 2656 atque
635 2612 697 2645 alia
731 2615 888 2659 exquisita
929 2618 1030 2653 forma
1065 2622 1103 2655 ad

1792 243 1855 276 575

1155 291 1216 323 hoc
1240 293 1394 326 servanda
1420 293 1511 336 soret,
1538 301 1667 331 tenores
1693 299 1889 341 huiusmodi,

1155 355 1190 376 ac
1210 345 1236 377 si
1255 346 1294 378 de
1311 347 1408 380 verbo
1440 349 1638 391 adverbum,
1652 352 1733 385 nihil
1758 353 1888 396 penitus

1154 397 1286 438 omisso,
1313 404 1345 432 ct
1369 401 1472 434 forma
1496 402 1528 434 in
1555 403 1618 436 illis
1643 405 1758 437 tradita
1782 406 1891 439 obser-

1154 452 1234 489 vata,
1249 453 1508 495 exprimerentur
1521 461 1552 488 ct
1562 456 1790 496 insererentur,
1803 469 1890 501 prac-

1138 503 1299 538 ,scntibus
1330 516 1390 548 pro
1423 508 1517 549 plene
1554 513 1586 541 ct
1617 509 1814 543 sufficienter
1837 521 1889 543 cx-

1154 556 1273 598 prcssis
1301 563 1331 590 ct
1360 558 1489 592 insertis
1525 561 1689 602 babentes,
1724 563 1787 595 illis
1812 563 1889 596 alias

1157 607 1187 639 in
1224 619 1281 641 suo
1317 612 1433 644 robore
1470 614 1709 655 permansuris,
1734 616 1772 647 ad
1798 626 1891 658 prac-

1155 660 1325 694 missorum
1351 663 1508 706 ctl'cctum,
1536 666 1595 699 tuac
1620 667 1688 700 vice
1714 668 1888 706 dumtaxat,

1155 714 1340 756 specialiter
1372 723 1403 749 ct
1435 728 1587 761 expresse
1612 720 1824 763 derogamus,
1855 732 1891 753 ac

1155 767 1344 809 plenissimo
1369 770 1556 813 derogatum
1574 783 1645 806 csse
1666 775 1824 814 volumus,
1843 785 1892 807 ce-

1157 820 1297 864 terisque
1322 825 1492 857 contrariis
1509 825 1777 870 quibuscumque.

1199 873 1310 907 Datum
1336 876 1474 917 Romae,
1500 880 1583 921 apud
1615 879 1646 912 S.
1674 880 1801 912 Mariam
1829 880 1891 913 Ma-

1155 925 1268 967 iorem,
1291 929 1350 961 sub
1383 933 1503 964 annulo
1525 931 1709 973 piscatoris,
1749 934 1799 965 dic
1824 944 1890 968 xvu

1155 979 1265 1021 aprilis
1293 991 1448 1022 nioCLxxv,
1478 984 1684 1026 pontificatus
1712 987 1813 1019 nostri
1835 998 1892 1020 an-

1156 1042 1198 1064 no
1234 1042 1263 1065 v.

1550 1081 1572 1113 l.
1597 1081 1631 1114 G.
1659 1082 1800 1116 Stnsirs.

1190 1137 1246 1164 Dat.
1265 1138 1309 1166 die
1333 1140 1362 1167 17
1383 1141 1475 1176 aprilis
1496 1142 1572 1174 1675,
1590 1143 1685 1177 pontif.
1707 1152 1777 1169 amm
1794 1152 1818 1170 v.

1191 1200 1312 1234 nentur.
1334 1203 1366 1229 in
1387 1203 1504 1237 Secree„
1517 1204 1546 1230 in
1568 1205 1641 1233 libro
1658 1213 1672 1232 v
1689 1206 1824 1234 Brevium
1844 1207 1890 1234 dt-

1154 1252 1312 1279 versormz,
1333 1247 1383 1280 fol.
1405 1247 1466 1275 343.

1428 1397 1611 1432 CLXXXIII.

1153 1473 1230 1506 Alia
1256 1476 1416 1509 absolutio
1441 1479 1576 1511 Ioannis
1610 1481 1778 1523 Baptistae
1802 1483 1888 1516 Sau-

1198 1538 1273 1569 vccqc
1297 1533 1325 1561 et
1349 1530 1520 1563 Francisci
1544 1533 1676 1565 Pcrinet
1692 1560 1699 1573 ,
1725 1537 1889 1567 canonico-

1196 1590 1270 1612 rum
1295 1582 1443 1614 ecelesiae
1468 1584 1674 1624 Bis-nmium,
1701 1597 1721 1618 α
1744 1589 1890 1620 censuris

1196 1637 1224 1664 el
1242 1634 1352 1675 poenis
1376 1636 1495 1677 quibus
1517 1642 1649 1680 propter
1685 1640 1891 1672 temerariam

1196 1685 1378 1719 electionem
1403 1688 1517 1721 decani
1548 1690 1651 1723 (lictae
1675 1691 1824 1724 ecclesiae
1852 1693 1890 1725 ab

1196 1738 1386 1772 Alexandro
1406 1741 1469 1774 VII
1484 1743 1643 1783 innodati,
1662 1748 1690 1776 el
1706 1744 1743 1777 de
1761 1745 1829 1777 eius
1846 1756 1891 1777 or-

1196 1792 1271 1824 dine
1287 1797 1315 1825 et
1334 1794 1486 1827 »mandato
1502 1795 1694 1829 denunciatz'
1709 1798 1868 1840 fucrant¹.

1324 1873 1492 1901 Venerabili
1514 1875 1601 1902 fratri
1622 1877 1718 1909 Pet-ro,

1306 1917 1532 1952 archiepiscopo
1566 1920 1735 1954 Bisuntino‚

1375 1973 1508 2000 clemens
1529 1975 1606 2008 Papa
1626 1976 1659 2002 X.

1353 2034 1538 2062 Venerabilis
1572 2037 1686 2069 frater,

1186 2077 1315 2104 salutem
1336 2082 1367 2105 et
1387 2080 1581 2112 apostoticam
1602 2082 1851 2112 benedictionem.

1193 2147 1207 2189 ἓ
1223 2147 1254 2179 Ἰ.
1270 2147 1346 2180 Cum
1366 2159 1436 2189 uos,
1452 2161 1511 2193 per
1530 2153 1686 2194 quasdam
1704 2160 1832 2189 nostras
1853 2156 1885 2190 in
1897 2170 2015 2217 dAi'w'im
2024 2171 2080 2196 prm,

1912 2202 1924 2216 a
1935 2203 1947 2216 ὃ
1962 2203 1972 2217 ὃ
1985 2203 2008 2217 tts
2020 2203 2081 2216 [tati-³·

1897 2223 1950 2243 uicis
1986 2223 2080 2243 ciusdem

1897 2250 2009 2271 ecclesiae.

1150 2199 1244 2232 simili
1258 2201 1358 2233 forma
1373 2202 1480 2236 Brevis
1493 2204 1543 2237 dic
1555 2215 1604 2238 xvi
1620 2208 1800 2242 novembris
1814 2221 1886 2253 pro-

1150 2253 1232 2286 xime
1245 2255 1412 2296 praeteriti
1427 2257 1592 2299 expeditas
1610 2259 1742 2301 litteras,
1761 2262 1816 2295 tibi
1836 2264 1886 2296 de-

1150 2306 1290 2339 derimus
1315 2307 1347 2339 iu
1372 2309 1539 2349 mandatis,
1558 2316 1592 2343 ut
1610 2319 1746 2355 quatuor
1767 2315 1885 2349 ibidem

1150 2359 1334 2393 nominatos
1359 2363 1534 2395 canonicos
1567 2365 1658 2398 istius
1690 2370 1884 2412 metropoli-

1150 2416 1242 2445 tanae
1261 2415 1415 2447 ecclesiae
1434 2416 1618 2451 Bisuntinae
1634 2419 1712 2462 (qui,
1732 2423 1793 2454 uua
1813 2433 1885 2455 cum

1186 2502 1208 2526 t.
1230 2500 1331 2528 Seriem
1358 2502 1510 2531 huiusmodi
1538 2514 1711 2533 censurarum
1737 2512 1763 2535 et
1783 2517 1886 2544 poena-

1148 2553 1220 2577 rum,
1241 2554 1343 2573 necnon
1364 2556 1459 2574 causas
1480 2549 1514 2575 ob
1534 2558 1599 2584 quas
1618 2553 1687 2577 latae
1707 2552 1825 2586 fuerunt,
1849 2556 1887 2581 vi-

1148 2588 1211 2615 deas
1230 2589 1255 2615 iu
1278 2591 1472 2619 Constitutione
1489 2593 1567 2620 buius
1592 2596 1725 2623 Pontiticis
1740 2598 1884 2634 incipiente

1148 2633 1229 2660 Alias
1245 2638 1395 2670 poslquam
1418 2637 1509 2672 (quatu
1526 2638 1609 2666 habes
1623 2649 1703 2675 supra
1716 2650 1775 2677 pag.
1791 2642 1852 2681 511)

1901 251 1951 277 An.
1967 251 1995 278 C.
2019 252 2086 278 1075
