2279 3260
223 240 272 265 An.
288 238 318 265 c.
338 238 405 265 1076
450 229 514 262 (3536

416 293 521 320 autem
543 286 621 319 liuic
645 285 869 319 constitutioni
889 283 1149 322 cuntraveniens,

416 342 523 384 poena
548 340 661 382 cnlpae
687 339 792 381 gravis
817 338 988 382 pnniatnr3
1016 336 1152 379 ipseque

417 393 460 425 ita
485 393 527 425 sit
551 392 698 425 assiduus
723 392 754 425 in
782 392 886 430 domo,
921 389 1005 433 quod
1031 386 1152 420 subditi

418 446 485 478 cius
511 447 659 489 exemplo
684 445 825 478 libenter
859 444 962 476 t'crant
985 452 1074 474 suani
1105 439 1153 472 in-

417 499 609 539 clusionem,
637 510 696 531 nec
719 508 784 529 nno
810 496 987 538 codemque
1008 498 1153 536 tempore

417 552 564 585 minister
599 557 631 584 et
667 550 801 583 vicarius
838 553 926 581 extra
958 546 1153 580 coenobium

418 616 560 648 unquam
579 603 655 636 sint.

463 669 497 691 ιι.
524 657 636 690 Nullus
661 655 811 698 superior
829 654 859 686 in
879 653 967 693 locis,
985 652 1017 684 in
1039 650 1154 694 quibus

419 716 492 743 sunt
517 714 695 742 conventus
731 707 842 745 nostri,
882 705 1070 748 religiosum
1100 703 1156 736 ali-

419 775 526 806 qneni,
562 762 657 795 etiam
683 762 911 803 eleemosynae
937 763 1153 802 quaestorem,

419 817 488 848 sine
507 815 593 848 sot-io
613 815 650 846 ad
666 813 822 857 oppidum
842 813 957 851 mittat,
974 811 1033 843 sub
1051 811 1156 853 poena

419 871 531 912 culpae
559 868 671 910 gravis,
697 867 941 910 prudenterque
967 875 999 897 se
1018 868 1107 906 gerat
1123 862 1155 894 in

419 921 637 963 assignatione
663 919 841 959 sociorum,
869 928 950 961 qnos
975 922 1081 949 auten]
1107 915 1158 947 de-

419 974 603 1017 signaverit,
629 973 788 1016 recipiant
812 971 932 1004 subditi
959 970 1080 1013 absque
1105 979 1158 1009 exf

420 1027 598 1067 cnsatione,
609 1026 668 1058 snb
681 1027 783 1068 poena
799 1025 894 1057 etiam
912 1024 1025 1067 culpae
1040 1021 1155 1064 gravis.

419 1079 486 1117 Qua
510 1080 606 1112 etiam
633 1080 737 1121 poena
771 1077 951 1110 afficiantur
983 1075 1073 1114 socii,
1105 1073 1157 1117 qui

421 1138 508 1165 extra
521 1131 757 1165 monasterium
773 1131 815 1163 ita
832 1134 1032 1173 separantur,
1048 1133 1083 1160 ut
1095 1137 1159 1159 iuu-

421 1191 475 1219 tuo
509 1196 542 1218 se
576 1195 640 1217 non
681 1184 819 1224 videant,
857 1181 1049 1226 praesertim
1083 1180 1158 1213 dicti

421 1241 646 1282 elcemosynae
665 1242 867 1281 quaestores.

466 1303 514 1325 111.
542 1293 624 1324 Ante
649 1291 764 1324 horam
798 1288 955 1323 orationis
985 1287 1160 1320 matutinae

422 1347 529 1379 nullus
564 1355 580 1377 e
616 1345 713 1377 domo
746 1348 839 1375 exeat
875 1343 996 1384 absque
1031 1339 1161 1382 urgenti

422 1398 629 1436 necessitate,
649 1397 851 1438 redeantque
871 1404 984 1427 omnes
1011 1398 1084 1425 ante
1105 1402 1163 1424 no-

423 1457 505 1484 ctem
524 1478 531 1491 ,
560 1449 807 1483 contravcnicns
832 1453 949 1487 autem,
974 1456 1098 1489 pronus
1130 1446 1163 1477 in

424 1510 543 1537 terram
580 1503 631 1535 die
667 1501 815 1544 sequenti
847 1511 963 1543 panem
994 1504 1025 1532 et
1049 1509 1163 1542 aquam

424 1557 591 1590 comedat:
617 1566 677 1588 nec
702 1559 817 1587 exeant
834 1554 866 1586 in
892 1553 1005 1586 diebus
1028 1552 1160 1592 seriatis,

424 1615 456 1643 et
481 1610 513 1641 in
539 1609 603 1641 illis
630 1608 660 1640 in
688 1607 804 1651 quibus
834 1607 1015 1640 saeculares
1041 1604 1164 1637 habent

424 1663 527 1702 ludos,
560 1668 592 1695 ct
623 1661 771 1705 publicas
795 1660 945 1700 laetitias,
971 1658 1163 1702 spectacula,

425 1721 458 1749 et
482 1715 609 1754 similia,
637 1719 770 1757 excepta
797 1715 892 1746 causa
925 1712 1028 1755 gravis
1058 1716 1090 1745 et
1120 1710 1164 1743 ita

424 1768 568 1810 urgentis
593 1766 714 1810 negotii
741 1767 826 1810 quod
860 1765 981 1799 diss'erri
1014 1775 1078 1798 non
1113 1775 1165 1797 va-

424 1824 501 1856 leat.
529 1822 586 1860 Qui
610 1832 684 1854 vcro
709 1821 831 1864 absque
856 1819 911 1853 illa
937 1818 1099 1852 licentiam
1119 1817 1166 1850 di-

427 1877 486 1909 ctis
506 1876 620 1909 diebus
640 1874 772 1918 petierit
798 1875 849 1907 vel
867 1872 1078 1915 concesserit,
1091 1882 1167 1916 poe-

427 1940 486 1963 nae
507 1931 621 1972 eulpae
639 1927 743 1971 gravis
764 1927 935 1961 subiaceat.

472 1992 514 2015 iv.
541 1980 673 2019 Quando
699 1979 844 2022 religiosi
876 1980 977 2012 nostri
1009 1979 1049 2012 ad
1074 1977 1167 2022 oppi-

429 2035 505 2068 dum
531 2039 659 2075 exeunt,
687 2034 719 2066 in
744 2033 815 2066 illas
840 2037 964 2065 tantum
983 2032 1167 2075 ingredian-

428 2094 482 2120 tur
500 2088 625 2127 domos,
643 2087 682 2119 ad
703 2097 782 2129 quas
799 2096 983 2129 expressam
1000 2084 1166 2119 licentiam

428 2141 560 2181 habent,
586 2150 646 2173 nee
670 2139 805 2182 negocia
839 2139 1026 2182 suscipiant,
1058 2138 1122 2171 nisi
1151 2149 1168 2171 a

429 2193 597 2238 superiore
615 2192 803 2233 commissa,
827 2192 914 2236 qnod
933 2192 958 2224 si
979 2192 1166 2232 occurrerit,

429 2247 463 2280 in
488 2247 638 2290 ingressu
663 2246 703 2278 ad
728 2251 924 2278 conventum
950 2246 1097 2289 praelato
1115 2256 1169 2278 ex-

430 2306 565 2345 ponant.
609 2298 667 2337 Qui
705 2310 780 2332 vero
819 2299 901 2342 parti
937 2299 1034 2332 alicui
1070 2299 1167 2332 liuius

431 2352 676 2387 constitutionis
705 2352 955 2393 contravenerit,
972 2354 1078 2396 poena
1104 2353 1170 2385 cul-

431 2418 493 2452 pae
515 2406 619 2449 gravis
637 2405 800 2445 afficiatur,
827 2406 876 2438 vel
901 2405 1035 2445 maiore,
1060 2405 1094 2447 si,
1118 2417 1169 2439 ra-

432 2462 520 2494 tione
546 2458 803 2493 circumstantiae
825 2458 971 2499 alicuius,
995 2460 1089 2503 culpa
1113 2470 1169 2493 au-

434 2520 560 2559 geatur.

476 2579 506 2602 v.
532 2568 730 2610 Egressurus
748 2577 763 2599 e
789 2570 963 2607 conventu,
982 2566 1116 2599 obtenta
1131 2566 1169 2600 li-

992 234 1172 260 mttttmtttu
1195 234 1347 260 ΠΟΜᾸΝῙἸΜ

1194 282 1453 317 benedictionem
1479 285 1614 329 accipiat
1639 297 1654 319 a
1679 287 1825 329 praelato
1851 290 1882 318 et
1913 296 1931 318 a

1194 334 1247 367 SS.
1274 336 1479 371 Sacramento
1510 339 1652 372 breviter
1683 350 1799 380 orans,
1831 338 1931 372 idem-

1196 398 1257 431 que
1284 388 1400 422 saciant
1430 390 1461 422 in
1495 391 1662 433 ingressu;
1697 396 1844 436 tempore
1878 401 1931 424 au-

1196 445 1260 473 tem
1286 441 1478 475 visitationis
1496 444 1638 485 actualis,
1658 456 1675 477 a
1695 444 1859 478 visitatore
1876 445 1931 477 be-

1197 494 1416 527 nedictionem
1441 496 1611 539 accipiant,
1635 508 1829 541 semperque
1847 509 1927 531 eani-

1197 546 1270 578 ‹lem
1294 546 1454 590 accipient
1484 548 1619 590 praelati
1646 549 1684 581 ab
1702 549 1772 582 aliis
1799 549 1859 582 sibi
1880 559 1925 582 su-

1197 599 1379 642 perioribus
1405 600 1437 632 in
1462 601 1573 634 cadem
1596 601 1690 634 domo
1706 602 1927 635 existentibus.

1242 662 1284 685 vr.
1327 652 1493 696 Nunquam
1533 653 1676 696 religiosi
1709 654 1808 689 nostri
1839 654 1931 688 simul

1198 704 1228 736 in
1257 705 1417 737 eonnnuui
1444 706 1653 748 egrediantur
1676 707 1713 739 ad
1741 708 1862 747 funera,
1883 708 1932 739 vel

1198 758 1356 790 cantanda
1382 759 1603 801 responsoria,
1630 759 1690 791 nisi
1718 760 1749 792 in
1775 760 1820 792 eis
1856 760 1934 792 locis

1200 810 1230 842 in
1257 810 1374 853 quibus
1399 812 1512 843 tuticus
1549 812 1642 844 suerit
1677 817 1854 845 conventus
1884 812 1934 844 vet

1200 864 1373 906 collegium
1398 864 1502 896 nostri
1529 864 1667 903 Ordinis,
1693 865 1741 897 vel
1768 865 1807 897 ad
1826 865 1935 897 funera

1200 921 1231 948 et
1256 917 1406 959 exequias
1431 927 1554 959 regum,
1585 918 1821 960 cpiscoporum,
1845 927 1937 960 prae-

1200 969 1338 1002 latorum
1370 975 1401 1002 et
1432 970 1584 1002 similium
1611 970 1753 1012 gravium
1785 979 1950 1013 persona-1

1202 1033 1283 1062 rum,
1322 1023 1450 1065 (plaudo
1486 1024 1568 1056 aliae
1604 1023 1780 1066 religiones
1804 1033 1940 1056 concur-

1202 1081 1282 1107 rant.
1309 1076 1343 1107 In
1381 1076 1431 1108 liis
1466 1082 1571 1108 autem
1605 1082 1635 1108 et
1668 1076 1834 1119 quibusvis
1867 1075 1938 1108 aliis

1202 1127 1340 1171 publicis
1363 1129 1589 1169 [unctionibus
1609 1129 1764 1171 singulari
1783 1128 1940 1161 modestia

1203 1180 1303 1213 nostri
1330 1182 1566 1224 resplendeant,
1585 1192 1644 1214 nec
1669 1193 1685 1214 a
1711 1181 1941 1214 communitate

1205 1233 1319 1276 aliquis
1333 1245 1474 1276 unquam
1493 1240 1670 1278 separetur,
1685 1234 1744 1267 sub
1760 1235 1867 1278 poena
1880 1235 1942 1266 cul-

1205 1297 1263 1330 pae
1283 1286 1387 1328 gravis
1402 1297 1459 1329 per
1478 1292 1542 1319 tres
1564 1287 1643 1319 dies.

1247 1350 1305 1372 vn.
1332 1340 1504 1371 llortamur
1528 1340 1715 1383 superiores
1739 1350 1780 1373 ne
1808 1339 1944 1383 permit-

1206 1398 1273 1424 tant
1298 1398 1333 1424 nt
1353 1393 1514 1435 religiosi,
1548 1393 1601 1436 qui
1633 1404 1692 1436 pro
1726 1396 1781 1426 sua
1816 1392 1943 1426 infirma

1206 1446 1391 1478 valetudine
1417 1446 1567 1478 carnibus
1593 1451 1779 1486 vescuntur,
1808 1452 1860 1479 aut
1876 1447 1943 1480 lino

1207 1499 1271 1531 sive
1297 1500 1358 1532 alia
1383 1509 1416 1531 re
1441 1506 1572 1532 nostrae
1591 1500 1774 1533 austeritati
1791 1499 1944 1543 opposita

1206 1557 1347 1587 utuntur,
1375 1552 1434 1585 iter
1459 1552 1586 1593 saciant,
1615 1554 1663 1586 vel
1691 1558 1781 1585 extra
1806 1563 1945 1585 conven-

1207 1610 1256 1637 tus
1273 1610 1397 1645 exeant,
1417 1605 1475 1637 nisi
1494 1616 1567 1638 raro
1586 1611 1617 1638 et
1635 1606 1717 1638 iusta
1737 1606 1776 1638 de
1797 1608 1905 1638 causa.

1250 1668 1319 1691 vni.
1339 1658 1449 1691 Nullus
1472 1658 1653 1700 religiosus,
1674 1659 1734 1691 sub
1752 1660 1857 1701 poena
1875 1668 1946 1701 gra-

1206 1712 1252 1745 vis
1276 1715 1402 1756 eulpae,
1421 1724 1436 1746 e
1458 1714 1554 1747 domo
1580 1714 1768 1756 egrediatur
1792 1714 1832 1746 ad
1849 1724 1946 1756 agen—

1208 1766 1248 1799 da
1272 1767 1403 1809 negotia
1419 1767 1608 1807 saecularia,
1629 1767 1723 1799 etiam
1741 1777 1872 1800 suorum
1892 1777 1948 1810 pa-

1207 1825 1356 1861 rentum,
1389 1820 1415 1853 si
1447 1826 1555 1853 tamen
1592 1821 1763 1854 commode
1801 1820 1946 1854 excusari

1209 1883 1275 1906 non
1299 1873 1411 1917 possit,
1439 1873 1470 1906 id
1495 1873 1592 1907 liceat
1621 1874 1660 1915 ei,
1688 1874 1823 1907 obtenta
1855 1873 1946 1918 prius

1209 1927 1344 1970 praelati
1365 1927 1543 1971 superioris
1561 1927 1701 1961 licentia.

1253 2008 1383 2038 REGULAE
1410 2016 1502 2037 CAPUT
1532 2007 1628 2037 XXVI.
1654 2024 1688 2028 —
1711 2007 1901 2038 Itu-amenta

1209 2066 1276 2086 non
1293 2056 1415 2086 faciant
1435 2056 1497 2086 nisi
1519 2059 1638 2096 magua
1662 2057 1868 2092 necessitate,
1885 2061 1945 2087 etc.

1209 2127 1300 2166 Caput
1321 2135 1399 2156 XXVI.
1423 2144 1461 2149 —
1483 2126 1522 2156 De
1544 2126 1773 2165 circmnstantiis,
1796 2136 1864 2165 quae
1885 2136 1948 2157 con-

1248 2185 1361 2206 currere
1382 2175 1476 2205 debent
1494 2184 1546 2214 pro
1573 2175 1726 2204 im‘amento
1748 2186 1763 2204 α
1785 2176 1885 2205 nostris
1906 2185 1948 2206 re-

1250 2226 1354 2264 ligiosis
1383 2225 1526 2264 faciendis.

1255 2299 1439 2332 Iuramenta
1474 2309 1540 2333 non
1572 2299 1700 2340 saciant,
1733 2299 1795 2332 nisi
1831 2311 1948 2343 magna

1211 2352 1391 2386 occurrerit
1414 2351 1603 2392 necessitas,
1618 2352 1651 2384 in
1672 2353 1776 2386 causis
1801 2352 1894 2386 iustis
1917 2358 1950 2386 et

1212 2405 1370 2445 honestis,
1389 2415 1462 2438 cum
1486 2404 1617 2438 licentia
1641 2406 1689 2438 sui
1719 2406 1869 2449 praelati,
1896 2406 1948 2440 vel

1210 2458 1287 2492 iussi
1310 2459 1348 2491 ab
1373 2458 1490 2501 aliquo,
1527 2458 1582 2502 qui
1618 2458 1650 2492 id
1684 2459 1730 2492 eis
1754 2459 1947 2503 praecipere

1212 2514 1330 2557 possit;
1357 2512 1410 2556 qui
1435 2518 1539 2545 autem
1565 2513 1687 2556 absque
1712 2513 1782 2546 istis
1812 2514 1949 2547 circurn-

1213 2566 1337 2599 stantiis
1360 2566 1520 2608 iuraverit,
1547 2565 1719 2610 disciplina
1743 2567 1950 2601 conventuali

434 2622 545 2663 centia,
571 2621 705 2655 indutus
730 2619 952 2664 cappa,sim111
977 2630 1050 2653 euin
1082 2619 1169 2653 socio
1213 2620 1383 2663 plectatur.

1939 237 1994 265 An.
2010 237 2040 265 C.
2055 236 2121 265 167&
