2279 3260
156 232 204 260 An.
228 235 255 261 (Ι.
280 235 346 262 1675

982 235 1010 259 Cl
1022 234 1121 258 EMENS
1146 237 1160 259 Χ
1186 236 1233 259 ΡΡ.

1764 225 1826 257 ἵνϊι·
1875 231 1909 257 ‚tn
1940 230 1966 257 11.
1992 230 2057 256 ¹⁶75

349 284 423 318 dum
450 284 549 328 signis
576 288 671 327 atquc
696 283 853 327 portentis
878 287 1023 315 testatam
1046 283 1084 315 sa-
1127 293 1231 325 pmsc,
1258 281 1527 326 quandocumqiw
1554 283 1647 316 nobis·
1687 282 1862 319 vich-retur,

348 337 408 377 cit,
436 342 478 378 ut,
504 336 619 380 quibus
645 334 937 368 immarscescibilis
962 334 1084 377 gloriae
1128 336 1165 368 ad
1192 338 1366 369 soleinnem
1393 335 1537 368 eiusdem
1559 336 1641 367 servi
1663 336 1716 367 [tei
1736 334 1866 367 sanoni-

347 400 466 423 corona
499 390 530 422 in
563 388 661 422 caelis
687 400 704 420 a
728 388 812 421 iusto
838 387 943 420 iudice
970 387 1086 419 donata
1129 389 1286 421 zationem
1312 394 1378 422 tuto
1404 388 1558 425 dexeniri,
1578 387 1703 419 ints-rim
1730 397 1806 419 vero
1824 386 1867 418 in-

347 447 402 482 est,
430 442 558 475 debitae
584 451 712 485 quoque
738 440 958 473 venerationis
983 439 1085 471 cultus

346 496 378 528 in
405 495 500 527 terris
524 494 742 537 impendatur.

168 546 335 592 ⁴minium-
390 549 405 592 ἓ
434 547 460 580 l.
480 547 565 580 lnter
590 547 650 580 hos
677 557 748 579 cum
775 546 1000 590 multipliciter
1023 546 1086 578 cla—

153 595 178 646 2'1}
194 589 335 644 lssfilcl'ssffi'ff
347 601 447 635 ruerit
466 612 577 634 servus
596 600 651 633 Dei
672 600 809 633 Ioannes
835 600 872 633 de
889 599 998 639 Cruce,
1014 598 1086 642 pri-

151 641 278 687 ssitnssl'a‘llfw
298 641 334 661 Μ’
347 665 418 687 nius
439 653 607 697 religionis
630 653 761 685 fratrum
780 653 894 686 Beatac
913 652 1028 684 Illariae
1047 652 1084 683 de

346 707 451 740 Monte
475 706 623 740 Carmelo
641 705 902 738 Excalceatorum
928 714 1087 747 nuncupa-

345 765 449 792 torum
475 759 649 803 professor,
669 759 732 801 qni,
752 757 971 790 sanctissimae
986 755 1086 798 Virgi-

344 812 393 844 nis
413 811 560 845 Teresiae
587 811 731 844 eiusdem
758 810 927 853 religionis
952 809 1081 841 institu-

344 865 432 897 tricis
451 864 593 907 vestigiis
610 864 754 897 studiose
774 863 934 902 insistens,
950 868 981 895 et
997 872 1074 905 prae

343 920 447 951 claros
468 916 581 950 retulit
606 917 645 949 de
671 926 765 948 carue
789 916 820 948 in
845 926 942 948 carne
968 915 1081 946 trium-

343 971 438 1014 phos,
464 975 495 1003 et
512 980 577 1003 non
602 970 706 1002 solum
727 968 823 1000 sociis
849 968 914 1000 suis
939 966 1085 1009 magiste-

343 1024 392 1056 rio
418 1024 632 1066 exemploque
651 1023 777 1054 summa
795 1031 866 1053 cum
884 1021 977 1053 laude
996 1030 1085 1063 prae-

342 1075 438 1116 buit‘,
453 1075 509 1108 sed
524 1075 619 1108 etiam
633 1074 808 1106 Ecclesiam
823 1073 1007 1106 universam
1024 1071 1085 1115 spi-

343 1128 508 1161 ritualium
533 1132 723 1164 aromatum,
743 1126 859 1169 quibus
883 1136 954 1158 eum
980 1124 1085 1157 divina

345 1181 530 1225 benignitas
555 1180 687 1223 largiter
707 1179 876 1219 imbuerat,
898 1178 999 1211 odore
1016 1188 1085 1221 per-

347 1235 451 1268 fudit:
478 1235 610 1277 dignum
628 1233 825 1266 arbitramur
849 1237 881 1265 et
908 1242 1085 1274 congruum

346 1294 382 1320 ut
412 1287 610 1331 apostolicae
646 1286 809 1319 servitutis
842 1290 971 1318 nostrae
997 1284 1087 1317 mini-

347 1341 459 1381 sterio,
486 1340 572 1383 quod
597 1350 654 1372 nos
679 1339 800 1372 meritis
826 1338 900 1371 licet
917 1343 948 1371 et
965 1338 1084 1370 viribus

346 1395 443 1437 longe
468 1393 610 1436 impares
643 1402 755 1434 gerere
780 1390 883 1424 voluit
908 1391 1016 1423 divina
1040 1390 1087 1423 di-

347 1446 468 1489 gnatio,
497 1445 582 1478 illius
608 1444 738 1483 honori,
755 1445 792 1477 ad
815 1444 952 1486 gloriam
977 1443 1083 1476 omni-

347 1493 489 1543 potentis
514 1498 581 1536 Dei,
607 1497 645 1530 ad
667 1497 763 1530 decus
789 1495 966 1529 catholicae
983 1495 1088 1528 Eccle-

349 1553 424 1592 siae,
447 1550 657 1593 fideliumque
683 1548 952 1588 aedificationem,
971 1558 1088 1591 oppor-

350 1611 425 1638 tune
448 1604 645 1636 consulatur.

173 1666 339 1696 mantuanum·
394 1658 409 1701 g
433 1656 464 1689 2.
492 1656 568 1689 Cum
597 1655 703 1699 itaque
720 1682 727 1695 ,
755 1655 877 1687 sumina
906 1654 1088 1686 maturitate

157 1697 585 1753 5535351'1‘3'2511133‘diligentiaque
611 1707 763 1742 discussis
796 1712 890 1750 atque
919 1707 1090 1750 perpensis

352 1775 412 1808 per
435 1762 725 1805 Congregationem
762 1760 992 1793 venerabilium
1025 1759 1088 1792 sra-

355 1823 436 1849 trum
454 1822 638 1848 nostrorum
656 1814 687 1847 S.
708 1814 744 1846 tt.
760 1813 795 1846 E.
814 1813 1025 1846 cardinalium
1043 1823 1092 1845 sa-

352 1870 414 1902 cris
448 1869 562 1902 ritibus
593 1866 853 1911 praepositorum
885 1866 1092 1908 processibus

352 1924 391 1957 de
418 1922 621 1966 Apostolicae
654 1920 745 1953 Sedis
776 1919 908 1952 licentia
940 1919 1093 1952 confectis

352 1986 451 2019 super
474 1974 548 2014 vita,
576 1973 744 2006 sanctitate
770 1977 802 2004 et
824 1971 996 2004 virtutibus
1031 1978 1094 2005 tam

354 2027 550 2070 theologicis
587 2036 684 2070 quam
718 2025 896 2058 moralibus
931 2025 962 2057 in
994 2025 1093 2068 gradu

357 2081 501 2120 heroico,
528 2080 644 2124 quibus
666 2079 826 2122 praefatus
843 2078 899 2111 Dei
924 2089 1035 2112 servus
1052 2078 1096 2111 lo-

357 2144 456 2167 annes
481 2133 519 2166 de
543 2132 642 2166 Cruce
673 2130 897 2174 multipliciter
928 2130 1093 2170 claruisse,

356 2195 484 2219 necnon
500 2184 664 2217 miraculis
681 2194 763 2227 quae
789 2184 827 2216 ad
853 2184 921 2216 eius
942 2183 1096 2216 interces-

357 2239 481 2272 sionem
501 2248 537 2271 ac
561 2238 600 2270 ad
625 2236 893 2270 manifestandam
918 2236 1039 2269 mundo
1059 2237 1097 2269 il-

357 2292 418 2326 lius
454 2291 657 2324 sanctitatem
692 2302 709 2323 a
744 2290 808 2323 Deo
844 2295 969 2334 patrata
1000 2290 1096 2322 fuisse

358 2344 596 2384 asserebantur,
621 2344 732 2377 eadem
758 2343 985 2387 Congregatio,
1011 2343 1097 2375 audi-

359 2398 398 2431 tis
424 2397 522 2430 etiam
548 2398 766 2430 consultorum
797 2396 969 2440 suffragiis,
990 2407 1097 2429 coram

358 2450 454 2484 nobis
498 2450 669 2484 constituta
708 2450 904 2483 unanimiter
938 2450 1098 2483 censuerit

397 2531 411 2557 1
433 2531 486 2556 Aut
505 2530 562 2564 lege
579 2530 719 2564 praefuit,
741 2534 788 2556 aut
810 2531 889 2564 paulo
917 2533 980 2556 ante
1006 2529 1098 2563 Μαρί-

360 2573 453 2600 steria
477 2573 662 2606 exemptaque
692 2580 738 2606 pro
766 2572 933 2607 mayn-teria
953 2573 1097 2606 exemplo-

360 2625 419 2653 que
440 2615 584 2652 legendum
603 2617 642 2651 (R.
657 2616 707 2650 T.)-

1130 441 1253 483 dulgcri
1279 447 1313 474 ut
1337 442 1368 474 in
1396 446 1463 474 toto
1496 446 1652 473 terrarum
1686 440 1762 473 orbe
1790 440 1866 471 noa-

1119 498 1180 542 'tus
1206 500 1432 537 nuncupetur:

1173 547 1188 589 g
1212 546 1243 579 3.
1272 547 1350 579 llinc
1375 552 1419 579 est
1458 546 1544 589 quod
1571 556 1654 583 nos,
1683 545 1743 587 piis
1769 550 1863 587 atque

1130 599 1232 632 enixis
1267 600 1420 632 rarissimi
1456 599 1485 631 in
1520 599 1648 631 Christo
1682 597 1736 630 tilii
1763 583 2059 629 nostri[¹L*.¹t'.'1'.'1'2'„i¹'1'i.'.'„¹ss

1129 652 1233 684 Caroli
1260 652 1486 695 Ilispaniarui‘n
1520 650 1605 693 regis
1643 650 1804 687 catholici,
1831 661 1865 681 ac
1877 639 1999 686 ildiss'iiii'f‘ssi
2011 642 2061 686 52:151}

1129 704 1312 737 carissimae
1339 705 1369 736 in
1396 704 1521 736 Clu-isto
1547 703 1629 735 tilia«=
1656 708 1784 735 nostrae
1812 688 1902 734 Marii
1914 693 2061 739 1722'ii‹‘11i1'1'[f''''⁰

1129 758 1261 789 riaunac
1286 757 1469 789 earumdem
1488 756 1714 799 Hispaniarum
1739 754 1869 797 reginae

1129 810 1306 842 catholicae
1339 810 1468 849 viduae,
1499 809 1565 841 cius
1592 808 1769 851 genitricis,
1796 818 1870 840 nec-

1129 873 1193 894 non
1217 862 1311 895 totius
1330 861 1596 903 Congregationis
1617 860 1789 903 Hispaniae
1809 861 1871 893 sra-

1131 920 1211 947 trum
1230 913 1634 947 ExcalceatoruniOrdinis
1654 914 1687 945 B.
1705 913 1821 945 Mariae
1832 913 1871 945 dc

1130 967 1232 1000 Monte
1268 967 1412 999 Carmelo
1450 965 1741 1009 supplicationibus
1775 966 1870 998 nobis

1129 1030 1226 1062 super
1250 1020 1313 1052 hoc
1342 1019 1507 1051 humiliter
1539 1018 1698 1061 porrectis
1729 1018 1871 1060 benigne

1129 1072 1285 1111 inclinati,
1327 1072 1365 1104 de
1406 1071 1624 1114 praefatorum
1661 1070 1871 1103 cardinalium

1129 1125 1264 1158 consilio
1291 1130 1321 1156 et
1347 1123 1489 1155 unanimi
1516 1133 1659 1161 assensu,
1679 1122 1872 1155 auctoritate

1130 1178 1313 1221 apostolica,
1335 1182 1448 1209 tenore
1475 1175 1706 1219 praesentium,
1726 1176 1874 1218 indulge-

1131 1241 1200 1262 mus
1223 1235 1259 1262 ut
1283 1234 1479 1262 memoratus
1512 1229 1567 1261 Dei
1603 1239 1712 1261 servus
1738 1229 1874 1261 loannes

1131 1284 1169 1316 dc
1187 1283 1286 1316 Cruce
1305 1283 1335 1315 in
1355 1288 1520 1325 posterum
1541 1281 1627 1314 Beati
1643 1281 1775 1314 nomine
1794 1291 1874 1313 nun-

1131 1342 1275 1379 cupetur,
1295 1336 1426 1378 eiusqvte
1453 1345 1570 1377 corpus
1595 1340 1625 1367 et
1642 1334 1799 1377 reliquiae
1824 1344 1876 1366 ve-

1132 1389 1290 1422 nerationi
1316 1388 1460 1421 fidelium
1488 1388 1577 1430 (non
1603 1392 1712 1419 autem
1736 1387 1767 1419 in
1793 1397 1872 1430 pro-

1132 1441 1332 1474 cessionibus
1350 1440 1627 1482 circumserenda)
1647 1445 1853 1482 exponantur
1866 1467 1873 1479 ,

1133 1495 1287 1537 imagines
1314 1505 1442 1537 quoque
1468 1493 1566 1526 radiis
1598 1504 1654 1526 seu
1691 1493 1877 1536 splendori-

1133 1549 1191 1580 bus
1216 1553 1424 1586 exornentur,
1445 1556 1479 1578 ac
1505 1546 1543 1578 de
1569 1555 1607 1579 eo
1633 1545 1807 1588 quotannis
1824 1544 1875 1577 die

1134 1599 1355 1633 anniversario
1375 1599 1474 1632 felicis
1500 1599 1568 1632 eius
1594 1599 1702 1631 obitus
1722 1598 1877 1630 recitetur

1135 1652 1273 1685 officium
1299 1657 1330 1684 et
1354 1651 1450 1684 missa
1476 1652 1659 1684 celebretur
1684 1651 1723 1683 de
1747 1649 1878 1683 Confes-

1135 1716 1206 1739 sore
1232 1716 1297 1738 non
1322 1704 1493 1744 Pontifice,
1519 1704 1605 1736 iuxta
1629 1703 1773 1736 rubricas
1797 1704 1874 1736 bre-

1137 1759 1225 1791 viarii
1252 1764 1283 1791 et
1307 1758 1447 1791 missalis
1473 1757 1609 1790 romani.

1179 1814 1194 1855 g
1219 1812 1250 1844 4,
1277 1812 1378 1844 Porro
1399 1811 1619 1844 recitationem
1641 1810 1737 1843 officii
1756 1813 1787 1843 et
1803 1810 1877 1842 mis·
1901 1817 2017 1847 ,Officium
2039 1823 2072 1854 fa-

1137 1877 1189 1898 sae
1215 1865 1465 1898 celebrationem
1491 1863 1676 1896 huiusmodi
1701 1863 1771 1895 fieri
1801 1846 2073 1916 οοη-Ξῗιῖἳτὲτιῡῡιῗᾞῖἶ

1137 1918 1278 1952 cedimus
1303 1918 1335 1950 in
1360 1918 1439 1950 locis
1466 1917 1631 1949 dumtaxat
1651 1916 1874 1959 infrascriptis,
1902 1897 2071 1923 ⁰³¹⁰⁰¹⁵W⁵¹²⁴

1138 1971 1287 2005 videlicet
1311 1971 1343 2003 in
1369 1972 1441 2003 loco
1463 1970 1502 2002 de
1528 1968 1735 2008 llontiveros‚
1756 1969 1811 2000 ubi
1829 1969 1877 2002 di-

1139 2031 1206 2058 ctus
1224 2034 1335 2057 servus
1349 2023 1405 2056 Dei
1422 2028 1514 2055 natus
1533 2027 1588 2061 est,
1605 2022 1637 2054 in
1651 2023 1722 2055 loco
1741 2022 1780 2054 de
1796 2021 1880 2054 Ube-

1140 2077 1188 2117 da,
1206 2076 1238 2108 in
1255 2086 1320 2119 quo
1346 2075 1493 2118 spiritum
1510 2073 1653 2107 Creatori
1679 2074 1832 2114 reddidit,
1849 2079 1881 2107 et

1139 2131 1172 2163 in
1192 2129 1314 2162 civitate
1340 2127 1542 2170 Segobiensi‚
1559 2127 1614 2159 ubi
1638 2127 1822 2159 venerabile
1848 2137 1880 2159 e-

1139 2183 1189 2215 ius
1207 2192 1324 2225 corpus
1342 2180 1528 2223 requiescit,
1540 2180 1579 2212 ab
1595 2179 1746 2213 omnibus
1760 2179 1878 2212 utrius-

1141 2246 1203 2279 que
1228 2244 1322 2267 sexus
1349 2232 1614 2266 christifidelibus
1645 2237 1709 2265 tam
1734 2233 1877 2265 saecula-

1140 2289 1229 2321 ribus
1254 2297 1349 2331 quam
1382 2286 1588 2329 regularibus
1619 2285 1672 2328 qui
1707 2286 1744 2318 ad
1777 2287 1876 2319 boras

1141 2341 1314 2375 canonicas
1335 2344 1497 2377 tenentur,
1519 2349 1553 2371 ac
1573 2339 1604 2371 in
1630 2340 1696 2371 tota
1720 2338 1878 2380 religione

1142 2395 1284 2438 praestita
1319 2392 1562 2426 Carmelitarum
1591 2391 1876 2431 Excalceatorum,

1141 2448 1361 2489 uniwrscque
1397 2444 1517 2478 Ordine
1543 2444 1730 2487 supradicto
1762 2444 1794 2476 B.
1820 2443 1878 2476 Ma-

1143 2500 1207 2532 riae
1244 2499 1282 2533 d·
1313 2499 1420 2531 Monte
1453 2498 1621 2534 Carmelo,
1651 2503 1713 2529 tam
1739 2496 1874 2529 fratrum

1143 2563 1238 2586 ‹uam
1263 2552 1461 2591 monialium,
1480 2557 1512 2583 et
1529 2556 1684 2594 quantum
1705 2550 1743 2582 ad
1763 2549 1874 2581 missas

1143 2606 1269 2646 attinet,
1296 2605 1392 2639 etiam
1416 2616 1434 2638 a
1458 2604 1678 2638 sacerdotibus
1707 2603 1745 2636 ad
1771 2603 1875 2636 eccle-

1913 557 2004 576 ΓΗΙΙΙΙΩῚ
2031 564 2060 577 ιη.
