2279 3260
137 247 191 274 An.
207 245 235 272 C.
258 245 326 273 ¹670

167 983 264 1004 Extunsio
274 988 322 1003 con·

139 1011 242 1029 emimus
248 1009 273 1029 dn
280 1014 322 1035 qu:

139 1037 163 1059 iu¹
175 1037 268 1056 rubrica.

331 292 489 325 indultum
516 291 692 323 elementer
723 289 930 333 ampliando,
962 289 1013 321 die
1039 299 1068 321 ix

330 343 513 378 novembris
543 343 686 375 eiusdem
712 343 786 375 anni
816 352 972 381 nnmmx,
998 341 1068 373 uni-

329 407 423 429 verso
443 395 599 428 saeculari
625 400 657 427 et
678 394 817 437 regulari
843 395 929 427 clero
948 394 1068 426 utrius-

330 459 392 491 que
418 459 513 480 sexus
539 448 572 480 in
598 447 748 480 omnibus
767 446 997 489 augustissimo
1015 446 1068 478 im-

328 499 484 543 peratori,
512 499 581 541 regi
608 499 782 539 catholico,
812 498 987 541 domuique
1009 498 1068 530 Au-

329 553 462 585 striarae
482 552 636 584 subiectis
653 551 855 594 regionibus,
878 551 1065 594 provinciis,

330 605 440 647 regnis
476 610 570 648 atque
603 604 757 637 dominiis
787 603 892 637 ubivis
924 605 1067 636 locorum

330 658 507 691 constituto
532 662 668 700 paterne
693 657 854 691 concessit
883 663 918 689 ut
949 667 1065 700 supra,

331 711 415 754 quod
442 721 558 754 nempe
584 710 719 753 singulis
744 710 836 743 annis
854 710 904 742 die
922 720 992 743 xxvi
1014 720 1068 742 au-

331 762 414 804 gusti
440 762 604 806 perpetuis
630 763 745 795 suturis
770 763 973 806 temporibus
1006 762 1066 794 sub

330 815 478 857 praefato
504 815 567 847 ritu
593 814 714 857 duplici
745 814 901 847 recitetur
926 813 1066 846 officium

331 872 363 899 et
398 867 581 900 celebretur
616 866 711 900 missa
748 867 787 900 de
823 866 935 899 eadem
974 866 1067 898 beuta

332 918 428 951 Rosa.

376 970 391 1013 ἓ
408 970 439 1003 3.
461 970 562 1003 Porro
579 970 632 1003 SS.
652 970 688 1002 D.
707 970 743 1003 N.
767 970 914 1003 Clemens
927 970 1012 1012 Papa
1032 970 1066 1009 X,

333 1022 445 1054 habita
470 1023 595 1065 pariter
626 1023 740 1055 notitia
771 1022 950 1055 eommunis
982 1022 1067 1055 illius

334 1074 526 1114 devotionis,
552 1085 614 1117 qua
644 1075 739 1107 totius
769 1075 860 1117 regni
894 1075 1066 1114 Poloniae,

332 1127 441 1168 magni
458 1127 591 1158 ducatus
605 1127 805 1166 Lithuaniae,
821 1127 978 1159 ditionum
994 1127 1069 1159 Rus-

332 1180 398 1212 siae
416 1184 511 1222 atque
529 1179 713 1220 Borussiae,
745 1179 943 1223 aliarumque
965 1179 1068 1212 dietae

334 1241 474 1264 coronae
510 1231 710 1263 subditamm
746 1233 916 1274 regionum
955 1231 1068 1264 fideles

331 1283 537 1323 venerationi
558 1283 702 1316 eiusdem
728 1283 762 1316 B.
790 1283 894 1316 Rosae
925 1284 1070 1316 afficiun-

332 1341 394 1376 tur,
418 1336 579 1368 instantiis
593 1336 838 1368 eminentissimi
861 1337 982 1370 domini
1008 1347 1071 1369 car-

333 1388 450 1421 dinalis
464 1387 567 1420 Ursini
588 1393 747 1428 exoratus,
766 1388 847 1420 illud
865 1388 969 1431 ipsum
984 1399 1071 1431 prae-

334 1440 520 1473 decessoris
558 1440 605 1472 sui
641 1440 800 1473 indultum
839 1441 1070 1483 benignissime

335 1494 482 1526 extendit
506 1494 544 1526 ad
563 1493 750 1526 universum
767 1493 889 1537 pariter
904 1494 1071 1538 utriusque

335 1558 430 1580 sexus
458 1552 521 1579 tam
545 1548 745 1580 saecularem
771 1558 864 1590 quam
889 1548 1072 1589 regularem

336 1601 458 1632 clerum
482 1600 648 1640 roloniae,
675 1599 882 1641 Lithuaniae‚
916 1601 1069 1643 Rmsiue,

332 1652 519 1700 Bornssiae,
533 1658 779 1695 ceterorumque
800 1653 1015 1686 dominiorum
1033 1655 1071 1687 ad

336 1705 490 1738 Poloniae
510 1715 662 1738 eoronam
688 1706 938 1749 pertinentium
965 1718 1073 1740 conce-

339 1758 418 1790 dens
443 1758 548 1791 eidem
573 1758 804 1792 universaliter
841 1759 928 1792 etin
957 1771 1074 1804 perpe-

338 1816 428 1843 tuum
458 1811 542 1854 quod
573 1810 745 1853 quotannis
772 1812 823 1844 die
851 1823 923 1846 xxvt
949 1814 1072 1855 augusti

339 1864 400 1896 sub
419 1863 481 1895 ritu
503 1863 622 1906 duplici
640 1870 775 1906 peragat
797 1864 935 1896 officium
953 1870 985 1897 et
1001 1866 1074 1898 mis-

339 1926 405 1949 sam
430 1916 469 1948 de
495 1916 527 1948 B.
553 1915 637 1949 Rosa
662 1927 679 1949 a
703 1916 733 1949 S.
750 1916 845 1948 Maria
865 1917 953 1950 iuxta
973 1918 1076 1950 rubri-

340 1979 392 2002 cas
416 1969 554 2002 missalis
578 1975 609 2002 et
637 1970 789 2002 breviarii
825 1970 964 2003 romani.
1001 1971 1075 2009 Qui-

339 2021 539 2065 buscumque
564 2022 597 2054 in
623 2023 818 2055 contrarium
847 2034 912 2056 non
945 2024 1076 2057 ob-tan-

341 2074 439 2107 tibus.
467 2075 532 2107 Hac
558 2075 608 2107 die
634 2085 705 2108 xxvi
730 2075 809 2108 iuliii
835 2086 952 2109 nnctx.

384 2135 424 2168 M.
452 2135 550 2178 episc.
578 2135 763 2169 portuensis
789 2137 877 2169 card.
904 2136 1073 2171 ommes.

429 2197 512 2229 Loco
537 2199 559 2237 -l-
584 2197 681 2239 sigilli

536 2259 762 2293 Bnnmnnmus
776 2260 925 2293 CASAtirs

394 2320 502 2343 sacrae
526 2311 645 2343 rituum
671 2322 824 2354 congreg.
851 2313 1052 2345 secretarius.

666 2469 757 2502 XVII.

348 2547 555 2591 Confirmatio
576 2548 746 2592 privileyii
770 2549 883 2582 Leonis
910 2550 942 2583 X
971 2551 1080 2593 favore

391 2601 655 2647 Conqreyalionis
674 2604 885 2636 eremitarum
905 2603 1078 2638 Camaldu-

953 241 1096 265 CLEMENS
1118 242 1137 264 Χ
1161 242 1209 264 Pr.

1154 288 1292 321 lensium
1329 288 1605 328 Montiscoronae‚
1636 294 1694 329 ul,
1728 289 1843 322 invitis

1152 341 1320 373 monachis
1343 352 1399 374 seu
1423 343 1577 377 eremitis,
1604 343 1637 373 in
1664 352 1771 373 vorum
1798 351 1845 373 ec-

1152 393 1256 425 classis
1280 394 1419 436 episcopi
1445 394 1584 425 locorum
1605 393 1778 426 Ordinarii
1795 393 1845 426 di-

1152 446 1230 477 vina
1253 445 1409 478 celebrare
1434 456 1498 477 non
1519 445 1678 488 possintss

1334 533 1468 559 Giemens
1488 533 1566 566 Papa
1586 533 1624 565 X,

1232 577 1268 603 ad
1284 581 1457 611 perpetuam
1477 577 1520 603 rei
1536 577 1715 603 memoriam.

1152 656 1297 689 iniuncta
1322 656 1415 688 nobis
1441 655 1593 688 divinitus
1611 654 1785 698 pastoralis
1803 655 1845 688 os·
1881 667 2022 688 Prooemium.

1109 708 1170 740 sicii
1195 709 1276 740 ratio
1300 710 1452 751 postulat,
1472 714 1515 747 ut,
1535 713 1701 750 paternum
1720 707 1845 749 religio-

1109 772 1219 794 sorum
1244 763 1395 801 virorum,
1418 773 1529 795 eorum
1555 761 1753 804 praesertim,
1781 762 1844 804 qui,

1109 825 1125 846 a
1149 815 1268 847 saeculi
1293 815 1397 847 turbis
1422 815 1519 856 longe
1540 814 1667 854 remoti,
1692 819 1767 846 vota
1791 824 1847 846 sua

1110 867 1274 899 Altissimo
1292 872 1399 899 mente
1423 867 1531 909 quieta
1554 871 1586 898 et
1605 866 1644 898 ad
1665 866 1765 899 Deum
1786 876 1846 909 per

1111 918 1393 961 contemplationis
1411 918 1641 951 sublimitatem
1657 924 1752 961 atque
1775 929 1846 950 sua-

1112 970 1241 1003 vitatem
1261 971 1384 1002 elevata
1401 971 1538 1003 reddere
1558 976 1716 1012 satagunt,
1735 981 1845 1003 curam

1111 1027 1273 1064 gerentes,
1296 1032 1345 1061 ea,
1370 1032 1451 1065 quae
1476 1032 1493 1053 a
1511 1022 1664 1055 Romanis
1684 1022 1847 1055 Pontifici-

1111 1075 1168 1107 bus
1193 1074 1497 1117 praedecessoribus
1523 1075 1641 1107 nostris
1666 1075 1704 1107 ad
1738 1075 1848 1108 conso-

1112 1127 1247 1159 vendam
1260 1126 1443 1169 religiosam
1455 1137 1567 1159 eorum
1578 1126 1847 1169 tranquillitatem

1111 1179 1162 1222 pie
1188 1179 1386 1222 provideque
1411 1189 1567 1211 concessa
1606 1189 1675 1211 esse
1708 1189 1848 1212 noscun-

1114 1238 1175 1272 tur,
1200 1242 1262 1274 quo
1286 1230 1406 1264 firmius
1431 1231 1631 1274 solidiusque
1653 1236 1847 1275 perennent,

1112 1284 1279 1328 apostolici
1314 1284 1500 1317 muniminis
1541 1283 1644 1317 nostri
1685 1284 1847 1327 praesidio

1114 1337 1366 1370 costabiliamus.

1156 1391 1170 1434 ἓ
1206 1391 1237 1423 1.
1271 1389 1393 1434 Exponi
1430 1389 1591 1433 siquidem
1623 1389 1716 1423 nobis
1745 1400 1849 1433 nuper

1116 1443 1190 1476 fecit
1213 1443 1349 1476 dilectus
1378 1442 1462 1475 silius
1480 1448 1671 1486 procurator
1688 1443 1849 1486 generalis

1115 1495 1381 1538 Congregationis
1400 1495 1611 1528 eremitarum
1629 1495 1850 1528 Camaldulen-

1114 1548 1195 1580 sium
1218 1548 1485 1589 Montiscoronae,
1502 1548 1587 1590 quod
1608 1548 1728 1581 dudum
1746 1547 1848 1580 felicis

1116 1599 1353 1633 reeordationis
1370 1600 1434 1633 Leo
1455 1600 1539 1643 Papa
1557 1601 1590 1640 X,
1614 1600 1850 1643 praedecessor

1116 1657 1234 1692 noster,
1250 1652 1354 1685 eidem
1371 1652 1621 1695 Congregationi
1641 1652 1849 1695 privilegium

1116 1705 1282 1745 concessit,
1297 1711 1339 1745 ut,
1355 1705 1461 1738 invitis
1476 1706 1574 1748 ipsius
1585 1705 1850 1748 Congregatoinis

1116 1758 1283 1791 monachis
1308 1769 1364 1790 seu
1390 1758 1541 1798 eremitis,
1563 1758 1595 1790 in
1622 1769 1735 1791 eorum
1752 1759 1853 1791 ecele-

1117 1811 1170 1843 siis
1201 1810 1348 1854 episcopi
1384 1811 1532 1843 locorum
1557 1810 1717 1843 Ordinarii
1743 1810 1852 1843 divina

1118 1863 1284 1896 celebrare
1303 1873 1369 1895 non
1394 1869 1544 1906 possent·,
1571 1863 1742 1907 ipsumque
1760 1863 1854 1907 privi-

1119 1917 1237 1959 legium
1262 1918 1324 1948 unzi
1349 1926 1420 1948 cum
1442 1916 1559 1948 ceteris
1592 1916 1737 1949 eiusdem
1771 1915 1854 1948 Con-

1119 1969 1312 2013 gregationis
1333 1969 1511 2012 privilegiis
1540 1970 1662 2013 pluries
1683 1980 1700 2002 a
1719 1968 1854 2002 diversis

1120 2023 1269 2056 Romanis
1306 2022 1514 2055 Pontificibus
1551 2022 1856 2066 praedecessoribus

1121 2076 1238 2108 nostris
1264 2080 1295 2107 et
1319 2075 1493 2108 novissime
1522 2086 1539 2108 a
1566 2076 1762 2108 recolendae
1788 2086 1857 2108 ine-

1120 2128 1240 2160 moriae
1255 2127 1419 2160 Clemente
1438 2128 1522 2170 Papa
1539 2128 1586 2168 lx,
1606 2133 1693 2160 motu
1712 2127 1856 2171 proprio,

1120 2191 1178 2223 per
1202 2181 1357 2223 quasdam
1376 2191 1449 2213 suas
1470 2181 1521 2213 die
1541 2191 1593 2213 xix
1616 2180 1685 2212 iulii
1717 2189 1857 2213 unctiux

1121 2233 1287 2277 expeditas
1314 2233 1453 2273 litteras,
1481 2234 1703 2266 confirmatum
1729 2233 1800 2265 suit.

1164 2286 1179 2328 g
1202 2285 1233 2317 2.
1260 2285 1338 2318 Cum
1363 2291 1479 2325 autem,
1507 2285 1599 2317 sicuti
1625 2286 1737 2318 eadem
1762 2296 1856 2328 expo-

1122 2339 1195 2371 sitio
1210 2338 1436 2381 subiungebat,
1455 2338 1659 2382 privilegium
1677 2339 1856 2381 praefatum

1123 2393 1225 2425 dietae
1253 2392 1502 2434 congregationi
1531 2392 1568 2424 ad
1603 2392 1856 2424 conservandum

1122 2446 1154 2477 in
1179 2447 1217 2477 ea
1236 2445 1422 2477 solitudinis
1440 2450 1534 2487 atque
1560 2444 1678 2477 silentii
1708 2444 1857 2487 spiritum

1122 2498 1260 2531 maxime
1285 2498 1326 2530 sit
1350 2498 1589 2538 necessarium,
1615 2503 1739 2530 attento
1771 2496 1858 2540 quod

1160 2612 1168 2639 1
1193 2611 1267 2644 Quae
1287 2611 1418 2640 hactenus
1438 2612 1567 2648 impressa
1587 2619 1637 2638 non
1658 2610 1717 2638 fuit.

1762 231 1804 265 69
1849 241 1903 267 An.
1922 239 1952 267 c.
1970 238 2037 267 mo

1884 1398 2025 1424 supplicatio.

1888 2294 1957 2314 Ctusa
1968 2292 2050 2313 iudum.
