2279 3260
942 241 1041 265 mrim
1067 240 1171 264 amium
1723 230 1781 263 7⁶21

289 294 420 329 parochi
444 303 508 327 non
533 299 666 337 possunt
691 294 762 336 plus
788 294 953 338 percipere
979 293 1018 325 ab
1042 291 1232 326 haeredibus
1265 302 1323 335 pro
1348 291 1505 325 defunctis
1540 292 1596 334 qui
1632 292 1832 335 sepeliuntur

376 349 407 380 in
432 345 574 380 ecclesiis
599 346 731 379 fratrum
758 346 916 380 Minorum
942 346 982 380 de
1007 344 1223 381 Observantia,
1248 354 1343 388 quam
1361 345 1393 377 in
1414 344 1588 387 parochiali
1610 345 1657 378 vel
1675 345 1735 379 alia
1753 345 1830 379 cleri

376 399 527 433 secularis
553 398 698 439 ccclesia,
725 398 789 432 298
815 400 832 431 b
857 405 886 433 et
910 410 995 442 sequ,
1020 397 1151 442 parochi
1176 407 1241 430 non
1266 402 1400 440 possunt
1416 406 1449 429 se
1463 396 1678 432 intromittere
1701 399 1733 431 in
1759 400 1831 431 sun-

377 451 538 485 ctionibns
567 451 716 483 funerum
741 461 837 495 super
861 451 1014 484 cadavera
1038 450 1264 483 defunctorum
1288 450 1320 482 in
1344 449 1540 493 regularium
1566 451 1709 484 ecclesiis
1734 462 1832 495 sepc-

378 503 557 537 liendorum
583 503 783 544 exercendis,
799 504 863 538 300
887 515 905 537 a
930 510 960 538 et
977 515 1062 546 seq.;
1087 503 1218 547 parochi
1238 502 1430 536 associantes
1454 502 1606 536 cadavera
1624 504 1662 536 ad
1684 505 1832 538 ecclesias

376 556 573 600 regularium
591 566 656 589 non
681 557 915 600 ingrediantur,
941 557 994 590 sed
1012 556 1180 594 dimittant
1205 566 1240 589 ea
1266 556 1305 588 ad
1330 556 1442 589 ianuas
1467 555 1629 595 ecclesiae,
1655 555 1750 594 ibid.;
1777 567 1832 598 pa-

376 610 465 644 rochi
481 610 523 643 ita
538 609 736 643 dimittentes
757 609 911 643 cadavera
929 611 968 643 ad
986 610 1098 643 ianuas
1118 608 1324 642 ecclesiarum
1343 618 1379 641 ea
1396 614 1529 651 possunt
1542 608 1735 648 benedicere,
1749 609 1829 642 ibid.

378 663 508 706 parochi
532 662 572 695 ab
598 663 710 696 eodem
736 662 897 705 ingressu,
924 669 954 695 et
979 661 1216 701 functionibus,
1238 667 1268 694 et
1292 660 1405 693 maiori
1442 661 1603 694 solutione
1627 661 1833 705 percipienda

377 717 537 750 abstinere
562 716 692 755 dehent,
708 715 832 749 etiamsi
858 716 1013 748 cadavera
1030 716 1068 748 ad
1088 714 1236 748 ecclesias
1254 713 1419 747 Societatis
1435 714 1506 747 lesu
1521 713 1793 754 deferantur‚3⁶28
1814 714 1832 746 b

379 776 409 803 et
433 780 512 812 seq.;
537 769 669 812 parochi
694 768 725 801 in
751 768 856 811 regnis
880 768 1032 801 Castellae
1056 774 1086 801 et
1112 768 1257 811 Legionis
1283 768 1476 801 associantes
1500 768 1651 801 cadavera
1675 768 1708 801 in
1732 768 1832 802 cccle-

377 821 437 855 sias
462 821 658 865 regularium
683 827 817 864 possunt
842 820 967 863 ingredi
994 827 1025 854 et
1049 821 1110 854 alia
1135 820 1246 853 munia
1267 820 1368 859 obire,
1394 820 1459 853 4⁶25
1483 832 1503 853 α
1527 827 1559 854 et
1583 821 1611 854 b.

288 874 503 907 patriarcham
528 874 761 907 Antiochenam
794 873 848 916 qui
875 873 1035 907 lethaliter
1066 873 1294 913 vulnerarunt,
1325 873 1527 906 declarantur
1551 875 1831 915 excommunicati,

376 927 539 971 campanis
562 927 697 970 pulsatis
719 933 752 959 ct
776 926 917 960 candelis
941 927 1083 960 accensis
1107 926 1141 959 in
1167 925 1318 959 omnibus
1342 926 1488 959 ecclesiis
1506 926 1613 966 Urbis,
1632 927 1765 970 eiusque
1786 927 1832 960 di·
1854 945 1857 947 ·

377 980 520 1019 strictus,
547 979 611 1012 373
637 991 657 1012 (ι
682 986 712 1013 et
737 990 802 1022 seq.

288 1033 376 1066 Pauli
404 1033 467 1075 (S.)
491 1032 586 1075 primi
611 1032 762 1065 eremitae
787 1032 913 1071 fratres,
941 1032 1012 1064 viclo
1036 1031 1132 1064 Ordo.

288 1087 370 1119 Petri
388 1085 447 1128 (S.)
464 1084 598 1118 Nolasco
615 1084 666 1116 die
683 1085 762 1117 sesto
776 1083 976 1127 indulgentia
992 1084 1135 1127 plenaria
1152 1083 1186 1116 in
1203 1084 1343 1117 ecclesiis
1367 1084 1414 1117 sui
1442 1085 1579 1126 Ordinis,
1606 1085 1671 1119 462
1692 1087 1709 1118 b
1727 1092 1756 1119 et
1772 1098 1833 1130 seq.

288 1139 398 1170 Petrus
411 1137 475 1180 (S.)
491 1137 530 1170 de
554 1137 721 1170 Alcautara
746 1142 840 1169 natus
854 1143 901 1169 est
916 1136 1102 1170 Alcantarae
1119 1136 1151 1169 in
1165 1137 1312 1169 Baeturia
1336 1147 1422 1170 anno
1442 1146 1590 1178 atcnxclx,
1610 1139 1630 1170 ⁶3
1648 1150 1682 1179 a,
1701 1139 1834 1174 virtutes

377 1196 406 1222 et
419 1190 483 1223 vita
496 1189 598 1232 ipsius
619 1195 836 1229 recensentur,
856 1189 954 1230 ibid.;
968 1199 1083 1222 novam
1103 1189 1230 1223 Ordinis
1242 1188 1397 1222 Minorum
1411 1191 1831 1234 reformationeminstituit,

377 1243 587 1286 eiusdemque
604 1253 621 1275 a
638 1243 738 1275 Paulo
764 1242 800 1275 lv
821 1243 1060 1276 commissarius
1085 1242 1244 1285 generalis
1269 1243 1410 1285 eligitur,
1439 1243 1461 1275 4
1486 1243 1523 1283 b,
1549 1243 1581 1276 in
1606 1245 1834 1279 reformatione

378 1295 622 1329 Carmelitarum
653 1295 684 1328 S.
709 1296 867 1328 Teresiam
899 1295 1033 1335 adiuvit,
1058 1295 1154 1335 z‘bitl.;
1177 1295 1330 1328 miracula
1355 1296 1454 1339 ipsius
1480 1297 1684 1338 referuntur,
1711 1298 1731 1330 5
1756 1309 1775 1330 a
1805 1305 1836 1332 et

379 1359 454 1391 seq.·,
479 1358 544 1381 non
569 1349 675 1381 iacens
691 1375 698 1388 ,
722 1349 777 1382 sed
802 1349 833 1381 in
858 1358 963 1390 genua
988 1354 1111 1382 erectus
1137 1348 1273 1381 moritur
1297 1358 1380 1381 anno
1406 1358 1527 1388 riann,
1562 1350 1674 1383 aetatis
1698 1360 1836 1394 sexage-

378 1403 458 1435 simo
483 1403 587 1442 tertio,
613 1402 709 1439 ibal.;
735 1403 822 1435 Beati
848 1402 940 1435 titulo
966 1401 1139 1445 insignitur
1163 1412 1181 1433 a
1207 1401 1361 1444 Gregorio
1388 1400 1439 1433 XV
1465 1411 1610 1442 MDcxxn,
1641 1402 1659 1435 7
1686 1403 1723 1443 b;
1749 1403 1835 1437 San-

379 1461 503 1488 ctorum
531 1455 603 1487 albo
629 1455 821 1487 adscribitur
845 1466 862 1487 a
888 1455 1046 1488 Clemente
1070 1455 1121 1494 lx,
1148 1456 1167 1485 0
1194 1465 1232 1492 (13
1257 1454 1506 1487 canonizationis
1531 1455 1655 1488 Bullam
1678 1457 1836 1500 expedivit

377 1508 520 1541 Clemens
547 1509 583 1548 X,
610 1508 629 1541 0
657 1508 684 1540 b.

290 1562 401 1594 Petrus
419 1561 477 1603 (S.)
492 1561 681 1594 Paschasius
699 1561 868 1604 episcopus
887 1561 1072 1595 Gicnnensis
1086 1568 1117 1594 et
1131 1567 1253 1604 martyr
1272 1559 1398 1593 Ordinis
1412 1560 1446 1592 B.
1460 1561 1547 1594 M.de
1564 1561 1718 1602 Mercede,
1737 1562 1778 1596 78
1797 1574 1834 1604 a,

378 1614 534 1646 sententia
560 1613 717 1646 Ordinarii
744 1614 935 1647 Giennensis
960 1625 1057 1657 super
1082 1614 1169 1647 cultu
1195 1614 1235 1646 ab
1259 1613 1506 1646 immemorabili
1538 1614 1597 1657 ipsi
1623 1615 1764 1649 exhibito
1788 1627 1836 1650 re-

380 1667 491 1706 fertur,
520 1665 560 1698 78
586 1667 623 1706 b;
650 1672 680 1699 et
703 1666 934 1708 confirmatur,
963 1667 1004 1699 79
1029 1678 1048 1700 α
1073 1673 1104 1700 et
1129 1667 1166 1706 b;
1192 1666 1288 1699 huius
1319 1667 1420 1699 sancti
1445 1666 1602 1709 imagines
1626 1678 1699 1701 cum
1724 1679 1836 1703 eorum

381 1719 492 1752 habitu
522 1719 664 1762 depictas
689 1729 755 1752 non
780 1719 853 1753 licet
876 1720 994 1754 habere
1019 1720 1170 1753 fratribus
1196 1719 1250 1752 SS.
1270 1719 1433 1752 Trinitatis
1451 1720 1679 1764 redemptionis
1695 1723 1835 1765 captivo-

378 1784 464 1812 rum,
491 1772 554 1806 578
579 1772 595 1805 b
621 1779 651 1806 et
675 1784 736 1816 seq.

290 1826 401 1859 Petrus
426 1826 597 1859 cardinalis
630 1825 810 1859 Ottobonus
843 1826 970 1860 Ordinis
1005 1828 1138 1859 fratrum
1170 1826 1202 1858 B.
1229 1825 1344 1858 Mariae
1369 1826 1407 1859 de
1433 1825 1578 1860 Mercede
1604 1827 1835 1871 redemptionis

377 1880 576 1923 captivorum
602 1885 775 1922 protector,
802 1878 866 1912 550
891 1879 919 1911 b.

288 1932 399 1965 Petrus
425 1932 464 1965 de
490 1932 659 1965 Consentia
684 1939 875 1975 procurator
900 1932 1056 1976 generalis
1083 1941 1138 1965 seu
1163 1933 1285 1965 zelosus
1310 1931 1438 1965 Ordinis
1463 1932 1599 1966 fratrum
1624 1933 1654 1967 S.
1673 1934 1835 1969 Francisci

377 1984 416 2017 de
440 1984 539 2017 Paula
564 1984 780 2025 Minimorum,
807 1985 847 2018 76
872 1996 902 2018 a.

286 2038 400 2071 Petrus
425 2038 465 2071 de
489 2037 630 2081 Segorbe
655 2045 685 2071 et
710 2038 866 2078 Carnona,
894 2040 982 2082 regni
1008 2038 1139 2081 Neapoli
1164 2047 1291 2082 prorex,
1318 2037 1382 2071 -109
1408 2048 1443 2075 a3
1468 2037 1534 2072 ’154
1558 2050 1588 2072 α.

287 2092 398 2124 Petrus
423 2090 593 2134 episcopus
619 2091 813 2135 Berytensis,
838 2091 904 2123 444
928 2103 959 2133 ιι,
988 2091 1052 2124 400
1079 2092 1095 2123 b
1121 2098 1151 2124 et
1175 2102 1235 2134 seq.

288 2144 401 2177 Petrus
424 2144 557 2178 Mercier
579 2144 727 2177 minister
754 2144 913 2187 generalis
944 2144 1071 2178 Ordinis
1096 2144 1149 2178 SS.
1175 2144 1340 2177 Trinitatis
1365 2144 1598 2187 redemptionis
1623 2146 1834 2189 captivorum,

378 2196 441 2230 '390
465 2208 503 2237 α·,
528 2196 593 2231 408
614 2197 640 2230 b.

289 2250 399 2283 Petrus
427 2251 576 2294 princeps
600 2250 799 2294 gubernator
823 2261 997 2295 regnorum
1023 2250 1237 2294 Portugaltiae
1262 2255 1293 2283 et
1317 2250 1558 2294 Algarbiorum,
1581 2251 1646 2284 145
1671 2262 1701 2285 α.

289 2302 614 2346 Pharmacopolarum
639 2304 732 2337 Urbis
757 2305 828 2337 lites
855 2314 951 2348 super
976 2304 1056 2337 taxis
1081 2313 1189 2337 rerum
1214 2304 1252 2337 ad
1279 2305 1363 2348 ipsos
1388 2304 1602 2348 spectantium
1635 2305 1836 2339 sustinentur

378 2366 414 2387 ex
440 2355 570 2389 adverso
600 2367 618 2390 a
641 2357 862 2400 protomedico
896 2363 925 2390 et
957 2357 1091 2400 collegio
1124 2357 1324 2391 medloorum
1356 2357 1507 2401 impensis
1541 2356 1693 2391 Gamerae
1717 2357 1833 2398 Urbis,

379 2407 441 2441 507
468 2419 487 2440 α
512 2414 541 2441 et
567 2419 629 2452 seq.

288 2461 453 2506 Philippus
467 2461 528 2504 (S.)
544 2461 685 2496 Benitius
710 2463 836 2496 Ordinis
863 2463 1032 2497 Servorum
1057 2463 1090 2498 B.
1107 2463 1148 2496 M.
1177 2463 1209 2495 V.
1236 2469 1441 2507 propagator,
1465 2463 1658 2497 Sanctorum
1682 2464 1754 2497 albo
1779 2464 1834 2497 ad-

377 2514 541 2555 scribitur,
569 2513 634 2547 373
660 2515 688 2547 b.

290 2568 455 2611 Philippus
483 2577 501 2599 a
524 2567 593 2600 Iesu
618 2575 809 2610 procurator
835 2569 990 2612 generalis
1017 2569 1144 2603 Ordinis
1168 2568 1220 2604 SS.
1246 2569 1408 2602 Trinitatis
1432 2568 1664 2612 redemptionis
1689 2568 1835 2612 captivo-

379 2631 463 2661 rum,
490 2619 555 2654 409
579 2631 609 2653 α.

433 2682 511 2709 ΒυΖΖ.
528 2682 611 2708 Rom.
629 2696 661 2700 -
682 2683 740 2709 Vol.
759 2683 865 2711 XVIII.
1012 2686 1041 2711 91
