2279 3260
123 247 173 275 Αη.
188 247 218 275 C.
239 248 310 276 1676

942 251 1085 277 CLEMENS
1106 251 1125 276 X
1149 252 1199 277 1³1³.

312 307 369 331 vae
395 300 494 342 partis
520 301 631 333 horae.
659 300 715 339 Qui
741 305 846 333 autom
872 300 1052 333 communi-

313 353 371 385 tati
398 359 472 386 tunc
496 354 609 387 adesse
635 354 827 397 nequiverit,
854 354 1050 397 ubicumque

314 406 422 448 suerit,
449 407 561 440 cadem
587 407 668 440 liora
696 406 789 439 saciet
814 418 961 440 examen.

358 469 400 492 1v.
427 459 580 493 Omnibus
614 460 701 493 seriis
732 461 882 493 secundis
899 487 906 499 ,
931 458 1051 503 quartis

317 516 348 545 et
371 511 468 544 sextis
494 512 591 545 totius
609 512 693 553 anui,
711 518 786 556 post
805 512 1050 556 completorium

314 564 366 596 vel
391 568 465 606 post
490 574 624 597 examen
646 570 851 605 nocturnum,
872 563 1051 597 communis

316 615 372 649 fiat
395 617 579 659 flagellatio,
598 622 628 649 01
646 618 765 650 tamdiu
787 618 882 650 duret
898 615 1051 660 quamdiu

317 673 463 702 cantetur
487 671 629 712 psalmus
647 670 806 709 Miserere,
825 674 889 709 etc„
907 680 980 702 cum
999 679 1054 700 au-

317 721 462 764 tiphona,
487 723 633 755 versibus
659 728 689 755 ct
713 722 912 755 orationibus
928 721 961 753 in
978 731 1052 753 nos-

317 778 368 806 tro
392 775 617 808 caeremoniali
644 775 827 817 assignatis.
846 774 1054 817 Excipiuntur

317 826 427 869 vigilia
455 832 485 860 et
516 827 584 860 dics
615 827 793 860 Nativitatis
818 827 946 860 Domini
981 836 1052 858 cum

317 879 420 913 tribus
438 880 625 914 immediate
638 881 859 924 sequentibus,
878 880 946 913 dies
959 879 1053 912 etiam

320 932 522 976 vespertinus
547 939 579 966 et
603 933 670 966 dies
697 933 765 976 ipse
782 931 1052 971 Circumcisionis,

318 995 445 1018 necnon
470 986 579 1028 vigilia
603 991 634 1018 et
658 986 727 1018 dies
751 985 819 1028 ipsa
842 983 1052 1028 Epiphaniae,

320 1037 388 1071 dies
412 1038 590 1080 vespertini
624 1043 655 1070 et
686 1037 754 1070 dies
785 1036 845 1080 ipsi
870 1041 1053 1069 sanctorum

318 1090 572 1133 patriarcharum
597 1095 781 1124 nostrorum
803 1089 928 1122 loannis
954 1094 985 1122 et
999 1089 1055 1121 Fe-

317 1143 398 1184 licis,
419 1154 456 1176 ac
480 1144 621 1187 denique
638 1144 718 1176 seria
738 1143 880 1177 secunda
896 1143 1051 1182 Paschae,

319 1195 465 1240 seriaque
490 1197 630 1230 secunda
654 1197 868 1230 Pentecostes.
894 1196 925 1228 Si
950 1200 1054 1228 autem

319 1249 353 1283 in
379 1250 573 1293 supradictis
591 1250 678 1284 seriis
695 1250 822 1283 venerit
842 1250 987 1283 solemne
1013 1250 1056 1281 se-

320 1308 415 1343 stam,
433 1305 554 1347 poterit
570 1305 603 1337 in
621 1304 823 1337 antecedenti
840 1305 889 1337 vel
908 1303 1054 1346 sequenti

321 1357 396 1397 die,
422 1357 471 1389 vel
502 1357 533 1389 in
558 1357 629 1400 ipso
657 1358 737 1390 sesto
762 1362 836 1400 post
863 1355 1054 1388 matutinum

319 1409 392 1443 fieri
416 1410 606 1452 flagellatio.
634 1410 720 1448 Quae
741 1410 873 1454 quidem
895 1409 949 1442 [iat
972 1409 1003 1441 in
1022 1420 1056 1442 o-

320 1462 449 1497 mnibus
465 1463 552 1496 seriis
568 1463 699 1496 maioris
717 1463 950 1503 hebdomadae,
964 1462 1007 1495 ita
1023 1467 1057 1494 ut

320 1515 401 1549 seria
433 1515 564 1558 quinta,
591 1518 704 1558 quarta
737 1521 769 1548 et.
801 1518 888 1548 sexta
913 1516 1054 1558 psalmus

319 1567 472 1602 Miserere
497 1574 544 1602 ter
569 1574 718 1602 cantetur
741 1569 774 1601 in
800 1569 943 1612 qualibet
962 1568 1057 1601 disci-

320 1621 409 1665 plina
433 1632 504 1654 cum
529 1622 689 1655 versiculo
718 1621 865 1655 Christus
888 1622 992 1664 sactus
1012 1625 1057 1653 est

320 1674 479 1715 obediens,
505 1681 562 1707 ele.
590 1680 622 1708 et
646 1675 793 1708 oratione
820 1675 969 1718 Respice,
997 1678 1052 1707 etc.

319 1733 355 1760 ut
389 1728 422 1760 111
457 1727 562 1761 officio
595 1728 724 1761 illorum
758 1727 901 1769 dierum,
936 1726 1055 1771 fiatque

319 1785 395 1822 post
417 1781 624 1813 matutinum.

362 1844 392 1866 v.
419 1833 536 1866 Omnes
560 1833 705 1876 religiosi
732 1840 795 1866 tam
820 1834 938 1867 subditi
960 1844 1055 1877 quam

318 1886 455 1929 praelati
481 1886 616 1929 singulis
650 1887 742 1919 anuis
775 1887 891 1919 saciant
918 1898 976 1930 per
1001 1887 1055 1919 de-

320 1947 390 1971 cem
417 1939 485 1971 dies
517 1939 668 1971 exercitia
701 1939 881 1982 spiritualia
907 1940 938 1971 111
963 1940 1053 1972 cellis

319 1991 387 2024 suis
416 1992 463 2024 vel
490 1992 521 2023 in
555 1992 663 2035 aliquo
688 1993 760 2025 loco
787 1998 933 2035 separato
959 1993 997 2024 ad
1022 1991 1053 2024 id

319 2044 512 2085 destinat0¹3
532 2055 596 2087 quo
616 2049 762 2088 tempore
780 2056 852 2077 eum
877 2045 1055 2077 commuui-

319 2101 383 2129 tate
408 2099 512 2131 solum
537 2097 688 2131 intersint
713 2098 891 2139 matutino,
917 2099 1053 2142 primae,

319 2151 547 2193 completorio,
575 2152 712 2184 orationi
738 2152 889 2191 mentali,
915 2152 1053 2184 examini

322 2204 546 2245 conscientiae,
574 2205 765 2248 disciplinae
790 2209 821 2239 01
845 2206 1030 2238 refectorio.

320 2308 450 2340 limum
473 2317 564 2339 carm
586 2310 657 2340 XIV.
689 2329 721 2333 —
751 2311 899 2351 Singulis
925 2322 1054 2352 quoque

359 2358 511 2388 noctibus
532 2369 593 2398 pro
615 2363 700 2389 statu
722 2364 753 2389 et
773 2370 853 2400 pace
875 2360 911 2389 S.
934 2361 976 2389 R.
1000 2361 1053 2396 E„

360 2410 422 2436 etc.

319 2482 412 2523 Caput
432 2491 489 2513 xiv.
512 2499 550 2504 ——-
572 2485 610 2514 De
631 2485 775 2524 sacrificiis
789 2491 813 2515 et
830 2486 997 2516 orationibus
1011 2489 1054 2526 fa-

359 2533 462 2561 ciendis
474 2542 525 2570 pro
540 2532 704 2562 emanatione
716 2538 823 2563 sanclm
835 2535 982 2564 catlzolscae
991 2536 1054 2575 fidei

357 2585 383 2610 et
402 2590 453 2620 pro
472 2590 539 2619 pace
562 2583 633 2610 iuter
648 2583 788 2621 principes
809 2583 981 2621 christianos,
1003 2594 1054 2623 pro

355 2640 367 2667 1
390 2638 461 2666 Edit.
478 2638 559 2666 Main.
577 2639 638 2675 legi'
656 2639 800 2668 destinare
813 2644 849 2676 (11.
867 2642 916 2677 1.).

1133 301 1263 340 caplc'rz'S,
1282 301 1506 342 benefactoribus,
1524 306 1548 332 et
1562 302 1676 342 reliquis
1693 302 1830 333 Ecclesiae

1133 350 1347 380 necessitalibus.

1139 417 1158 440 1.
1176 407 1291 441 Stricte
1307 408 1523 452 praecipimus
1543 409 1692 442 omnibus
1710 409 1829 441 nostris

1096 460 1258 503 religiosis
1283 467 1317 493 ut
1340 461 1373 493 in
1392 461 1458 494 suis
1479 462 1657 501 sacrificiis,
1679 461 1832 495 orationi-

1096 512 1164 554 bus,
1189 513 1440 555 conaminibus‘,
1466 519 1497 547 et
1520 514 1590 547 aliis
1610 513 1704 547 bonis
1725 514 1831 557 operi-

1096 566 1165 606 bus,
1181 571 1242 598 tam
1262 566 1292 598 in
1310 567 1471 599 communi
1488 577 1582 611 quam
1597 567 1628 599 iu
1645 566 1830 609 particulari

1096 620 1292 660 exercendis,
1308 620 1408 652 Deum
1434 625 1529 654 orent
1552 631 1612 663 pro
1637 620 1830 653 exaltatione

1096 677 1225 704 sanctae
1251 673 1429 706 catholicae
1455 672 1529 706 fidei
1555 678 1587 706 et
1610 683 1689 716 pace
1715 673 1832 705 Roma-

1097 735 1156 757 nae
1181 724 1357 766 Ecclesiae,
1376 737 1436 769 pro
1452 725 1580 759 Summo
1598 725 1761 767 Pontifice,
1779 736 1832 758 no·

1097 776 1170 809 stris
1195 778 1327 820 regibus
1345 783 1376 811 et
1390 778 1605 821 principibus,
1626 790 1684 822 pro
1700 779 1830 812 domino

1097 830 1253 863 cardinali
1278 836 1463 874 protectore
1483 832 1585 865 nostri
1606 832 1746 873 Ordinis,
1771 842 1830 875 pro

1098 882 1242 916 eiusdem
1272 883 1399 917 Ordinis
1430 885 1674 918 conservatione
1712 890 1744 918 et
1777 896 1833 917 au-

1098 941 1227 977 gmento
1253 937 1424 979 spirituali,
1446 948 1505 981 pro
1522 938 1786 971 benefactoribus
1803 943 1834 971 01

1098 989 1229 1032 captivis
1254 989 1454 1030 christianis,
1481 995 1513 1023 et
1537 991 1604 1031 his,
1629 1002 1688 1034 pro
1718 991 1833 1035 quibus

1098 1042 1291 1075 universalis
1330 1042 1474 1076 Ecclesia
1513 1044 1677 1077 consuevit
1712 1055 1803 1077 orare
1824 1055 1831 1076 :

1098 1095 1283 1138 specialiter
1307 1100 1414 1128 autem
1438 1106 1496 1139 pro
1521 1096 1585 1130 sine
1610 1096 1670 1130 isto
1696 1107 1834 1140 sequen-

1099 1147 1142 1180 tia
1165 1148 1260 1180 fiant:

1143 1211 1177 1234 11.
1193 1200 1504 1243 Singulisnoctibusy
1516 1207 1687 1246 antequam
1701 1203 1739 1235 ad
1754 1213 1835 1236 som*

1100 1264 1174 1286 num
1200 1254 1392 1298 capiendum
1418 1255 1562 1298 religiosi
1587 1266 1619 1288 se
1645 1255 1833 1296 conferant,

1100 1318 1213 1341 omues
1237 1308 1330 1341 simul
1362 1308 1394 1340 in
1429 1309 1566 1342 ecclesia
1591 1310 1641 1342 vel
1677 1309 1709 1342 in
1735 1309 1834 1343 choro

1099 1363 1215 1403 magna
1248 1361 1416 1395 devotione
1452 1362 1590 1396 recitent
1622 1362 1834 1405 antiphonam

1099 1412 1152 1446 SS.
1179 1413 1342 1446 Trinitatis
1368 1414 1540 1447 Benedicta
1564 1415 1606 1447 sil
1623 1419 1745 1456 sancta,
1765 1419 1833 1456 etc„

1100 1476 1170 1498 011111
1197 1477 1287 1499 versu
1314 1472 1345 1499 et
1371 1468 1528 1508 oratione,
1543 1473 1639 1511 prout
1663 1468 1694 1500 111
1719 1473 1833 1501 nostro

1100 1519 1254 1559 manuali,
1280 1525 1310 1552 ct
1327 1519 1417 1552 sinito
1439 1519 1657 1553 conscientiae
1676 1521 1833 1561 examine,

1100 1572 1238 1604 recitent
1267 1572 1415 1605 similiter
1451 1573 1595 1605 litaniam
1636 1574 1834 1606 lauretanam

1099 1624 1316 1658 sanctissimae
1341 1626 1396 1658 Dei
1422 1625 1576 1665 Parentis,
1603 1632 1700 1669 prout
1723 1626 1756 1658 in
1782 1637 1835 1660 eo-

1100 1678 1172 1710 dem
1187 1678 1343 1719 manuali3
1363 1683 1394 1710 et
1415 1679 1479 1722 qui,
1502 1678 1645 1721 legitima
1662 1679 1833 1723 impeditus

1099 1733 1203 1771 causa,
1230 1731 1389 1764 interesse
1415 1732 1443 1764 ei
1466 1741 1531 1765 non
1557 1732 1722 1775 potuerit,
1746 1732 1835 1767 illam

1098 1783 1247 1826 privatim
1271 1784 1395 1817 recitet.

1142 1848 1190 1870 111.
1206 1837 1240 1869 111
1257 1838 1407 1870 omnihus
1425 1838 1572 1871 domibus
1591 1850 1657 1872 non
1675 1840 1834 1883 collegiis,

1098 1890 1237 1922 sabbatis
1257 1890 1353 1923 totius
1371 1891 1459 1932 anni,
1480 1896 1627 1923 cantetur
1643 1892 1739 1925 missa
1757 1893 1835 1926 Bea-

1099 1947 1146 1975 tae
1163 1943 1301 1985 Virginis
1320 1943 1447 1983 Mariae,
1471 1943 1535 1976 illis
1552 1944 1694 1987 exeeptis
1716 1945 1748 1977 in
1766 1945 1835 1988 qui-

1097 1996 1156 2028 bus
1180 1996 1320 2029 occurrit
1345 1996 1406 2029 alia
1431 1998 1529 2030 missa
1554 1999 1698 2032 canenda
1724 2010 1760 2032 ex
1779 1999 1835 2033 de-

1098 2049 1231 2091 signatis
1256 2060 1325 2092 cap.
1348 2060 1391 2090 XI,
1416 2049 1430 2092 ἓ
1454 2050 1482 2090 l,
1510 2061 1542 2083 n.
1568 2061 1612 2092 vl,
1637 2062 1765 2085 necnon
1789 2052 1834 2085 vi—

1099 2103 1171 2144 gilia
1196 2102 1374 2136 Nativitatis
1398 2101 1534 2145 Domini,
1561 2105 1681 2137 octavis
1701 2105 1834 2148 privile-

1098 2156 1211 2198 giatis,
1237 2156 1371 2188 sabbato
1397 2156 1480 2189 infra
1512 2162 1658 2190 octavam
1682 2157 1833 2201 Corporis

1098 2209 1224 2250 Christi,
1251 2214 1282 2241 et
1307 2209 1441 2242 sabbato
1460 2210 1491 2242 in
1517 2221 1579 2253 quo
1605 2210 1761 2244 celebrari
1788 2212 1835 2245 in-

1098 2262 1175 2304 cipit
1192 2262 1368 2305 capitulum
1385 2267 1533 2295 nostrum
1549 2264 1715 2305 generale.
1735 2264 1765 2297 Si
1784 2275 1835 2298 au-

1098 2320 1160 2347 tem
1186 2315 1294 2358 aliquo
1321 2315 1383 2348 alio
1402 2315 1536 2348 sabbato
1562 2317 1738 2350 recurrerit
1754 2317 1834 2351 obli-

1098 2369 1183 2410 gatio
1197 2367 1334 2401 canendi
1356 2368 1433 2401 alias
1450 2368 1562 2401 missas
1579 2379 1639 2411 pro
1657 2369 1833 2411 dotatione,

1098 2421 1200 2454 aliove
1225 2421 1328 2462 titulo,
1343 2421 1408 2454 sive
1430 2421 1580 2464 gratuito,
1600 2422 1665 2455 sive
1683 2433 1833 2465 oneroso,

1097 2484 1162 2507 non
1188 2474 1262 2507 ideo
1287 2474 1467 2507 omittenda
1487 2479 1536 2507 est
1556 2476 1721 2518 praedicta
1737 2477 1834 2510 missa

1097 2526 1317 2560 sanctissimae
1342 2527 1494 2570 Virginis,
1521 2539 1580 2571 pro
1599 2539 1661 2571 qua
1677 2529 1750 2571 (nisi
1770 2530 1834 2563 sue-

1098 2581 1140 2613 rit
1163 2581 1288 2625 dotata)
1315 2581 1515 2624 stipendium
1547 2593 1613 2614 non
1643 2583 1831 2626 recipiatur.

1135 2645 1144 2669 1
1168 2643 1267 2670 Forsan
1287 2644 1537 2671 communionibus
1557 2646 1593 2679 111.
1610 2649 1659 2679 r.)⁶

1728 245 1792 278 629
1838 253 1888 281 An.
1904 253 1932 281 c.
1956 253 2024 280 11110
