2279 3260
190 249 240 275 Λιι.
257 249 285 274 (ῑ,
310 249 376 276 1673
422 242 485 274 4⁶2ss

225 731 322 751 tllniitula
346 731 372 752 ir·

191 760 263 777 rit-ius.

213 1520 287 1539 Ceut-a
293 1525 328 1538 ros
337 1519 373 1539 dn·

191 1549 256 1570 rogat.

382 300 675 342 supplicationibus
701 311 769 333 eius
795 311 923 333 nomine
949 300 1041 333 nobis
1070 310 1119 331 su-

382 362 440 394 per
472 352 534 385 hoe
572 353 739 386 humiliter
774 353 929 396 porrectis
962 351 1118 389 Inclinati,

382 405 547 437 ‹leeretum
573 407 820 448 praeinsertum,
836 406 1023 437 aiu-tmitate
1044 414 1120 446 apo-

382 457 507 497 stoliea,
527 463 637 491 tenore
651 458 878 501 praesentiunt,
899 458 1118 500 approbamus

381 514 412 541 et
437 510 674 549 confirmamus,
694 510 804 552 illique
822 509 1016 542 inviolabilis
1041 518 1120 550 apo-

382 561 511 594 stolieae
533 562 693 594 firmitatis
710 563 810 594 robur
827 562 1014 601 adiiciums,
1034 561 1119 592 salva

385 621 491 647 tamen
517 626 644 658 semper
662 615 693 647 in
718 614 906 657 praemissis
927 614 1118 646 auctoritate

384 669 547 711 praefatae
565 667 832 709 congregationis
857 666 1080 699 cardinalium.

428 722 442 763 ἓ
467 721 497 753 3.
524 721 742 754 Decernentcs
767 720 898 752 easdem
932 724 1120 762 praesentes

385 773 510 805 litteras
546 782 677 815 semper
701 772 816 811 sirmas,
842 772 963 804 validas
989 776 1021 804 et
1046 772 1117 804 esti-

384 836 474 858 caces
492 825 630 857 existere
652 829 682 857 et
700 826 781 864 sore,
801 835 939 867 suosque
957 824 1121 867 plenarios

383 884 411 911 et
437 878 581 919 integros
608 877 738 910 effectus
764 877 869 909 sortiri
900 882 931 909 et
960 876 1118 916 obtinere,

383 942 417 963 ac
442 931 516 970 illis,
534 931 572 962 ad
598 941 677 973 quos
702 935 826 972 spectat
846 935 878 962 et
893 940 953 972 pro
974 935 1121 972 tempore

383 983 553 1026 spectabit,
569 983 600 1014 in
620 983 768 1015 omnibus
793 988 824 1015 et
847 993 907 1025 per
931 982 1037 1014 omnia
1054 983 1121 1024 ple-

384 1036 516 1069 nissime
541 1035 727 1078 suflragari,
751 1040 782 1068 et
807 1036 846 1067 ab
872 1035 917 1067 eis
942 1035 1120 1078 respective

384 1088 616 1121 inviolabiliter
641 1088 803 1121 observari
820 1115 827 1128 ,
846 1088 958 1131 sicque
976 1088 1009 1119 in
1027 1099 1121 1131 prae-

384 1141 490 1174 missis
516 1152 574 1184 per
599 1151 819 1184 quoscumque
845 1141 970 1173 iudices
992 1141 1121 1173 ordina-

383 1196 447 1227 rios
466 1200 497 1228 et
514 1195 691 1237 delegatos,
710 1194 807 1227 etiam
825 1205 992 1227 causarum
1008 1194 1120 1237 palatii

384 1247 554 1291 apostolici
580 1247 751 1287 auditores,
766 1247 901 1280 iudicari
933 1252 965 1279 et
993 1247 1121 1279 definiri

385 1300 504 1333 debere
520 1327 527 1340 ,
550 1310 585 1332 ac
606 1299 731 1331 irritum
753 1304 784 1332 et
801 1299 895 1332 inane
917 1300 941 1331 si
960 1310 1049 1332 secus
1074 1311 1121 1332 su-

383 1363 442 1396 per
473 1352 524 1385 his
548 1363 565 1384 a
590 1363 766 1395 quoquam,
789 1353 900 1395 quavis
918 1353 1119 1391 auctoritate,

384 1405 522 1438 scienter
546 1406 595 1438 vel
613 1405 813 1447 ignoranter,
828 1404 1001 1447 eontigerit
1018 1409 1121 1436 atten-

385 1458 457 1490 tari.

428 1512 442 1554 ἓ
467 1511 498 1543 4.
525 1510 596 1543 Non
633 1511 835 1543 obstantibus
863 1510 1058 1553 praemissis,
1083 1522 1120 1543 ac

384 1563 671 1597 constitutionibus
698 1569 731 1596 et
755 1564 1016 1597 ordinationibus
1047 1575 1120 1607 apo-

383 1616 516 1655 stolicis,
534 1626 672 1656 necnon,
685 1622 844 1659 quatenus
863 1627 954 1659 opus,
964 1616 1004 1649 sit
1017 1617 1121 1649 cuius-

382 1670 427 1702 vis
453 1669 589 1709 Ordinis,
616 1669 883 1712 congregationis,
901 1670 1063 1703 societatis
1089 1676 1120 1703 et

382 1722 531 1762 instituti,
551 1733 586 1755 ae
611 1722 808 1765 provinciae,
829 1724 1027 1762 monasterii,
1049 1734 1120 1756 con-

385 1782 497 1808 ventus
534 1780 566 1807 et
603 1775 742 1817 collegii,
770 1775 880 1808 aliisve
907 1777 1117 1819 quibuslibet,

383 1828 479 1861 etiam
504 1828 696 1867 iuramento,
719 1828 966 1861 confirmatione
992 1835 1120 1872 aposto-

382 1881 451 1919 lica,
478 1881 528 1913 vel
554 1879 664 1923 quavis
689 1880 838 1913 firmitate
864 1881 926 1913 alia
950 1882 1117 1922 roboratis,

383 1933 508 1965 statutis
545 1938 576 1965 et
607 1934 907 1973 consuetudinibus,
940 1935 1118 1977 privilegiis

385 1995 525 2029 quoque,
560 1984 692 2017 indultis
723 1990 754 2017 et
784 1985 901 2018 litteris
933 1987 1119 2029 apostolicis

384 2039 416 2071 in
442 2038 639 2071 contrarium
665 2038 917 2080 praemissorum
942 2042 1120 2082 quomodo-

383 2091 463 2124 libet
479 2090 652 2130 concessis,
673 2090 866 2124 contirmatis
892 2096 923 2124 et
947 2092 1117 2134 innovatis,

384 2144 500 2187 quibus
528 2143 679 2176 omnibus
705 2149 736 2176 et
761 2144 905 2186 singulis,
923 2145 1052 2179 illorum
1079 2153 1120 2180 te-

384 2207 482 2229 nores
508 2195 737 2239 praesentihus
762 2207 821 2239 pro
847 2199 942 2240 plene
975 2205 1007 2232 et
1034 2200 1120 2233 suffi-

965 252 1142 276 numanum
1165 251 1316 277 ROMANtnI

1161 300 1276 331 notarii
1302 301 1422 343 publici
1443 303 1640 345 subscriptis,
1658 307 1688 335 et
1705 302 1810 345 sigillo
1829 312 1896 344 per-

1161 362 1258 385 sonae
1285 353 1315 384 in
1334 354 1551 387 ecclesiastiea
1571 355 1726 397 dignitate
1745 354 1896 388 constitu-

1161 409 1209 437 tae
1235 405 1376 445 niuuitis,
1396 407 1508 438 eadem
1534 418 1668 450 prorsus
1696 408 1775 440 fides
1801 407 1831 439 in
1850 407 1897 439 iu-

1162 457 1246 489 dicio
1280 462 1311 489 et
1344 463 1431 490 extra
1467 458 1547 492 illud
1582 461 1785 500 adhibeatur,
1813 470 1896 503 quae

1161 509 1386 551 praesentibus
1411 510 1488 553 ipsis
1516 512 1727 545 adhiberetur
1749 513 1773 545 si
1794 513 1899 546 forent

1162 561 1324 594 exhibitae
1350 563 1399 594 vel
1425 568 1585 595 ostensae.

1205 614 1316 646 Datum
1342 614 1474 654 Pioniae,
1500 616 1583 658 apud
1601 616 1630 648 S.
1651 617 1778 650 Mariam
1800 618 1897 651 Maio-

1162 676 1240 705 rem,
1267 667 1324 699 sul)
1349 669 1470 700 annulo
1497 668 1682 709 piscatoris,
1722 669 1772 702 die
1797 681 1825 703 vi
1853 681 1900 703 se-

1162 718 1318 760 ptembris
1349 728 1525 760 MDCLxxllt,
1554 721 1759 763 pontificatus
1795 724 1898 756 nostri

1163 780 1246 803 anuo
1273 782 1314 804 ιν.

1562 825 1584 857 l.
1611 824 1646 857 G.
1669 825 1808 859 Stusms.

1197 883 1259 910 Dat.
1278 884 1322 910 die
1338 884 1353 910 6
1368 884 1530 920 septembris
1551 885 1628 920 1673,
1646 886 1742 921 pontif.
1762 895 1835 914 auno
1851 893 1886 916 tv.

1233 945 1390 980 Reqz'strat.
1411 946 1443 973 in
1463 947 1608 974 Secretar.
1630 947 1779 975 Breviumr

1475 1088 1587 1121 CXLII.

1154 1166 1334 1198 -Innovalio
1375 1167 1487 1199 Brevis
1528 1167 1677 1210 Greqorii
1709 1167 1772 1201 XV
1804 1179 1901 1211 super

1205 1218 1425 1259 prohibitione
1444 1219 1585 1250 arabicus
1600 1229 1659 1261 pro
1678 1219 1902 1261 Conqreqatio-

1207 1281 1246 1302 ne
1270 1271 1456 1303 clericorum
1484 1271 1692 1314 regularium
1722 1272 1898 1305 Tlteatino-

1208 1333 1289 1356 rum.

1375 1398 1509 1425 Clemens
1532 1399 1611 1432 Papa
1633 1399 1680 1431 X,

1282 1442 1319 1469 ad
1338 1446 1513 1475 perpetuam
1532 1444 1577 1470 rei
1597 1444 1781 1471 memoriam.

1206 1511 1363 1551 Quoniam
1389 1524 1486 1546 nemo
1519 1513 1617 1546 debet
1646 1525 1808 1549 assumere
1838 1515 1898 1549 sihi

1163 1565 1324 1598 honorem
1349 1566 1408 1598 nisi
1435 1573 1564 1599 vocatus
1596 1578 1613 1599 a
1636 1567 1702 1600 Deo
1736 1573 1899 1612 tamquam

1164 1618 1282 1658 Aaron,
1301 1623 1333 1651 et
1353 1630 1369 1651 a
1388 1619 1544 1661 regularis
1565 1619 1648 1652 vitae
1666 1620 1815 1654 instituto
1840 1623 1900 1655 val-

1140 1646 1201 1711 ide
1235 1671 1375 1704 alienum
1405 1677 1454 1704 est
1486 1678 1520 1703 ut
1550 1672 1694 1715 religiosi
1721 1673 1779 1705 viri
1804 1674 1898 1717 (quos

1163 1724 1324 1756 honorum
1343 1729 1375 1756 et
1394 1724 1586 1767 dignitatum
1607 1726 1723 1768 gradus
1753 1726 1900 1760 sanctita·

1140 1793 1143 1826 ξ
1163 1782 1193 1809 te
1219 1777 1300 1810 vitae
1327 1788 1362 1809 ac
1387 1777 1457 1810 aliis
1474 1777 1635 1820 religiosis
1653 1779 1825 1811 virtutibus
1842 1790 1900 1822 po-

1163 1831 1225 1862 tius
1250 1831 1430 1873 promereri
1456 1842 1552 1873 quam
1578 1837 1743 1874 appetere,
1777 1843 1897 1875 eosque

1140 1858 1143 1900 i
1163 1883 1373 1925 gradus‚cuin
1391 1883 1429 1915 ad
1445 1894 1498 1917 eos
1518 1889 1732 1924 assumuntur,
1749 1885 1900 1917 obedien-

1163 1942 1211 1968 ter
1250 1935 1424 1978 suscipere,
1460 1942 1694 1980 susceptosque
1733 1937 1900 1971 humiliter

1163 1989 1388 2021 administrare
1414 1989 1519 2031 decet)
1545 1983 1734 2022 mendie'atis
1759 1991 1901 2023 saecula-

1140 2038 1243 2074 'rium
1268 2041 1459 2084 praesertim
1485 2053 1697 2085 personarum
1724 2043 1839 2075 studiis
1859 2043 1898 2076 ad

1163 2104 1218 2127 eos
1243 2094 1304 2126 sibi
1329 2094 1448 2126 aditum
1475 2095 1654 2137 patefacere
1677 2096 1896 2136 contendant,

1140 2144 1142 2193 ff
1162 2147 1247 2179 unde
1272 2157 1387 2189 magna
1413 2147 1444 2178 in
1463 2146 1604 2179 Ecclesia
1621 2147 1677 2180 Dei
1699 2149 1848 2181 seandala
1866 2153 1898 2181 et

1140 2197 1141 2215 ³
1162 2200 1277 2232 damna
1302 2199 1419 2232 exoriri
1445 2201 1565 2232 solent:

1902 254 1950 280 Λη.
1967 252 1995 279 C.
2019 252 2086 278 1673

1937 1525 2058 1546 Exordium.

384 2250 509 2282 eienter
541 2249 701 2292 expressis
733 2255 765 2282 et
795 2250 925 2284 insertis
951 2252 1117 2295 habentes,
1139 2257 1141 2295 ζ
1205 2253 1219 2295 ξ
1244 2252 1274 2285 Ἰ.
1301 2252 1372 2292 Nos,
1389 2252 1442 2295 qui
1468 2263 1526 2296 pro
1551 2254 1692 2287 muneris
1718 2255 1820 2287 nostri
1846 2255 1896 2288 de·
1934 2263 2027 2283 Pomm-x·
2043 2270 2089 2283 am-

384 2302 447 2335 illis
484 2302 560 2334 alias
587 2302 619 2333 in
645 2313 702 2334 suo
736 2303 852 2336 robore
887 2306 1118 2347 permansuris,
1139 2301 1141 2319 ³
1161 2305 1227 2338 bito
1252 2305 1284 2337 in
1310 2305 1372 2338 hoc
1403 2305 1609 2348 potissimum
1646 2307 1793 2340 laborare
1830 2319 1895 2341 non
1906 2289 2090 2341 'gii'gi'miim‘T-ii'ss

385 2355 423 2387 ad
440 2354 693 2398 pnwmissorum
706 2355 934 2396 effectum,hac
946 2357 1012 2389 viee
1028 2358 1119 2391 dum-
1162 2358 1343 2391 desistimus
1367 2363 1401 2390 ut
1425 2358 1645 2391 ecclesiastiea
1672 2342 2090 2405 regularisqueiiii-ii'i'pullffssii'n'fl

386 2412 478 2447 taxat,
498 2408 683 2450 specialiter
701 2413 732 2440 et
749 2419 897 2451 expresse
912 2409 1117 2453 derogamus,
1163 2412 1331 2455 disciplina
1364 2411 1518 2455 pristinae
1548 2412 1771 2446 observantiae
1802 2415 1894 2447 resti·
1907 2396 2091 2441 iiiffiniiif'mum

386 2461 569 2502 ceteris-pie
591 2461 760 2493 contrariis
787 2461 1055 2505 quibuscumque.
1164 2470 1280 2505 tuatur,
1306 2465 1367 2497 hoc
1385 2466 1501 2497 malum
1519 2476 1535 2497 a
1553 2465 1811 2508 Congregatione
1833 2469 1897 2500 cle-

193 2519 374 2565 ,v„·.i'⁴1i.'if-['.'''¹'¹⁰'
430 2514 500 2556 §5.
535 2513 685 2546 Volumus
721 2519 827 2546 autem
865 2520 898 2546 ut
935 2517 1118 2549 earumdem
1163 2518 1305 2550 rieorum
1336 2517 1534 2559 regularium
1559 2517 1789 2551 Theatinorum
1817 2530 1899 2552 nun-

385 2566 605 2609 praesentium
630 2567 808 2598 litterarum
831 2568 1049 2610 transumptis,
1065 2579 1119 2601 seu

386 2619 550 2662 exemplis,
564 2619 658 2651 etiam
678 2619 852 2662 impressis,
873 2631 968 2652 manu
988 2620 1120 2654 alieuius

1163 2574 1362 2612 cupatorum,
1381 2569 1470 2602 euius
1487 2581 1679 2613 prosperum
1697 2572 1841 2613 regimen
1867 2578 1898 2605 et

1164 2621 1399 2654 incrementum
1417 2623 1454 2654 ad
1473 2622 1632 2656 Ecclesiae
1660 2630 1789 2656 sauctae
1815 2624 1899 2657 utili-
