2279 3260
137 250 189 277 An.
206 249 236 276 C.
260 250 326 277 ¹670

149 1940 219 1960 'saitae
230 1945 267 1964 pro
279 1945 313 1959 an·

131 1969 186 1986 natis
220 1967 314 1986 decursu

132 1995 153 2011 et
175 1998 215 2012 non
239 1992 313 2012 solutis

131 2019 234 2039 reductio.

330 296 528 330 Vincentium
552 296 721 341 Felicium‚
749 295 920 337 Georgium
947 297 1013 329 P·=:
1029 308 1059 328 n-

328 361 425 389 num,
452 350 585 383 Paulum
623 350 870 385 Plinecesnem.
902 345 1085 404 Andreaml

328 403 470 436 Scottum
502 409 533 436 et
562 403 769 443 Franciscum
806 403 1059 441 Persiclielluin,

329 456 387 488 hos
409 455 489 488 duos
514 455 689 488 exadverso
710 455 907 498 principales
932 465 967 486 ae
993 465 1062 497 pro-

328 512 495 540 curatores
519 508 690 550 deputatos
719 507 938 539 universitatis
964 513 1085 548 regat-1

328 560 481 593 teriorum
505 560 598 593 Urbis
625 560 801 592 exadverso
820 559 1060 602 principalium,

326 610 491 645 Nicolaum
515 617 687 656 patronum
705 616 737 644 et
752 611 787 643 D.
807 611 973 644 Nicolaum
995 610 1062 643 Gal-

326 666 394 699 lum
410 670 654 708 procuratorem
671 664 915 707 praedictorum
932 663 1061 707 Ioseplii
1079 680 1083 713 ὖ

326 716 544 757 Constantini,
571 717 699 749 Ioannis
731 716 816 749 Petri
841 716 1005 749 Berrettae
1031 714 1082 748 et?

327 769 472 802 omnium
497 769 634 802 aliorum
660 768 723 802 litis
749 768 949 800 consortium
973 754 1082 809 exani-i

960 249 989 272 Cl
1001 249 1101 272 Ewittvs
1124 250 1139 272 X
1166 250 1213 272 ΡΡ.

1104 360 1165 391 que
1193 356 1341 382 monetae
1367 350 1450 382 inter
1475 361 1531 382 eos
1552 350 1732 391 dividenda,
1747 357 1780 384 et
1792 362 1836 384 ra-

1106 408 1166 433 tam
1192 402 1429 434 semestruatim
1455 403 1654 441 solvendam,
1680 413 1752 436 cum
1775 404 1838 437 hoc

1105 460 1209 486 tamen
1236 455 1320 497 quod
1353 460 1523 487 teneantur
1555 460 1585 487 et
1617 455 1749 497 obligati
1774 456 1839 488 sint

1103 507 1303 539 constituere
1329 508 1561 547 collectorem,
1586 507 1639 550 qui
1665 518 1748 540 onus
1773 508 1838 540 exi-

1103 559 1197 607 gendi
1224 560 1386 602 praedicta
1408 565 1497 592 scuta
1520 559 1781 604 vigintiquinque
1805 561 1838 593 in

1103 623 1135 645 se
1150 612 1315 655 suscipiat,
1336 612 1465 656 illaque,
1484 623 1539 645 seu
1558 619 1658 646 ratam
1674 619 1837 646 scutorum

1104 665 1273 698 duodecim
1298 676 1370 698 cum
1398 665 1541 703 dimidio.
1568 665 1723 699 ecclcsiae
1747 671 1779 699 et
1809 677 1839 699 a—

1102 718 1265 750 cademiae
1291 718 1475 761 praedictae
1500 718 1656 757 solvendi,
1678 723 1709 751 et
1734 724 1839 762 quate-

1103 781 1162 802 nus
1187 770 1375 803 buiusmodi
1400 772 1608 803 collectorem
1644 771 1839 805 constituere

325 832 418 855 verso
443 822 686 865 principalium,
713 821 850 863 Segnius
869 820 1061 853 sanctissimi
1082 812 1151 869 {vel
1188 833 1298 855 creare
1335 823 1499 856 noluerint
1528 834 1583 855 seu
1617 824 1838 866 neglexerint,

327 874 448 907 domini
473 874 574 907 nostri
607 874 711 917 Papae
748 883 862 906 cursor
897 873 1006 905 retulit
1031 872 1062 904 in
1081 872 1089 917 ἰ
1103 878 1151 909 vel
1177 876 1262 909 idem
1288 877 1444 909 collector
1469 873 1534 908 non
1555 876 1698 917 solverit,
1718 882 1793 910 tunc
1809 882 1841 911 et

327 927 455 970 scriptis
480 938 513 960 se
539 927 590 959 die
615 937 632 959 v
658 926 754 959 huius
779 925 998 969 personaliter
1018 935 1062 957 su-
1086 929 1087 933 ’

326 979 489 1022 pradictos
512 979 548 1012 D.
567 978 734 1012 Nicolaum
747 978 883 1017 Gallum,
900 978 1063 1010 Andream

326 1031 482 1071 Scottum,
507 1031 713 1064 Franciscum
738 1030 990 1069 Persichellum,
1016 1029 1063 1062 Ni-

326 1085 453 1117 colaum
478 1084 667 1123 Patronum,
694 1083 862 1126 Alovsium
894 1082 1059 1125 Pileport,

326 1137 479 1170 Ioannem
505 1137 631 1169 Petrum
657 1136 860 1175 Berrettam,
888 1135 1062 1178 Iosephum

326 1189 572 1223 Constantinum
587 1194 618 1222 et
627 1188 835 1221 Laurentium
847 1187 1063 1220 Castruccium

326 1255 362 1277 ac
388 1244 474 1277 domi
499 1243 633 1276 dimissa
656 1243 747 1286 copia
766 1241 863 1275 ali0s¹
882 1242 998 1274 citasse
1023 1242 1062 1273 ad

326 1296 580 1340 comparendum
604 1306 712 1329 coram
735 1294 989 1328 eminentissimo
1008 1295 1063 1327 do-

325 1349 415 1382 mino
441 1349 492 1382 die
516 1348 619 1392 prima
637 1348 772 1381 iuridica
789 1348 870 1381 hora
887 1347 998 1381 solitae
1013 1358 1063 1380 au-
1081 1349 1083 1387 ξ

326 1402 467 1436 dientiae
493 1407 525 1434 et
549 1401 746 1434 audiendum
772 1400 839 1433 eius
856 1402 1061 1439 voluntatem,
1081 1393 1083 1422 i

326 1460 359 1488 et
375 1456 445 1488 loco
462 1454 636 1487 voluntatis
649 1454 824 1487 videndum
840 1464 898 1497 per
915 1454 1062 1486 eumdem

326 1506 619 1540 eminentissimum
655 1506 821 1539 dominum
857 1505 927 1549 capi
958 1515 1208 1561 quam-icturas
1241 1519 1296 1541 seu
1329 1509 1508 1551 sculpturas
1540 1508 1680 1541 cuiusvis
1713 1518 1841 1551 generis

1105 939 1142 961 eo
1173 939 1247 961 casu
1280 933 1450 961 teneantur
1479 934 1510 961 et
1543 929 1676 972 obligati
1712 930 1777 963 sint
1806 930 1840 963 in

1104 981 1241 1014 solidum
1264 991 1324 1024 pro
1350 981 1434 1013 dicta
1460 981 1623 1014 solutione
1656 992 1839 1015 annuorum

1105 1040 1270 1067 scutorum
1294 1033 1569 1076 vigintiquinque,
1597 1035 1646 1066 vel
1671 1039 1841 1067 teneantur

1104 1088 1227 1119 solvere
1253 1097 1310 1130 pro
1337 1086 1420 1118 dicta
1445 1088 1518 1118 taxa
1542 1090 1632 1119 scuta
1652 1086 1713 1119 tria
1738 1087 1842 1130 quoli-

1104 1141 1157 1173 bet
1180 1150 1264 1172 anno
1290 1145 1320 1172 et
1345 1150 1403 1182 pro
1421 1140 1566 1182 qualibet
1581 1140 1741 1183 apotheca
1757 1140 1841 1172 arbi-

1105 1193 1166 1225 trio
1191 1192 1374 1225 academiae
1410 1192 1616 1235 praedictae,
1643 1192 1704 1224 hac
1734 1196 1840 1225 tamen

1104 1247 1174 1288 lege
1199 1245 1285 1288 qnod
1310 1244 1385 1277 dicti
1418 1244 1580 1277 coronarii
1613 1243 1775 1277 retineant
1810 1250 1843 1277 et

1106 1298 1243 1331 vendant
1267 1297 1470 1330 solummodo
1506 1297 1646 1340 picturas
1673 1297 1839 1340 adaptatas

1104 1348 1302 1383 ornamentis
1324 1360 1382 1392 per
1399 1349 1488 1392 ipsos
1505 1348 1574 1382 fieri
1593 1349 1706 1389 solitis,
1727 1354 1758 1382 et
1774 1360 1840 1382 non

1104 1402 1234 1436 alterius
1261 1401 1448 1445 quantitatis
1473 1412 1528 1435 seu
1549 1402 1793 1444 magnitudinis.

1147 1456 1162 1499 g
1186 1455 1217 1488 3.
1244 1455 1311 1493 Quo
1337 1466 1413 1487 vero
1445 1455 1483 1487 ad
1515 1456 1689 1498 propalas,
1716 1455 1770 1499 qui
1794 1455 1841 1498 pi-

1755 242 1797 278 63
1842 251 1938 279 amc.
1964 252 2031 280 1670

1082 317 1083 337 3
1104 298 1191 333 dunt.
1210 298 1374 330 collective
1400 308 1504 330 annua
1521 303 1609 330 scuta
1634 299 1836 343 vigintiquin-

1878 1468 1982 1489 Redurtin
1997 1474 2036 1494 pro

1816 1508 1822 1514 .
1851 1496 1984 1519 ragatteriis.
2001 1502 2035 1515 ro-

1853 1527 1938 1547 t'tiinqnu
1951 1528 1970 1541 lu
1984 1527 2036 1542 Casu

1860 1548 2032 1571 transgressionis

326 1569 465 1603 cumque
490 1559 725 1602 provisionem,
752 1570 807 1591 seu
834 1559 1063 1601 quodcumque
1103 1561 1298 1594 retinuerint
1322 1567 1353 1593 et
1375 1561 1602 1601 vendiderint,
1629 1571 1689 1604 pro
1714 1561 1840 1594 annatis
1853 1580 1928 1600 iam-na.

326 1614 494 1647 decretum
530 1613 752 1645 necessarium
778 1617 810 1645 et
841 1617 1083 1655 opportunumv

1105 1613 1249 1646 decursis
1274 1618 1305 1645 et
1330 1623 1395 1645 non
1421 1612 1546 1653 solutis,
1568 1613 1712 1646 eamdem
1738 1618 1842 1645 taxam

324 1665 407 1706 fieri,
435 1670 467 1698 et
490 1664 655 1708 interponi
676 1665 715 1697 ad
737 1665 873 1706 primam
899 1664 995 1704 diem,
1021 1665 1063 1696 in·
1081 1666 1087 1706 ,¹
1104 1676 1286 1698 annuorum
1312 1670 1474 1698 scutorum
1508 1666 1620 1698 decem
1652 1666 1781 1698 reduxit
1811 1671 1844 1698 et

326 1718 487 1751 stantibus
503 1717 625 1750 eisdem
641 1717 883 1761 principalibus,
902 1717 980 1757 sive,
999 1722 1060 1749 etc.
1081 1710 1086 1755 1¹

1104 1719 1230 1752 reducit
1253 1719 1292 1751 ad
1318 1729 1425 1751 annua
1449 1723 1538 1751 scuta
1564 1718 1624 1751 tria
1652 1729 1711 1762 pro
1737 1719 1843 1762 quoli-

325 1771 493 1804 Relatione
512 1771 592 1803 sacta
613 1771 795 1814 comparuit
816 1770 851 1803 D.
872 1770 1062 1803 Franciscus
1081 1762 1088 1800 i
1104 1773 1159 1805 bet
1183 1777 1215 1805 et
1239 1772 1385 1815 qualibet
1408 1772 1577 1815 apotheca,
1597 1776 1628 1804 et
1647 1771 1681 1804 in
1699 1772 1842 1804 futurum

326 1824 505 1864 Chiriacus,
521 1829 724 1867 procurator,
751 1828 782 1856 et
805 1823 899 1866 petiit
913 1828 948 1855 ut
965 1833 1063 1866 supra
1081 1821 1084 1874 l

326 1887 430 1917 omni,
457 1882 519 1910 ete.

369 1931 384 1974 ἓ
407 1931 439 1963 2.
466 1930 508 1963 Ex
534 1936 610 1963 tunc
636 1930 909 1963 eminentissimus
931 1935 962 1963 et
978 1941 1063 1963 reve-

325 1983 542 2017 rendissimus
567 1983 740 2023 dominus,
766 1983 886 2026 pluries
919 1983 1062 2026 partibus

325 2037 453 2078 auditis,
479 2024 600 2070 ute'iido
625 2037 829 2070 facultatibus
854 2037 914 2069 sibi
946 2048 963 2069 a
995 2048 1064 2069 san-

324 2091 468 2124 ctissimo
494 2090 624 2123 domino
642 2095 761 2131 nostro,
780 2090 813 2122 in
833 2091 1061 2125 commissione

325 2144 364 2176 de
383 2154 447 2187 qua
463 2143 496 2175 in
514 2143 600 2181 actis,
627 2142 802 2183 concessis,
824 2148 927 2175 taxam
945 2154 1063 2177 annuo-

324 2206 395 2228 rum
419 2201 584 2228 scutorum
621 2196 732 2228 decem
757 2196 790 2227 in
815 2195 907 2228 Brevi
932 2202 1061 2230 sanctae

325 2249 504 2281 memoriae
529 2248 650 2281 Urbani
668 2249 731 2281 v111
756 2254 941 2282 contentam
959 2251 1063 2293 quoad

326 2301 524 2342 coronarios,
547 2312 605 2345 pro
625 2301 751 2334 annalis
777 2302 919 2335 decursis
942 2308 973 2335 ct
997 2314 1063 2337 non

326 2354 449 2395 solutis,
463 2355 589 2388 reduxit
607 2361 638 2387 et
654 2355 780 2388 reducit
797 2355 835 2389 ad
853 2366 958 2388 annua
973 2362 1063 2390 scuta

326 2408 388 2441 tria
411 2414 562 2442 monetae
587 2420 647 2453 pro
674 2410 821 2453 quolibet
843 2410 896 2454 qui
922 2410 1062 2454 picturas

325 2461 529 2502 vendiderit,
556 2466 588 2494 et
620 2473 678 2505 pro
715 2463 858 2506 qualibet
884 2464 1060 2506 apotheca,

326 2519 359 2548 et
382 2514 415 2547 in
440 2515 580 2547 futurum
595 2515 759 2549 mandavit
783 2521 814 2549 et
838 2517 968 2549 mandat
985 2518 1061 2549 solvi

325 2577 385 2611 per
401 2568 532 2600 eosdem
549 2568 743 2609 coronarios,
765 2569 817 2612 qui
836 2569 975 2613 picturas
993 2581 1062 2603 ven-

365 2630 374 2656 1
397 2629 497 2656 Forsan
516 2630 581 2656 illos
601 2638 647 2665 pro
663 2631 736 2657 alios
756 2630 897 2666 legendum
912 2634 949 2665 (R.
965 2632 1013 2666 T.).

1104 1836 1163 1869 pro
1190 1826 1302 1858 eadem
1329 1827 1399 1858 taxa
1422 1825 1587 1858 mandavit
1620 1824 1700 1858 solvi
1725 1835 1784 1868 per
1806 1835 1843 1857 u-

1104 1877 1323 1910 niversitatem
1349 1878 1608 1920 regatteriorum,
1628 1888 1664 1911 ac
1690 1877 1843 1921 respecti-

1105 1942 1141 1964 ve
1167 1942 1225 1974 pcr
1249 1931 1461 1963 camerarium
1476 1936 1507 1963 et
1520 1930 1673 1964 officiales
1691 1941 1749 1974 pro
1768 1936 1842 1963 tem-

1105 1995 1184 2027 pore
1210 1994 1314 2016 annua
1339 1989 1428 2016 scuta
1459 1983 1713 2027 quinquaginta,
1742 1989 1774 2016 et
1797 1983 1842 2016 sic

1105 2042 1192 2069 scuta
1215 2036 1471 2079 vigintiquinque
1497 2047 1557 2079 pro
1576 2036 1723 2079 quolibet
1742 2046 1844 2069 seme-

1106 2090 1160 2122 stri
1184 2090 1267 2122 inter
1302 2100 1357 2122 cos
1391 2089 1563 2122 dividenda
1590 2094 1622 2122 et
1644 2089 1802 2132 exigenda
1826 2100 1843 2122 a

1105 2142 1252 2186 quolibet
1277 2142 1450 2185 regattcrio
1473 2142 1613 2185 picturas
1632 2153 1689 2175 seu
1705 2142 1843 2185 sculptu-

1105 2207 1155 2229 ras
1166 2196 1522 2236 vendente,dum1nodo
1544 2201 1653 2228 tamen
1674 2195 1751 2228 dicti
1765 2205 1842 2238 pro-

1105 2252 1196 2294 palae
1214 2260 1270 2282 seu
1287 2249 1462 2292 regattcrii,
1480 2251 1528 2282 vel
1547 2249 1685 2292 quilibet
1700 2248 1839 2287 illorum,

1106 2314 1169 2336 non
1194 2303 1389 2336 retinuerint
1413 2314 1472 2336 nec
1496 2302 1722 2343 vendiderint,
1748 2312 1784 2334 ac
1808 2301 1841 2333 in

1108 2357 1247 2389 futurum
1270 2366 1335 2389 non
1360 2356 1522 2389 retineant
1545 2366 1606 2388 nec
1628 2356 1769 2388 vendant
1792 2355 1842 2398 pi-

1106 2415 1223 2450 cturas,
1243 2420 1299 2442 seu
1317 2410 1495 2453 sculpturas
1519 2405 1782 2451 novasffillasqtle
1800 2408 1841 2440 ad

1107 2462 1253 2495 effectum
1279 2462 1438 2494 vendendi
1471 2466 1579 2494 emant
1610 2462 1659 2494 vel
1692 2461 1761 2494 sieri
1787 2471 1841 2493 cu-

1106 2521 1198 2555 rent,
1226 2520 1258 2548 ct
1278 2513 1325 2548 si¹
1344 2515 1419 2548 dicti
1444 2514 1604 2547 coronarii
1624 2519 1655 2546 et
1674 2513 1839 2555 rcgatterii

1105 2571 1152 2602 vel
1186 2569 1322 2612 quilibet
1357 2579 1469 2601 eorum
1505 2568 1589 2601 circa
1620 2568 1840 2600 venditionem

1139 2632 1153 2657 1
1170 2630 1236 2658 Male
1252 2630 1307 2657 edit
1333 2630 1414 2657 Main.
1434 2630 1515 2657 habet
1531 2630 1584 2657 elsi
1599 2630 1637 2665 (n.
1655 2632 1707 2664 Τ,).
