2279 3260
225 262 271 287 An.
290 259 317 286 c.
343 262 409 287 1070
455 252 496 284 82

996 262 1174 286 nrrmmrn

418 311 548 342 illorum
564 310 740 353 111111111111111Ἰ
760 309 977 353 personaliter
991 309 1155 342 notificata

418 368 446 393 ct
474 363 620 394 intimata
647 363 793 395 tuissent.

422 451 595 483 lusu-mvn>
611 462 668 494 pro
689 452 837 483 oramine
857 451 993 482 illorum
1016 450 1155 487 testium,

462 506 521 547 qui
545 505 748 536 inducuntur
767 514 824 545 pro
841 502 1070 534 cona-almedis
1088 512 1157 532 ma-
1175 518 1176 523 =

463 557 637 593 lrimanii&
665 561 726 588 lam
745 557 778 587 in
796 556 887 586 curia
906 554 1157 585 eminentism'mi

462 614 489 641 ct
523 608 784 640 reverendisssmz·
816 606 942 638 clentini
974 605 1157 637 cardinalis

466 662 559 693 Vrbis
587 661 714 697 aurarii,
742 669 841 702 quam
874 659 910 690 in
941 657 1020 690 aliis
1055 658 1156 690 curiis

462 719 635 746 cctrmnam
663 713 931 745 Oratam-formu.

463 796 484 817 1.
514 783 662 826 Inprimis·
693 782 782 815 testis
803 788 974 814 moneatur
992 781 1031 813 de
1053 781 1157 823 gravi-

420 844 481 869 tate
497 836 668 868 iuramenti
685 835 716 866 in
739 836 800 867 hoc
815 834 1006 877 praesertim
1023 833 1156 876 negotio

419 888 668 932 1·‹:1·ti111os‹,·‹=mli
685 914 692 926 ,
722 887 754 918 in
784 898 848 929 quo
875 886 981 918 divina
1005 886 1101 918 simul
1127 891 1159 918 ct

421 944 556 974 humana
577 941 725 972 maiestas
740 939 888 978 laeditur,
907 940 948 971 ob
967 939 1023 977 rei,
1042 939 1080 971 de
1095 950 1158 981 qua

421 999 581 1031 tractatur,
600 992 839 1035 importantiam
861 997 893 1024 et
910 991 1108 1033 gravitatem,
1127 996 1159 1023 et

421 1047 505 1089 quod
531 1046 677 1077 innninct
693 1054 800 1087 poena
818 1044 999 1076 triremium
1021 1048 1052 1076 et
1068 1043 1159 1075 susti-

420 1098 559 1141 gationis
585 1097 762 1140 deponenti
788 1098 915 1129 salsum.

466 1163 498 1185 11.
539 1152 760 1193 lnterrogctur
797 1150 835 1182 dc
864 1150 1006 1189 nomine,
1039 1160 1159 1192 cogno-

420 1206 518 1245 mine,
546 1204 657 1247 patria,
686 1208 801 1244 aetate,
829 1203 986 1236 exercitio
1012 1209 1043 1236 et
1068 1203 1159 1236 habi-

422 1259 553 1291 tatione.

464 1321 511 1343 111.
541 1311 587 1342 An
613 1310 653 1342 sit
673 1310 749 1341 civis
776 1310 823 1342 vel
849 1314 986 1349 exterus,
1014 1314 1056 1349 et,
1084 1320 1159 1352 qua-

420 1370 514 1396 tenus
539 1363 576 1394 sit
604 1368 742 1401 exterus,
767 1373 784 1394 a
802 1367 923 1405 quanto
942 1367 1090 1404 tempore
1111 1366 1160 1394 cst

420 1417 450 1448 in
478 1418 549 1448 loco
575 1415 606 1447 in
633 1426 697 1458 quo
725 1415 815 1447 testis
841 1415 909 1458 ipse
937 1414 1083 1457 deponit.

465 1479 505 1501 iv.
530 1469 577 1500 An
603 1469 641 1500 ad
663 1478 797 1500 examen
823 1467 998 1499 accesserit
1029 1472 1157 1510 sponte,

420 1523 470 1554 vcl
485 1520 678 1563 requisitus:
696 1520 721 1552 si
734 1519 1030 1552 dixeritaccessisse
1045 1524 1159 1562 sponte
1179 1512 1181 1577 ἶ

421 1586 437 1605 ;1
464 1573 593 1605 nemine
619 1572 822 1615 requisitum,
851 1571 1050 1611 dimittatur,
1086 1571 1181 1614 quial

421 1625 639 1669 praesumitur
677 1625 834 1664 mendax,
871 1624 897 1656 si
932 1634 1007 1656 vero
1045 1614 1181 1656 dixeritl

421 1678 597 1711 accessisse
635 1677 849 1720 requisitum,
888 1677 1108 1719 interrogetur
1144 1669 1182 1718 a'y

422 1742 485 1775 quo
519 1732 566 1764 vel
593 1742 610 1763 a
636 1731 770 1773 quihus,
798 1730 874 1769 ubi,
903 1731 1054 1773 quando,
1082 1740 1161 1773 quo-

421 1785 528 1824 modo,
555 1794 663 1815 coram
690 1783 806 1825 quibus
831 1788 862 1815 et
899 1781 1025 1825 quoties
1064 1782 1161 1814 suerit

423 1836 608 1879 requisitus,
636 1841 731 1868 etan
765 1836 843 1867 sciat
876 1836 991 1867 adesse
1030 1835 1161 1877 aliquod

422 1889 690 1931 impedimentum
701 1889 784 1921 inter
798 1888 990 1920 contrahere
1000 1889 1159 1920 volentes.

468 1952 496 1974 v.
525 1942 745 1983 interrogetur
771 1951 809 1973 an
836 1940 895 1972 sihi
922 1951 980 1983 pro
1018 1941 1081 1973 1100
1116 1946 1162 1973 te-

423 1994 572 2026 stimonio
599 1994 732 2026 serendo
770 1993 864 2025 suerit
897 1993 1017 2036 aliquid
1043 1994 1161 2033 datum,

424 2048 641 2090 promissum,
681 2046 850 2079 remissum
885 2048 932 2079 vel
966 2047 1109 2079 oblatum
1145 2058 1162 2079 a

425 2101 620 2133 contrahere
638 2099 835 2138 volentibus,
853 2100 902 2131 vel
927 2099 967 2131 al)
993 2099 1055 2131 alio
1076 2099 1162 2142 ipso·

424 2165 495 2186 rum
521 2153 664 2186 nomine.

469 2218 510 2240 vi.
538 2208 757 2249 interrogetur
791 2217 830 2238 an
866 2211 1041 2248 cognoscat
1076 2206 1162 2250 ipsos

425 2261 618 2294 contrahere
644 2261 798 2299 volentes,
826 2265 857 2291 et
886 2270 902 2291 a
934 2265 1051 2302 quanto
1077 2265 1158 2293 tem-

425 2325 523 2357 pore,
551 2314 583 2345 in
610 2324 673 2356 quo
694 2314 786 2352 loco,
814 2323 876 2355 qua
905 2312 1094 2353 occasione,
1132 2318 1163 2346 et

426 2368 514 2399 cuius
539 2366 702 2409 qualitatis
728 2367 777 2399 vet
798 2365 993 2398 conditionis
1011 2366 1160 2399 existant.

470 2421 500 2453 Si
525 2419 731 2462 responderit
754 2419 913 2461 negative,
940 2418 1027 2451 testis
1056 2419 1163 2452 dimit-

427 2480 527 2508 tatur:
556 2473 582 2504 si
607 2483 682 2505 vero
708 2472 898 2504 affirmative
914 2499 922 2512 ‚

470 2538 525 2558 vn.
547 2526 777 2568 interrogetur,
793 2536 831 2557 an
847 2525 1038 2558 contrahere
1054 2527 1163 2559 volen-

427 2586 475 2612 te„
502 2580 565 2611 sint
590 2578 672 2611 cives
694 2580 742 2612 vel
764 2578 877 2611 exteri.
903 2578 933 2611 Si
955 2579 1163 2622 responderit

429 2644 497 2665 esse
524 2637 670 2671 exteros,
699 2632 952 2676 supersedeatur
976 2631 1007 2664 in
1034 2631 1184 2674 licentia,

1199 262 1349 286 nonxxrn

1196 309 1425 349 contrahendi,
1453 310 1555 342 donec
1580 320 1637 352 per
1658 310 1781 342 litteras
1800 308 1934 341 Ordina-

1197 361 1234 393 rii
1270 361 1414 404 ipsorum
1441 362 1635 394 contrahere
1668 361 1845 393 volentium
1880 361 1935 392 do-

1197 418 1306 445 ceatur
1337 414 1375 445 de
1411 424 1522 445 eorum
1557 414 1661 446 libero
1698 419 1781 445 statu
1809 413 1857 454 'de
1895 423 1934 444 eo

1199 469 1343 507 tempore
1369 476 1432 507 quo
1458 471 1711 508 permanserunt
1746 465 1777 497 in
1803 467 1858 497 sua
1892 465 1936 497 ci-

1198 517 1292 549 vitate
1318 519 1365 549 vel
1392 518 1545 550 dioecesi.
1570 519 1615 550 Ad
1634 518 1836 560 probandum
1858 528 1935 549 vero

1198 569 1384 601 eorumdem
1409 570 1605 602 contrahere
1623 570 1801 603 volentium
1819 575 1935 602 statum

1198 621 1334 653 liberum
1360 632 1418 664 pro
1454 622 1579 664 reliquo
1617 622 1772 665 temporis
1809 622 1934 665 spatio,

1198 673 1321 705 scilicet
1356 684 1458 716 usque
1494 674 1532 705 ad
1571 679 1694 716 tempus
1724 685 1786 717 quo
1824 675 1938 706 volunt

1198 726 1391 758 contrahere
1407 753 1414 766 ,
1439 726 1650 758 admittantur
1686 731 1783 759 testes
1810 727 1934 766 idonei,

1199 779 1252 822 qni
1278 779 1420 821 legitime
1446 784 1476 811 et
1506 779 1741 812 concludenter
1773 780 1939 822 deponant

1199 836 1316 863 statum
1342 832 1481 864 liberum
1506 832 1702 864 contrahere
1734 832 1936 871 volentium,

1200 889 1231 916 et
1255 884 1392 916 reddant
1412 881 1625 917 sufficientem
1647 884 1805 917 rationem
1823 894 1938 916 causae

1200 931 1313 969 eorum
1339 936 1510 977 scientiae,
1538 938 1659 980 absque
1696 948 1733 969 eo
1771 937 1856 980 quod
1895 942 1940 969 te-

1202 995 1340 1023 neantur
1366 991 1493 1023 det'crre
1515 990 1738 1023 attestationes
1756 989 1942 1023 Ordinario-

1201 1052 1271 1074 rum
1299 1044 1440 1075 locorum
1467 1043 1499 1074 in
1524 1043 1641 1086 quihus
1664 1043 1861 1075 contrahere
1885 1053 1940 1075 vo-

1201 1096 1304 1127 lentes
1329 1106 1450 1128 moram
1477 1101 1654 1128 traxerunt.

1245 1147 1276 1180 Si
1302 1159 1376 1181 vero
1396 1149 1602 1191 responderit
1622 1149 1815 1181 contrahere
1833 1150 1941 1181 volen-

1203 1205 1249 1233 tes
1274 1211 1343 1233 esse
1370 1201 1466 1241 cives,

1245 1266 1314 1288 V111.
1343 1255 1563 1296 lnterrogetur
1597 1255 1654 1287 sub
1691 1266 1753 1298 qua
1784 1255 1942 1298 parochia

1204 1307 1358 1339 hactenus
1373 1307 1569 1339 contrahere
1587 1308 1734 1340 volentes
1753 1307 1942 1339 habitarunt

1202 1360 1250 1391 vel
1276 1359 1423 1391 habitent
1449 1359 1486 1391 de
1512 1359 1684 1401 praesenti.

1246 1412 1323 1444 Item
1348 1422 1387 1443 an
1413 1411 1482 1453 ipse
1510 1412 1597 1444 testis
1623 1411 1702 1444 sciat
1731 1411 1874 1454 aliquem
1903 1422 1941 1444 ex

1203 1463 1375 1506 praedictis
1400 1465 1592 1496 contrahere
1625 1464 1806 1498 volentibus
1843 1475 1942 1507 quan-

1204 1518 1309 1559 doque
1330 1516 1479 1548 habuisse
1498 1527 1629 1549 uxorem
1649 1518 1696 1550 vet
1714 1517 1873 1557 maritum,
1889 1522 1943 1550 aut

1203 1570 1384 1612 professum
1410 1569 1507 1602 fuisse
1533 1569 1565 1601 in
1584 1570 1690 1612 aliqua
1709 1570 1867 1612 religione
1886 1581 1943 1614 ap-

1203 1623 1356 1665 probata,
1383 1623 1432 1654 vel
1457 1622 1640 1665 suscepisse
1665 1622 1806 1665 aliquem
1830 1632 1867 1654 ex
1892 1632 1942 1655 or-

1204 1675 1333 1708 dinibus
1359 1674 1469 1715 sacris,
1495 1676 1761 1708 subdiaconatum
1793 1675 1940 1716 scilieet,

1204 1728 1417 1767 diaconatum,
1444 1730 1493 1761 vel
1518 1729 1791 1772 presbyteratum,
1818 1730 1868 1761 vel
1887 1728 1943 1761 ha-

1204 1781 1281 1813 bere
1306 1782 1393 1814 aliud
1419 1781 1699 1824 impedimentum,
1728 1792 1764 1814 ex
1791 1792 1855 1825 quo
1876 1791 1942 1814 non

1204 1834 1308 1876 possit
1332 1834 1480 1866 contrahi
1506 1834 1757 1867 matrimonium.

1248 1886 1278 1919 Si
1293 1898 1368 1919 vero
1381 1887 1470 1919 testis
1488 1887 1695 1929 responderit
1708 1897 1773 1919 non
1791 1886 1942 1919 habuisse

1205 1950 1337 1972 uxorem
1362 1940 1409 1971 vel
1444 1939 1593 1971 maritum
1628 1950 1733 1983 neque
1767 1939 1853 1972 aliud
1885 1939 1943 1972 im-

1204 1992 1427 2035 pedimentum
1454 1998 1488 2024 ut
1512 2002 1608 2035 supra
1624 2019 1631 2032 ‚

1250 2057 1291 2079 lx.
1311 2046 1531 2088 Interrogetur
1557 2047 1596 2078 de
1612 2048 1706 2078 causa
1725 2046 1889 2085 scientiae,
1912 2052 1944 2080 et

1205 2110 1244 2132 an
1263 2100 1303 2131 sit
1328 2099 1479 2142 possibile
1504 2100 1589 2142 quod
1608 2099 1725 2142 aliquis
1744 2111 1780 2133 ex
1804 2100 1868 2133 illis
1891 2101 1944 2132 ha-

1205 2152 1312 2184 huerit
1340 2163 1472 2184 uxorem
1504 2153 1553 2184 rel
1587 2152 1736 2184 maritum
1774 2153 1823 2185 vel
1854 2152 1942 2185 aliud

1204 2204 1483 2248 impedimentum,
1511 2210 1584 2244 ete.,
1608 2210 1639 2237 et
1656 2206 1743 2248 quod
1762 2205 1829 2248 ipse
1851 2204 1942 2239 testis

1206 2258 1340 2290 nesciat..

1249 2311 1279 2343 Si
1305 2310 1511 2354 responderit
1546 2311 1755 2351 affirmative,
1793 2322 1943 2354 superse-

1206 2364 1330 2404 deatur,
1356 2364 1417 2396 nisi
1443 2374 1480 2396 ex
1509 2363 1578 2396 aliis
1615 2363 1751 2396 testibus
1787 2364 1943 2407 probetur

1205 2417 1438 2450 concludenter
1463 2427 1527 2450 non
1554 2417 1706 2450 habuisse
1732 2428 1867 2450 uxorein
1893 2418 1942 2451 vel

1205 2471 1364 2512 maritum,
1400 2481 1505 2514 neque
1543 2471 1645 2503 ullum
1682 2470 1768 2503 aliud
1805 2470 1942 2514 impedi-

1205 2529 1361 2563 mentum,
1385 2529 1446 2556 ete.

1248 2577 1279 2609 Si
1305 2587 1378 2609 vero
1403 2576 1614 2619 responderit
1639 2576 1807 2619 negative,

1249 2641 1280 2664 x.
1308 2630 1509 2673 Interogetur
1534 2630 1573 2663 de
1599 2632 1694 2663 causa
1719 2630 1882 2673 scientiae,
1904 2640 1942 2666 ex

1937 259 1990 286 An.
2007 258 2036 285 C.
2058 259 2127 285 1⁶70
