2279 3260
201 207 252 234 An.
270 205 298 234 C.
322 208 383 235 1671

232 846 330 866 Eiusdem
341 850 385 869 gra*

205 874 280 892 {turum
296 872 359 891 actio.

250 1792 399 1817 Trnnzumpto-

217 1825 262 1840 runi
278 1818 338 1839 [³⁴:⁶⁸.

255 2317 343 2338 Sanctio
361 2321 410 2342 poe-

229 2345 290 2364 natm.

433 196 498 231 ‘214

394 265 557 298 unumque
582 255 761 294 Dominum,
777 253 926 286 laudibus
949 258 979 285 ct
1004 252 1128 284 confes-

394 308 540 340 sionibus
565 307 729 348 venerati,
756 316 912 348 sacroque
940 305 1060 348 hymno
1089 303 1129 335 Te

393 361 495 393 Deum
520 360 710 393 solemniter
727 360 904 395 decantato,
924 355 1078 400 peculiari
1097 355 1129 386 in

393 413 554 445 honorem
573 417 701 445 sanctae
720 412 822 444 Rosac
843 409 989 441 oratione
1009 406 1129 450 precati

395 475 503 497 sumus
528 475 587 507 per
623 464 767 497 eiusdem
803 461 942 501 merita,
971 466 1065 503 atque
1091 459 1128 491 ad

397 520 496 551 attare
530 518 560 550 S.
589 517 671 549 Petri
708 515 844 558 apostoli
885 514 1011 545 missam
1047 512 1131 544 cele-

397 571 556 604 bravimus
582 581 653 602 cum
680 569 824 601 eiusdem
842 567 975 599 Sanctae
993 574 1132 597 comme-

396 624 597 663 moratione,
624 622 836 663 omnibusque
867 616 1131 651 christifidelibus

397 682 472 709 tunc
508 675 733 718 praesentibus
771 671 949 715 plenariam
986 669 1131 702 omnium

398 734 604 772 peecatorum
630 736 761 758 suorum
786 723 1017 766 indulgentiam
1036 726 1067 753 et
1085 731 1132 752 re-

397 782 582 814 missionem
608 778 836 812 concessimus.

441 834 455 876 g
479 833 532 866 67.
559 833 635 865 Cum
653 831 738 864 omni
762 830 858 872 igitur
876 828 1056 861 humilitate
1075 837 1132 869 pro

399 893 461 919 tam
476 885 593 927 insigni
611 883 768 916 benetieio
787 881 1010 915 benedicimus
1024 885 1055 912 et
1069 880 1133 921 glo-

400 937 559 970 rificamus
584 936 683 969 Deum
708 935 834 968 Patrem
863 933 1131 976 omnipotentem,

398 991 448 1024 cui
474 989 669 1028 benedictio,
696 994 727 1021 et
752 988 877 1027 honor,
898 992 931 1019 et
954 985 1076 1028 gloria,
1104 989 1135 1016 et

399 1049 540 1087 potestas
557 1043 590 1075 in
608 1042 736 1074 saecula
753 1041 978 1078 saeculorum,
997 1037 1133 1070 assiduis

399 1096 548 1139 precibus
573 1095 611 1127 ab
638 1105 675 1127 eo
700 1094 922 1137 postulantes,
948 1096 983 1123 ut
1007 1101 1066 1133 per
1090 1089 1136 1121 in-

402 1148 632 1182 tercessionem
648 1148 770 1179 electae
791 1156 865 1178 suae
885 1155 901 1176 a
918 1144 1058 1187 peccatis
1079 1152 1136 1174 no-

402 1202 474 1234 stris
500 1200 611 1233 faciem
636 1204 782 1232 avertens
807 1198 1000 1230 misereatur
1024 1194 1134 1234 nostri,

402 1260 433 1287 et
453 1253 603 1296 respiciat
627 1263 686 1285 nos
712 1251 827 1294 quibus
853 1249 995 1283 ostendit
1012 1247 1137 1280 miseri-

401 1306 546 1339 cordiam
568 1316 657 1337 suam
679 1305 711 1336 in
730 1304 837 1335 medio
856 1301 966 1344 templi
986 1301 1044 1340 sui,
1063 1301 1137 1333 dum

401 1369 519 1391 novum
538 1357 631 1390 nobis
649 1356 929 1400 propugnaculum
945 1353 1038 1386 totius
1052 1353 1138 1384 Ame-

403 1412 489 1444 rieae
515 1416 628 1443 contra
645 1410 793 1452 antiquas
812 1408 931 1441 diaboli
956 1406 1091 1439 insidias
1109 1410 1140 1437 et

405 1463 604 1497 infidelitatis
629 1473 755 1495 errores
789 1461 897 1500 dedit,
928 1466 959 1492 et
991 1458 1141 1492 omnibus

405 1517 488 1560 apud
515 1516 652 1549 divinam
687 1525 775 1547 suam
807 1513 1008 1546 maiestatem
1034 1516 1142 1555 prote-

406 1570 535 1601 ctricem
566 1574 597 1601 et
621 1569 805 1601 advocatam
832 1565 994 1599 concessit
1017 1565 1054 1597 ad
1076 1574 1143 1596 san-

407 1628 475 1654 ctae
501 1621 661 1653 Ecclesiae
689 1619 966 1663 tranquillitatem,
992 1617 1067 1649 fidei
1093 1627 1144 1648 ea-

408 1675 548 1707 thelicae
577 1674 825 1712 ineren'ientum,
844 1677 875 1704 et
895 1670 1074 1703 infidelium
1101 1670 1145 1701 lu-

410 1739 482 1760 men
509 1734 540 1760 et
564 1727 819 1760 conversionem.

455 1782 469 1823 g
484 1780 537 1813 (38.
554 1780 711 1817 Ceterum,
727 1779 801 1822 quia
822 1778 950 1811 difficile
966 1778 1148 1820 soretprae-

413 1839 521 1867 sentes
545 1838 669 1865 nostras
694 1832 817 1865 litteras
842 1831 880 1863 ad
906 1831 1031 1873 singula
1059 1831 1146 1869 loca,

414 1886 468 1919 ubi
494 1896 574 1929 opus
600 1890 694 1925 esset,
717 1884 854 1923 deferri,
873 1884 1019 1916 volumus
1037 1893 1148 1915 eorum

414 1938 580 1982 exemplis,
606 1938 701 1970 etiam
728 1936 903 1980 impressis,
930 1946 1028 1968 manu
1053 1935 1151 1968 alieu-

413 1992 463 2024 ius
484 1991 602 2024 notarii
632 1989 752 2033 publici
779 1988 979 2031 subscriptis,
1001 1988 1151 2030 etsigillo

415 2043 550 2077 alicuius
567 2053 728 2086 personae
756 2042 788 2074 in
816 2041 972 2083 dignitate
1002 2040 1153 2073 ecclesia-

417 2097 495 2130 stiea
520 2096 714 2130 constitutae
744 2095 886 2135 munitis,
913 2095 1060 2127 eamdem
1083 2093 1153 2126 ubi—

417 2161 479 2193 que
497 2149 593 2183 fidem
624 2148 747 2189 haberi,
774 2159 854 2191 quae
881 2148 955 2191 ipsis
978 2147 1154 2191 praesenti-

418 2204 478 2236 bus
511 2203 690 2235 haberetur
714 2202 739 2233 si
773 2206 880 2234 essent
914 2201 1078 2233 exhibitae
1103 2201 1154 2233 vel

421 2261 583 2289 ostensae.

467 2308 558 2352 goe.
586 2307 671 2341 Nulli
709 2317 784 2350 ergo
820 2307 952 2342 omniuo
984 2306 1155 2339 hominum

424 2363 519 2395 liceat
545 2363 626 2393 lianc
651 2361 800 2404 paginam
826 2361 926 2393 nostri
952 2360 1081 2400 decreti,
1109 2360 1158 2392 de-

425 2414 607 2447 smititionis
623 2440 629 2454 ‚
648 2413 881 2456 adscriptiouis,
908 2413 1048 2445 mandati
1065 2439 1072 2452 ‚
1096 2418 1159 2445 sta-

428 2469 499 2505 tuti,
528 2466 755 2506 roncessionis,
781 2465 1010 2507 relaxationis,
1044 2465 1159 2507 elargi—

428 2521 525 2553 tionis
540 2526 571 2553 et
589 2521 759 2554 voluntatis
774 2519 962 2561 infringere,
976 2520 1023 2551 vel
1041 2519 1070 2551 ei
1085 2529 1159 2550 ausu

429 2575 601 2608 temerario
627 2573 802 2614 contraire,
825 2573 849 2606 si
874 2573 944 2616 quis
970 2578 1075 2606 autem
1102 2573 1162 2605 boc

976 202 1156 229 BULLARlUM
1179 201 1331 226 Romnum

1916 192 1966 221 An.
1983 193 2013 221 C.
2035 190 2099 220 ¹671

1171 254 1327 281 attentare
1354 247 1623 291 praesumpserit,
1650 243 1907 287 indignationem

1171 300 1402 343 omnipotentis
1426 299 1480 332 Dei
1511 303 1543 331 et
1573 299 1740 331 beatorum
1765 294 1849 327 Petri
1875 298 1907 327 et

1172 354 1260 386 Pauli
1285 353 1504 396 apostolorum
1540 351 1607 384 eius
1640 360 1674 383 se
1699 347 1824 382 noverit
1851 347 1904 380 in-

1172 416 1354 439 cursurum.

1216 458 1328 490 Datum
1348 457 1480 497 Romae,
1501 455 1584 499 apud
1609 455 1639 488 S.
1660 455 1800 493 Petrum,
1823 462 1907 485 anno

1172 509 1404 542 lncarnationis
1425 508 1611 542 Dominicae
1636 516 1783 547 MnoLxxt,
1805 504 1908 548 pridie

1173 563 1244 595 idus
1269 562 1393 605 aprili&
1411 561 1619 605 pontificatus
1644 559 1747 593 nostri
1774 567 1859 591 anno
1885 567 1907 590 1.

1210 623 1268 650 bat.
1285 623 1328 650 die
1345 623 1376 649 12
1396 622 1489 658 aprilis
1507 621 1585 655 1671,
1600 621 1696 656 pontif.
1713 627 1757 646 an.
1773 625 1791 645 t.

1355 701 1404 751 ᾖ
1420 701 1504 738 Eoo
1531 699 1731 736 CLEMENS

1241 769 1437 794 CATHOLICAE
1462 767 1630 791 ECCLESIAE
1653 765 1836 789 EPISCOPUS.

1174 828 1197 869 ἦ·
1223 827 1288 869 Ego
1322 824 1513 858 Franciseus
1550 823 1723 866 episcopus
1755 820 1912 853 Ostiensis

1264 878 1436 911 cardinalis
1461 876 1667 915 Barberinus,
1693 874 1724 907 S.
1752 874 1789 906 R.
1816 873 1850 905 E.
1871 873 1914 905 vi-

1264 929 1530 963 cecancellarius.

1176 985 1200 1027 4
1224 984 1289 1026 Ego
1315 983 1348 1014 F.
1376 982 1414 1014 M.
1434 981 1608 1024 episcopus
1632 979 1821 1013 Portuensis
1848 988 1915 1010 car-

1264 1035 1380 1068 dinalis
1406 1033 1604 1066 Brancatius.

1177 1145 1199 1183 †
1223 1141 1289 1184 Ego
1317 1139 1482 1172 Ulderieus
1516 1138 1689 1181 episeopus
1718 1136 1915 1169 Tusculanus

1267 1192 1439 1225 cardinalis
1465 1190 1653 1234 Carpiueus.

1180 1301 1201 1340 †
1228 1298 1292 1340 Ego
1320 1296 1483 1338 Virginius
1521 1295 1694 1338 episcopus
1728 1291 1919 1325 Albanensis

1269 1347 1442 1381 cardinalis
1468 1347 1615 1379 Ursinus.

1181 1407 1202 1445 †

1181 1461 1203 1498 ,ὶ-

1183 1513 1204 1550 †

1185 1566 1205 1604 †

1185 1619 1207 1657 †

1186 1673 1209 1711 ,ἰ-

1188 1725 1212 1767 †
1236 1722 1302 1766 Ego
1329 1723 1507 1756 Alderanns
1522 1722 1605 1755 tituli
1623 1722 1653 1755 S.
1673 1720 1824 1755 Praxedis
1838 1731 1912 1765 pres

1276 1777 1370 1820 byter
1401 1776 1574 1809 cardinalis
1600 1776 1697 1818 Cybo.

1189 1834 1212 1872 †
1236 1830 1302 1873 Ego
1327 1829 1509 1862 Fridericus
1534 1828 1615 1861 tituli
1641 1827 1671 1860 S.
1691 1826 1776 1859 Petri
1802 1826 1840 1858 ad
1861 1825 1929 1859 vin-

1280 1884 1351 1916 cula
1375 1882 1546 1925 presbyter
1570 1879 1741 1914 cardinalis
1765 1878 1894 1911 Ssortia.

1192 1938 1214 1977 †
1239 1935 1305 1978 Ego
1330 1934 1522 1967 Benedictus
1558 1932 1640 1965 tituli
1676 1932 1706 1964 S.
1745 1930 1930 1973 Honuplirii

1281 1987 1451 2031 presbyter
1467 1985 1638 2018 cardinalis
1655 1984 1862 2017 Odesealcus.

1194 2045 1217 2083 ΔΓ

1194 2096 1219 2116 Δ.

1204 2118 1210 2138 t

1196 2151 1218 2189 †
1242 2147 1307 2190 Ego
1333 2146 1481 2189 Aloysius
1507 2145 1590 2177 tituli
1616 2144 1647 2177 S.
1676 2143 1778 2177 Alexii
1804 2143 1934 2186 presby—

1287 2205 1336 2232 ter
1360 2198 1533 2231 cardinalis
1559 2198 1756 2234 Homodeus.

1197 2256 1220 2295 †
1243 2253 1309 2295 Ego
1334 2252 1367 2284 P.
1396 2250 1479 2284 tituli
1505 2251 1536 2283 S.
1556 2250 1649 2282 Marci
1675 2251 1844 2293 presbyter
1868 2259 1936 2282 car-

1288 2305 1403 2338 dinalis
1428 2304 1620 2337 Ottobonus.

1199 2363 1222 2401 †
1246 2359 1312 2401 Ego
1337 2358 1526 2391 Laurentius
1563 2357 1645 2389 tituli
1671 2357 1701 2389 S.
1736 2356 1936 2400 Chrysogoni

1289 2411 1459 2443 cardinalis
1485 2410 1675 2453 Imperialis.

1201 2469 1221 2507 ἦ
1248 2466 1313 2507 Ego
1340 2464 1507 2496 Marcellus
1535 2463 1617 2495 tituli
1654 2464 1684 2496 S.
1723 2462 1879 2506 Stephani
1906 2462 1937 2495 in

1292 2518 1396 2550 Monte
1422 2517 1526 2549 Caelio
1562 2517 1731 2560 presbyter
1767 2515 1938 2549 cardinalis

1292 2570 1530 2604 Saittaerucius.

2231 797 2272 875 maai}
