2279 3260
179 237 229 266 An.
248 238 278 264 C.
298 238 361 267 ¹671

203 825 316 845 neci-etum
333 825 359 844 lr-

177 851 242 871 fitam
251 867 256 875 ,

297 852 360 872 etiam

1001 238 1143 263 effluens
1165 240 1183 264 X
1207 240 1256 264 PP-

372 291 522 321 natorum
554 296 633 327 usu,
659 286 774 319 relicta
812 290 920 319 tamen
951 287 1105 320 schedula

372 339 529 374 dictorum
560 339 827 372 documentorum
859 349 917 372 seu
947 339 1105 373 librorum

370 392 591 436 receptionem
608 392 795 425 continente
811 392 908 435 (sacta
922 397 1028 425 tamen
1046 403 1106 435 per

370 445 489 478 dictum
516 444 734 478 subdatarium
760 444 792 477 in
817 455 875 478 suo
900 444 984 478 libro
1012 455 1105 488 prac-

370 499 454 532 dicto
480 502 698 530 extr-actorum
723 497 956 540 adnotatione)
991 507 1105 529 eorum

368 561 465 584 manu
489 550 674 593 subscripta
709 555 741 582 et
764 550 797 582 in
821 550 936 583 eodem
962 549 1104 582 archivio

368 604 584 643 asservanda,
612 604 882 646 quandocumque
911 603 950 636 ad
979 608 1104 646 tempus

369 657 511 699 gaudere
530 661 562 689 et
587 655 645 688 frui
671 656 796 699 possint
816 662 847 689 et
862 657 998 695 valeant,
1016 661 1104 688 motu

369 708 517 741 similiter
540 708 630 751 pari,
660 713 818 752 perpetuo
843 707 1050 741 concedimus
1075 714 1106 741 et

371 761 588 803 indulgemus.

414 814 430 857 ξ
454 812 485 846 8.
513 813 728 846 Decernentes
753 819 927 857 propterea
951 823 1107 856 praesen-

176 877 247 904 quam
263 878 340 898 summ.
372 872 418 899 tes
434 872 466 899 et
478 867 616 909 desuper
630 865 847 898 conficiendas
861 866 994 907 litteras,
1008 865 1105 898 etiam

371 930 408 952 ex
434 930 472 952 eo
490 920 576 962 quod
607 919 802 962 quicumque
822 919 929 951 forsan
951 919 1105 952 interesse

370 972 530 1004 habentes
555 977 607 1004 aut
637 972 759 1004 habere
788 971 1042 1014 praetendentes
1066 971 1105 1003 ad

370 1025 434 1058 hoc
457 1024 561 1057 vocati
586 1030 618 1057 et
637 1024 735 1057 auditi
761 1034 827 1056 non
853 1024 981 1064 suerint,
1001 1025 1050 1056 vel
1069 1034 1105 1055 ex

370 1088 409 1111 eo
435 1077 523 1120 quod
556 1077 631 1110 illae
663 1077 751 1109 nulla
782 1077 980 1109 subsistente
1013 1078 1106 1108 causa

369 1130 419 1163 vel
445 1129 542 1162 etiam
568 1129 606 1162 de
632 1129 712 1162 sacto
730 1129 929 1172 processisse
956 1128 1018 1161 dici
1036 1135 1106 1171 pos-

368 1187 462 1222 sent,
488 1181 555 1215 sive
592 1181 688 1214 etiam
714 1181 955 1225 processerint,
991 1186 1045 1214 aut
1069 1191 1104 1213 ex

368 1235 431 1268 alia
461 1235 573 1278 quavis
602 1234 737 1267 iuridica
768 1239 799 1267 et
836 1234 979 1277 legitima
1012 1234 1106 1267 etizun

367 1287 571 1321 necessario¹
598 1288 808 1331 exprimenda
832 1289 936 1327 causa,
955 1288 1005 1320 vel
1030 1298 1107 1330 quo-

367 1351 507 1384 cumque
530 1345 716 1384 praetextu,
747 1341 786 1373 de
811 1340 1033 1383 subreptionis
1057 1341 1105 1373 vel

367 1393 574 1437 obreptionis
601 1398 655 1426 aut
679 1393 837 1426 nullitatis
858 1393 953 1433 vitio,
981 1404 1038 1426 seu
1063 1393 1106 1426 in-

369 1447 522 1480 tentionis
553 1453 681 1479 nostrae
717 1451 773 1479 aut
804 1446 917 1489 quovis
952 1446 1015 1479 alio
1052 1446 1106 1479 de—

368 1501 454 1533 l'eetu
477 1500 604 1540 notari,
632 1499 833 1543 impugnari,
858 1499 1035 1539 invalidari,
1062 1510 1106 1532 re·

368 1553 495 1586 tractari
521 1559 553 1586 et
577 1553 616 1586 ad
642 1553 795 1586 terminos
820 1553 897 1585 iuris
914 1553 1035 1593 reduci,
1053 1558 1106 1585 aut

367 1605 401 1638 in
425 1606 476 1639 ius
502 1607 551 1639 vel
576 1606 826 1639 controversiam
857 1606 1020 1646 revocari,
1049 1617 1105 1639 seu

367 1658 522 1691 adversus
555 1659 626 1691 illas
658 1659 881 1701 quodcumque
906 1658 999 1699 iuris,
1033 1659 1105 1691 sacti

366 1712 416 1744 vel
451 1710 572 1754 gratiae
608 1710 788 1744 remedium
824 1710 1014 1754 impetrari,
1053 1717 1106 1743 aut

368 1764 466 1796 etiam
491 1769 580 1797 motu
605 1769 637 1797 et
660 1764 829 1807 potestatis
847 1763 1049 1807 plenitudine
1070 1764 1106 1796 si-

366 1816 497 1849 milibus
522 1817 666 1856 concedi,
693 1818 741 1849 vel
764 1817 824 1849 sub
851 1817 1105 1860 quibuscumque

367 1868 648 1901 constitutionibus
678 1874 709 1901 ct
740 1869 953 1902 cancellariae
978 1875 1127 1912 aposto-¹

366 1921 448 1954 licae
473 1921 593 1964 regulis
623 1921 718 1954 editis
750 1927 782 1954 et
813 1922 949 1955 edendis
984 1933 1020 1955 ac
1055 1923 1106 1955 lit-

366 1974 446 2007 teris
478 1974 664 2017 apostolicis
688 1974 719 2006 in
749 1975 948 2007 contrarium
966 2002 973 2015 ,
1010 1975 1105 2008 etiam

366 2026 436 2070 pari
460 2032 550 2060 motu
576 2033 608 2060 et
631 2027 902 2060 consistorialiter
927 2029 1102 2070 emanatis,

367 2085 421 2112 aut
449 2080 614 2123 quibusvis
647 2080 717 2113 aliis
747 2080 898 2113 similium
931 2082 979 2114 vel
1013 2081 1128 2125 dissi-¹

366 2132 492 2165 milium
524 2133 698 2175 gratiarum
729 2133 1009 2174 revocationibus,
1036 2145 1106 2167 sus-

366 2185 581 2229 pensionibus
610 2191 642 2219 et
668 2185 929 2227 limitationibus‚
956 2192 1010 2219 aut
1033 2187 1104 2220 aliis

367 2239 537 2272 contrariis
562 2239 835 2283 dispositionibus
868 2241 1105 2284 comprehendi

366 2293 458 2325 nullo
483 2303 627 2336 unquam
653 2298 800 2335 tempore
822 2303 927 2336 posse,
945 2294 1001 2325 sed
1022 2304 1105 2326 sem-

366 2355 426 2388 per
441 2345 480 2377 ab
500 2344 565 2378 illis
591 2345 706 2388 excipi,
724 2350 756 2377 et
780 2345 906 2389 quoties
930 2345 1004 2379 illae
1019 2357 1106 2380 ema-

366 2397 498 2437 nabunt,
525 2398 620 2430 toties
646 2398 678 2430 in
703 2399 874 2442 pristinum
907 2404 939 2432 et
963 2410 1036 2432 eum
1071 2400 1104 2432 in

367 2461 432 2493 quo
456 2455 530 2483 ante
555 2451 733 2494 praemissa
759 2457 848 2484 erant
872 2452 1102 2485 validissimum
1125 2466 1126 2473 ¹

366 2509 485 2536 statum
507 2504 693 2545 restitutas,
718 2505 878 2548 repositas
903 2511 935 2537 et
957 2506 1102 2549 plenarie

364 2556 590 2599 reintegratas,
608 2568 645 2590 ac
665 2558 704 2590 de
724 2568 807 2591 novo
829 2558 925 2591 etiam
946 2559 1006 2592 sub
1025 2570 1103 2603 qua-

400 2619 412 2651 1
435 2618 504 2645 Edit.
523 2618 602 2645 Maia.
620 2619 684 2653 legit
700 2620 862 2648 necessaria
877 2621 918 2656 (n.
934 2622 982 2654 T.)-

1778 237 1837 271 151

1147 298 1283 331 cumque
1307 289 1481 332 posteriori
1521 291 1594 325 data
1624 303 1681 336 per
1710 294 1880 327 modernos

1147 345 1179 373 et
1202 351 1260 383 pro
1287 346 1431 385 tempore
1449 343 1620 377 existentes
1643 346 1798 379 datarium
1823 357 1881 380 seu

1149 393 1368 435 prodatariuin
1396 406 1431 428 ac
1455 396 1674 429 subdatarimn
1700 399 1881 440 praedictos

1148 446 1414 490 quandocumque
1440 448 1589 490 eligenda
1613 460 1801 490 concessas,
1829 463 1882 483 va-

1149 497 1228 530 lidas
1254 503 1286 530 et
1310 499 1468 540 efficaces,
1494 501 1590 533 etiam
1610 512 1646 533 cx
1674 513 1711 534 eo
1739 503 1824 545 quod
1849 504 1882 536 in

1121 529 1274 584 lcamera
1298 554 1407 585 nostra
1432 553 1608 595 apostolica
1632 556 1723 587 nullo
1741 566 1883 598 unquam

1148 607 1291 645 tempore
1327 604 1579 646 registrare-ntur
1612 611 1664 638 aut
1699 613 1884 649 praesenta-

1148 661 1268 694 rentur,
1287 656 1355 688 sore
1374 662 1405 689 et
1430 668 1520 697 esse;
1540 658 1649 701 sicque
1675 664 1706 691 ct
1724 670 1788 692 non
1807 660 1884 692 alias

1147 718 1205 750 per
1218 719 1436 752 quoscumque
1455 709 1586 750 iudices,
1607 711 1703 744 ctiam
1717 722 1884 745 causarum

1148 761 1259 803 palatii
1284 762 1456 804 apostolici
1482 763 1662 804 auditoreS,
1682 769 1714 797 et
1738 775 1884 798 camerae

1148 813 1331 855 praedictae
1355 815 1579 857 praesidentes
1600 822 1631 849 et
1647 817 1792 857 clericos,
1814 828 1887 850 nec-

1150 876 1214 897 non
1246 865 1391 898 eiusdem
1416 866 1446 899 S.
1471 868 1507 900 R.
1535 868 1569 900 E.
1598 870 1825 911 camerarium,
1853 876 1886 903 et

1150 916 1229 949 alios
1254 918 1436 951 cardinales
1456 947 1463 960 ,
1491 920 1618 953 sublata
1643 922 1689 954 eis
1716 928 1747 954 et
1772 933 1885 955 eorum

1149 969 1283 1002 cuilibet
1315 970 1408 1003 aliter
1438 982 1536 1014 super
1570 973 1620 1005 liis
1659 973 1823 1008 iudicandi
1854 980 1886 1008 et

1149 1020 1386 1064 interpretandi
1406 1023 1557 1057 facultate
1573 1030 1605 1057 et
1621 1027 1824 1068 auctoritate,
1838 1027 1887 1059 iu-

1149 1073 1248 1105 dicari
1277 1079 1309 1106 et
1334 1074 1460 1107 definiri
1480 1076 1616 1117 debere,
1643 1088 1679 1110 ac
1703 1077 1829 1111 irritum
1855 1084 1887 1112 et

1149 1125 1243 1158 inane
1269 1126 1294 1158 si
1326 1137 1419 1159 secus
1449 1138 1547 1171 super
1575 1129 1625 1161 liis
1660 1141 1677 1162 a
1708 1142 1885 1175 quoquam,

1150 1177 1259 1221 quavis
1279 1180 1480 1220 auctoritate,
1506 1181 1645 1214 scienter
1665 1184 1715 1216 vel
1738 1183 1888 1226 ignoran-

1151 1236 1207 1269 ter,
1234 1232 1406 1273 contigerit
1428 1234 1589 1267 attentari.

1193 1283 1207 1326 ἓ
1232 1283 1262 1316 9.
1290 1283 1358 1317 Non
1383 1285 1588 1319 obstantibus
1612 1289 1810 1331 praemissis,
1837 1295 1886 1331 et,

1149 1343 1306 1379 quatenus
1327 1348 1406 1381 opus
1425 1340 1484 1380 sit,
1507 1343 1618 1373 nostra
1636 1342 1673 1374 de
1690 1352 1757 1374 non
1771 1344 1887 1376 tollen-

1149 1390 1189 1422 do
1214 1389 1282 1422 iure
1309 1391 1474 1433 quaesito,
1501 1393 1608 1433 ctiam,
1626 1400 1785 1437 quatenus
1805 1406 1886 1439 opus

1126 1442 1197 1480 isit,
1223 1442 1296 1485 piae
1323 1444 1496 1477 memoriae
1522 1445 1567 1477 Pii
1594 1446 1696 1488 Papae
1717 1446 1764 1487 IV,
1791 1448 1886 1481 etiam

1148 1496 1408 1538 praedecessoris
1424 1498 1536 1537 nostri,
1548 1498 1606 1530 sub
1619 1499 1727 1532 datum
1738 1500 1888 1534 videlicet

1127 1557 1205 1580 ¹v111
1230 1546 1301 1580 idus
1327 1549 1450 1590 augusti
1483 1550 1690 1592 pontificatus
1722 1552 1769 1585 sui
1801 1564 1886 1586 anno

1125 1597 1179 1633 lvi
1201 1600 1305 1640 edita,
1333 1600 1419 1633 inter
1451 1602 1513 1634 alia
1549 1602 1743 1646 disponente
1760 1632 1767 1645 ,
1801 1607 1886 1648 quod

1149 1663 1262 1686 omnes
1300 1654 1419 1696 gratiae
1465 1657 1700 1700 qualecumque
1740 1669 1886 1692 camerae

1148 1706 1331 1749 praedictae
1358 1708 1514 1741 interesse
1541 1716 1777 1744 concernentes
1804 1712 1887 1745 infra

1149 1764 1271 1791 certum
1284 1759 1362 1792 inibi
1378 1771 1567 1804 expressum
1584 1768 1706 1806 tempus
1721 1753 1755 1796 in
1773 1765 1886 1798 eadem

1149 1813 1276 1844 camera
1294 1814 1492 1855 praesentari
1512 1819 1543 1847 et
1558 1815 1722 1857 registrari
1737 1817 1885 1858 debeant,

1149 1869 1190 1903 et,
1208 1870 1364 1907 quatenus
1384 1865 1415 1898 in
1434 1866 1542 1909 aliquo
1559 1868 1675 1908 obstet,
1691 1868 1805 1902 similis
1823 1881 1888 1903 me-

1126 1958 1128 1966 x
1149 1917 1271 1949 moriae
1300 1917 1377 1950 Sixti
1403 1918 1508 1962 Papae
1535 1920 1555 1951 Y
1581 1920 1730 1953 similiter
1754 1923 1888 1964 praede-

1126 1968 1128 2014 [
1149 1969 1285 2003 cessoris
1310 1971 1411 2004 nostri
1440 1982 1538 2015 super
1562 1973 1763 2007 institutione
1796 1975 1888 2018 quin-

1126 2018 1128 2052 ἓ
1149 2023 1253 2056 decim
1267 2029 1321 2056 aut
1335 2024 1470 2057 aliarum
1491 2026 1778 2069 congregationum
1793 2029 1886 2069 edita,

1149 2077 1285 2120 aliisque
1311 2078 1509 2121 apostolicis,
1536 2090 1572 2112 ac
1598 2080 1706 2120 etiam,
1727 2087 1887 2124 quatenus

1126 2132 1231 2174 lopus
1255 2131 1310 2171 sit,
1337 2131 1483 2164 eiusdem
1516 2132 1656 2166 datariae
1688 2139 1720 2167 et
1748 2134 1887 2168 aliorum

1126 2178 1128 2228 ᾖ
1150 2184 1326 2217 officiorum
1341 2184 1562 2218 erectionibus
1576 2191 1608 2218 et
1620 2186 1886 2228 institutionibus,

1126 2233 1128 2281 J
1149 2248 1185 2270 ac
1211 2238 1400 2272 eorumdem
1425 2238 1605 2271 officiorum
1631 2240 1786 2282 collegiis,
1811 2251 1888 2273 con-

1126 2285 1373 2323 'stitutionibus
1404 2296 1436 2323 et
1471 2291 1758 2332 ordinationibus,
1790 2292 1887 2325 etiam

1148 2343 1355 2384 iuramento,
1395 2343 1645 2378 confirmatione
1682 2347 1885 2389 apostolica,

1148 2408 1204 2430 seu
1230 2398 1342 2441 quavis
1367 2396 1519 2430 firmitate
1539 2398 1601 2430 alia
1626 2399 1803 2439 roboratis,
1824 2404 1887 2432 sta-

1149 2451 1227 2486 tutis
1269 2456 1301 2483 et
1337 2451 1633 2484 consuetudinibus
1659 2478 1667 2492 ,
1704 2452 1885 2494 privilegiis

1124 2521 1126 2554 ἰ
1148 2516 1290 2549 quoque,
1317 2505 1452 2538 indultis
1484 2510 1516 2537 et
1540 2505 1659 2538 litteris
1685 2506 1885 2548 apostolicis,

1147 2559 1207 2591 sul)
1233 2559 1488 2602 quibuscumque
1515 2558 1682 2591 tenoribus
1709 2564 1740 2590 et
1764 2558 1883 2598 formis,

1122 2602 1125 2657 j
1146 2622 1181 2644 ac
1202 2622 1275 2644 cum
1310 2611 1475 2657 quibusvis
1506 2611 1654 2644 clausulis
1680 2616 1711 2643 et
1733 2610 1881 2652 decretis,

1889 246 1937 270 An.
1955 245 1982 270 C.
2008 247 2069 276 ¹671

1919 1303 2034 1324 Contrariis
2044 1305 2079 1323 de-

1898 1334 1964 1353 rogat.
