2279 3260
156 251 205 277 An.
228 250 338 279 (1.1671

175 2101 265 2121 Aabaiei«
276 2106 287 2120 a
298 2101 343 2126 qui-

252 2127 343 2152 eligendi

160 2155 215 2173 ΒυιιΙ.

989 252 1132 277 CLEMENS
1154 254 1172 277 Χ
1198 255 1245 277 Pr.

351 302 433 334 lutas
459 302 524 334 sore
551 307 731 341 censentes,
751 301 938 334 huiusmodi
964 301 1085 344 suppli-

351 354 531 387 cationibus
558 355 712 394 inclinati,
741 355 931 387 auctoritate
959 359 1085 396 aposto-

351 407 428 446 lica,
465 412 576 440 tenore
601 407 832 450 praesentium,
860 407 1024 439 statuimus
1056 412 1086 439 ct

352 459 539 491 ordinamus
555 486 562 499 ,
590 464 624 491 ut
649 460 686 492 de
712 465 817 492 cetero
844 470 953 491 coi-iiiii
978 470 1087 491 nioiia-

352 512 487 544 eliorum
505 512 608 544 dictae
626 511 904 554 Congregationis,
923 512 974 554 qui
995 511 1087 544 tricii-

352 564 406 596 nio
437 564 620 597 immediate
647 565 861 607 praecedente
894 565 1012 597 suerint
1036 565 1109 596 ab-=

352 617 441 649 hales
474 617 652 659 aliquorum
686 618 957 649 monasteriorum
988 617 1087 659 ipsius

352 669 626 712 Congregationis,
655 669 722 701 lieri
748 680 812 701 noii
839 670 961 712 possint
987 671 1089 701 reele-

353 722 474 754 ctioiies
500 722 531 753 in
557 722 688 754 abbates
715 723 982 755 iuoiiasterioriim
1011 722 1110 754 alio-¹

352 784 423 806 riim
449 774 591 807 eiusdem
619 774 892 817 Congregationis,
920 774 998 806 itaut
1023 785 1089 806 iiio-

318 839 322 842 ·
353 827 500 865 naclius,
534 827 585 869 qui
623 827 653 859 iii
688 826 751 859 fine
787 827 916 859 triennii
949 826 1087 869 proximi

353 880 573 912 antecedentis
599 880 724 911 functus
757 879 851 912 suerit
882 890 1015 911 munere
1042 879 1088 911 di-

354 932 484 973 gnitatis
509 932 698 971 abbatialis,
728 943 791 964 iion
822 931 922 974 possit
947 930 1086 963 triennio

354 984 537 1016 immediate
564 990 719 1027 sequente
756 984 832 1026 eligi
864 984 896 1016 in
921 983 1085 1023 abbatem,

353 1046 458 1079 neque
478 1037 508 1068 in
529 1036 723 1069 monasterio
743 1037 771 1068 iii
793 1047 856 1079 quo
876 1036 972 1068 suerit
989 1036 1087 1068 abbas

354 1088 385 1119 iii
414 1088 476 1120 sine
503 1088 632 1120 triennii
664 1089 807 1131 proxime
841 1088 1085 1131 praecedentis,

353 1151 456 1183 neque
478 1141 510 1173 in
528 1141 589 1174 alio
607 1142 801 1174 monasterio
823 1141 1087 1184 Congregatioiiis

352 1194 548 1236 praedictae.
576 1194 730 1226 Nolumus
751 1194 836 1226 enini
862 1195 938 1226 duas
963 1194 1088 1227 electio-

353 1255 411 1278 nes
425 1246 569 1279 eiusdem
584 1247 734 1279 monachi
750 1247 782 1278 in
796 1247 943 1279 abbatem
961 1247 1020 1279 sibi
1035 1247 1088 1279 im-

353 1298 490 1331 mediate
516 1299 701 1339 succedcre,
728 1310 825 1331 unam
848 1299 971 1332 scilieet
992 1299 1087 1332 trien-

353 1351 407 1383 nio
422 1352 567 1394 proxime
582 1353 795 1384 antecedente
810 1352 842 1384 in
856 1363 919 1384 uno
933 1358 1089 1385 monaste-

352 1404 413 1443 rio,
430 1404 561 1436 alteram
583 1415 657 1437 vero
682 1405 823 1437 triennio
849 1405 993 1448 proxime
1019 1406 1078 1437 suli

352 1462 509 1499 sequente
543 1457 575 1489 in
601 1458 714 1490 eodem
751 1457 947 1490 monasterio
977 1459 1025 1490 vel
1057 1458 1087 1489 iii

355 1509 430 1542 alio.
459 1511 504 1542 Ab
531 1510 589 1542 liae
616 1515 722 1543 tamen
749 1511 820 1553 lege
846 1510 1020 1553 excipimus
1039 1510 1090 1542 ab·

353 1562 472 1594 baliam
498 1563 682 1596 monasterii
716 1563 968 1602 Paliizioleiisis,
1002 1563 1089 1595 cuius

355 1615 453 1646 abbas
478 1620 525 1646 est
549 1615 708 1657 generalis
730 1616 932 1655 reformator,
960 1621 991 1647 et
1016 1616 1087 1657 eligi

355 1667 452 1699 debet
477 1672 540 1699 tam
574 1678 609 1699 ex
636 1667 806 1699 abbatibus
835 1678 930 1710 quani
956 1678 991 1700 ex
1018 1668 1089 1700 aliis

354 1720 524 1752 monachis
550 1720 712 1752 habilibus
739 1720 837 1752 totius
861 1720 1090 1763 Congregatio-

355 1773 404 1804 nis
423 1772 620 1815 praedictae.
640 1772 788 1805 Ceterum
807 1773 861 1815 qui
881 1773 1017 1806 triennio
1036 1784 1090 1806 an-

355 1825 525 1858 tecedente
551 1825 647 1858 suerit
673 1826 834 1868 generalis
852 1826 1090 1859 resoriiiatoret

356 1877 455 1910 abbas
476 1878 714 1918 Palaziolensis,
736 1890 801 1911 non
827 1880 931 1922 possit
956 1880 1030 1922 eligi
1057 1880 1088 1912 in

355 1931 504 1963 abbatem
541 1931 676 1963 alicuius
718 1932 903 1964 monasterii
944 1932 1088 1965 eiusdem

355 1983 622 2027 Congrcgationis
656 1984 797 2017 triennio
828 1985 1012 2017 immediate
1041 1996 1090 2018 se-

356 2042 484 2079 quente.

399 2090 413 2132 §
437 2089 469 2123 3.
497 2090 596 2123 Porro
621 2089 751 2123 abbates
777 2101 793 2122 a
825 2091 990 2124 monacbis
1016 2102 1090 2124 con-

354 2143 556 2175 ventualibus
581 2144 855 2176 monasteriorum
882 2144 983 2177 dictae
1009 2144 1090 2177 Con-

356 2196 553 2238 gregationis
579 2196 715 2239 amplius
741 2207 805 2229 non
831 2197 1004 2239 eligantur,
1032 2198 1087 2230 sed

355 2249 507 2282 abbatum
524 2249 708 2282 huiusmodi
723 2250 838 2282 electio
855 2250 886 2282 in
904 2249 1088 2282 definitorio

354 2303 547 2341 celebretur,
574 2303 634 2334 hac
652 2302 753 2334 fornia
776 2302 935 2342 videlicet,
954 2308 998 2343 iit,
1017 2308 1089 2346 post

354 2354 548 2388 electionem
562 2354 777 2395 definitorum,
791 2355 1000 2396 visitatorum,
1020 2367 1088 2399 sup-

353 2409 527 2450 pletoruiii,
555 2408 719 2440 secretarii
745 2408 888 2451 capituli,
908 2414 940 2441 et
959 2419 1088 2451 promo-

353 2460 432 2493 toris
456 2460 722 2503 Congregationis
748 2461 942 2504 praedictae,
967 2461 1088 2504 eligan-

353 2519 403 2546 tur
423 2513 579 2546 canonice
605 2524 659 2546 sex
685 2514 854 2554 electores,
880 2514 933 2557 qui
955 2525 993 2547 eo
1016 2515 1086 2557 ipso

1129 312 1166 333 iic
1192 301 1342 334 abbatum
1369 301 1561 334 celebranda
1582 301 1613 333 in
1632 302 1744 333 eodcin
1763 301 1861 333 trien-

1129 355 1195 387 nio.
1223 355 1259 387 lli
1286 360 1392 387 autem
1418 366 1471 387 sex
1496 355 1656 386 electores
1678 365 1748 386 cum
1770 364 1862 396 gene-

1129 408 1185 440 rali
1205 408 1418 440 resorinatore
1444 412 1476 439 ct
1496 418 1547 438 sex
1566 406 1791 438 ‹lctiiiitoribiis
1811 418 1862 439 ca-

1107 461 1245 499 ,iioiiiee
1275 460 1397 501 eligant
1424 461 1557 492 abbates
1588 469 1645 501 pro
1664 459 1863 502 quibuslibet

1118 513 1335 545 monasteriis
1361 511 1625 553 Congregatioiiis
1653 511 1835 553 praedictae
1852 538 1859 551 ,

1131 566 1173 597 ita
1192 570 1222 597 iit
1243 565 1295 607 qui
1316 565 1346 597 in
1364 565 1520 597 electione
1543 563 1668 596 abbatis
1693 564 1863 596 cuiuslibet

1131 617 1319 649 monasterii
1345 628 1381 648 cx
1405 616 1558 648 tredecim
1578 615 1749 658 praedictis
1775 627 1865 647 voca-

1131 670 1223 706 libus,
1237 669 1386 702 videlicet
1404 669 1546 711 generali
1569 669 1790 707 rct'oriiiatorc,
1808 679 1862 700 scx

1133 721 1371 761 definitoribus,
1399 727 1430 754 et
1454 721 1547 753 dictis
1574 731 1625 753 sex
1653 720 1861 760 electoribus,

1131 774 1286 806 iiiaiorem
1305 779 1428 816 parterii
1451 772 1675 815 suffragiorum
1705 772 1862 812 babuerit,

1131 826 1171 858 sit
1190 827 1311 858 electus
1329 826 1427 858 abbas
1446 825 1531 858 illitis
1552 825 1750 865 monasterii,
1774 824 1864 857 ctiiiis

1131 878 1277 910 abbatiae
1295 878 1477 910 celebratiu-
1494 877 1620 910 electio.

1175 930 1331 962 Praedicti
1350 936 1455 962 autem
1474 930 1634 972 generalis
1660 931 1864 969 resormator,

1132 994 1184 1015 sex
1211 982 1397 1016 definitores
1415 988 1445 1016 et
1469 994 1521 1015 sex
1548 984 1704 1015 electores
1726 984 1865 1016 debeant

1132 1036 1253 1077 eligere
1275 1036 1415 1075 abbates,
1436 1041 1498 1068 tam
1516 1046 1576 1078 pro
1595 1036 1790 1068 monasterio
1805 1035 1866 1067 Ma-

1133 1088 1257 1121 tritensi
1283 1088 1313 1120 S.
1342 1089 1461 1127 Annae,
1488 1098 1523 1120 ac
1548 1088 1694 1130 collegiis
1722 1088 1865 1120 Salman-

1133 1140 1246 1173 ticensi
1265 1145 1296 1173 et
1313 1140 1541 1183 Complutensi,
1561 1151 1656 1183 quam
1674 1151 1732 1183 pro
1751 1141 1864 1173 ceteris

1133 1192 1337 1225 monasteriis
1363 1193 1460 1225 totius
1481 1192 1749 1235 Coiigregationis
1774 1203 1866 1235 prae-

1133 1245 1246 1278 dictae.
1272 1245 1308 1277 Et
1333 1244 1480 1277 similiter
1504 1255 1614 1277 omnes
1639 1245 1794 1287 praedicti
1813 1245 1866 1277 de-

1133 1299 1227 1330 beant
1245 1298 1366 1340 eligere
1381 1302 1609 1340 procuratores
1628 1298 1796 1339 generales
1810 1297 1867 1330 Cu-

1133 1351 1196 1384 riae
1222 1352 1396 1390 Romanae,
1423 1350 1551 1391 Matriti,
1579 1351 1751 1384 Vallisoleti
1771 1350 1867 1383 etCo-

1142 1404 1236 1437 tiniae
1252 1403 1272 1435 ¹.

1177 1458 1190 1500 ξ
1222 1457 1253 1489 4.
1280 1457 1323 1489 Ex
1356 1456 1448 1489 dictis
1482 1466 1556 1489 vero
1590 1466 1642 1488 sex
1674 1456 1868 1489 electoribus

1135 1516 1198 1542 tres
1224 1510 1363 1542 debeant
1383 1521 1454 1543 esse
1474 1509 1602 1542 oriundi
1621 1520 1657 1542 ex
1685 1509 1778 1542 terris
1800 1509 1868 1542 sitis

1133 1564 1211 1595 citra
1235 1568 1376 1602 montes,
1396 1567 1493 1605 prout
1511 1563 1550 1595 de
1571 1561 1797 1595 definitoribus
1814 1563 1868 1595 de-

1134 1615 1233 1647 crevit
1250 1621 1446 1648 memoratus
1462 1614 1611 1647 Clemens
1629 1615 1867 1657 praedecessor,

1134 1674 1164 1701 et
1178 1668 1257 1701 sicut
1271 1679 1306 1700 ex
1322 1668 1433 1701 endem
1445 1668 1544 1700 domo
1560 1667 1691 1700 matrice
1710 1678 1775 1700 non
1792 1678 1867 1710 pos-

1134 1726 1208 1753 sunt
1232 1721 1307 1763 eligi
1334 1720 1397 1753 duo
1424 1719 1623 1760 definitores,
1651 1720 1694 1752 ita
1719 1730 1778 1752 nec
1804 1720 1866 1752 duo

1133 1775 1292 1807 electores
1305 1773 1361 1806 filii
1378 1773 1523 1806 eiusdem
1539 1774 1653 1805 domus
1668 1772 1777 1805 matris
1792 1772 1867 1814 eligi

1132 1827 1268 1870 possint.

1176 1881 1190 1924 ἓ
1215 1880 1246 1912 5.
1274 1880 1362 1917 Quod
1389 1879 1414 1912 si
1440 1884 1553 1918 morte,
1580 1879 1794 1922 promotione,
1817 1889 1867 1911 re-
1892 1887 2062 1913 Monachiquan.

1878 1914 1905 1934 do
1921 1915 1997 1938 eligere
2016 1920 2062 1938 piis·

1134 1933 1341 1965 iiiiiiciatione
1357 1939 1408 1966 aut
1423 1932 1603 1976 privatione
1621 1931 1729 1974 aliqua
1740 1931 1867 1963 abbatia
1878 1942 1918 1961 sini
1933 1940 2039 1960 abimum.

1135 1985 1305 2026 vacaverit,
1325 1985 1475 2018 monachi
1499 1984 1585 2017 illius
1602 1983 1797 2024 monasterii,
1820 1995 1869 2017 cu-

1135 2040 1182 2071 ius
1207 2039 1305 2071 abbas
1331 2037 1450 2071 obierit
1474 2042 1528 2070 aut
1548 2038 1793 2077 renunciaverit,
1818 2039 1868 2070 vel

1136 2092 1275 2132 privatus
1301 2091 1404 2131 suerit,
1431 2091 1570 2123 duorum
1590 2091 1716 2123 dierum
1738 2095 1869 2122 natura-

1135 2145 1209 2176 lium
1243 2145 1346 2187 spatio
1373 2144 1451 2187 (qui
1483 2143 1647 2176 numerari
1681 2143 1821 2176 debeant
1851 2153 1868 2175 a

1133 2197 1274 2229 defuncti
1306 2202 1421 2236 morte,
1449 2196 1699 2229 renunciatione
1728 2207 1744 2228 a
1769 2206 1867 2238 gene-

1133 2250 1192 2282 rali
1208 2250 1418 2282 resormatore
1433 2248 1570 2281 admissa
1584 2253 1679 2291 atque
1698 2248 1866 2280 conventui

1132 2302 1266 2335 iiiridice
1300 2291 1481 2341 notificasti,
1509 2307 1562 2333 aut
1596 2301 1777 2344 privatione
1809 2312 1867 2344 per

1133 2355 1328 2387 definitivam
1346 2354 1540 2387 sententiam
1558 2353 1746 2386 confirmata
1767 2359 1797 2386 et
1817 2354 1865 2385 in-

1132 2408 1267 2451 timata),
1288 2418 1360 2441 cum
1387 2418 1444 2440 suo
1469 2406 1675 2450 praesidente
1700 2408 1750 2439 vel
1776 2417 1868 2449 prae-

1132 2460 1237 2503 posito
1268 2461 1299 2493 in
1331 2471 1389 2493 suo
1421 2460 1561 2502 capitulo
1587 2459 1797 2501 congregati,
1826 2459 1864 2491 ad

1131 2513 1325 2546 electionem
1350 2512 1475 2545 abbatis
1509 2511 1652 2544 eiusdem
1676 2511 1865 2542 monasterii

354 2567 441 2609 quod
477 2571 645 2598 assument
677 2566 814 2598 officium
844 2567 995 2599 electoris
1022 2578 1087 2600 non
1131 2567 1319 2610 procedant,
1341 2571 1426 2599 etex
1446 2565 1613 2598 monachis
1636 2564 1778 2596 eiusdem
1798 2574 1864 2595 mo-

354 2619 495 2652 habeant
519 2628 630 2651 vocem
654 2618 810 2661 passivam
828 2619 860 2651 in
877 2620 943 2652 ulla
960 2620 1089 2654 electio·
1123 2652 1125 2655 .

1168 2631 1177 2655 1
1191 2628 1233 2656 Sic
1242 2628 1284 2656 ed.
1295 2629 1386 2663 Mam,
1399 2628 1441 2656 ed.
1453 2627 1570 2656 Cherub.
1583 2626 1608 2652 li.
1622 2626 1764 2653 Committe
1772 2625 1862 2659 tasin).

1752 244 1816 276 2293
1862 252 1910 278 An.
1930 250 1959 277 c.
1984 250 2046 277 inii

1906 1467 2014 1488 Eiectat&
2026 1469 2060 1493 qul

1880 1500 1925 1514 esse
1937 1494 2035 1514 debeant.
