2279 3260
216 267 264 295 An.
285 267 312 293 C.
338 268 400 294 ¹⁶7¹

455 258 514 291 154

411 316 581 355 sariarum,
609 327 644 348 ex
667 321 734 348 toto
760 316 848 348 Statu
874 315 1098 348 Ecclesiastico
1119 319 1150 346 et

411 368 666 411 quibuscumque
699 368 769 401 aliis
801 368 880 400 locis
913 373 1002 399 extra
1027 366 1148 399 dictum

411 422 532 454 Statum
549 421 798 453 consistentibus
814 421 851 452 ad
867 419 1041 461 collegium
1060 427 1149 461 prac-

412 474 512 506 satum
550 479 610 505 tam
637 483 693 516 per
719 478 834 504 terram
860 482 954 514 quam
980 481 1037 513 per
1061 480 1148 502 mare

413 532 444 560 et
462 538 576 570 aquam
597 527 723 559 dulcem
747 536 783 558 ac
805 525 883 558 alias
904 523 1150 567 quomodolibet

412 579 703 617 conducendarum,
724 588 758 609 ac
783 577 879 609 etiam
898 576 959 608 iam
973 575 1011 608 ad
1033 575 1149 607 dictam
1169 583 1171 599 1

412 632 528 665 Urbem
555 631 795 674 quomodolibet
811 630 1051 667 conductarum,
1071 627 1148 659 etin
1169 651 1171 657 .

412 687 448 717 ea
474 684 691 723 existentium,
720 688 752 715 et
775 693 833 725 pro
859 682 972 714 eodem
997 679 1146 722 collegio,

413 738 444 769 in
470 739 584 778 magna
609 747 663 768 sen
688 737 785 778 parrs‘i
806 734 995 777 quantitate,
1022 738 1085 765 tam
1116 732 1148 764 in

412 789 543 822 barchis
557 800 650 831 quam
670 788 701 819 in
721 787 922 829 niagazzcnis
940 792 971 819 et
988 786 1065 818 alias
1079 785 1149 817 ubi-

414 842 490 874 libet
517 841 732 880 ememlarum,
759 840 946 872 auctoritate
965 837 1149 881 apostolica,

414 901 528 927 tenore
554 893 787 936 praesentium,
805 898 963 935 perpetuo
981 891 1150 923 eximimus

413 952 444 979 et
476 947 652 979 liberamus
672 972 679 985 ‚
714 945 900 987 liberaque,
934 943 1088 976 immunia
1120 947 1150 975 et

414 1004 561 1042 exempta
586 1008 655 1030 csse
681 998 839 1030 volumus.
867 996 1042 1029 Districtius
1066 995 1151 1027 inbi-

414 1053 527 1085 bentes
554 1050 704 1082 omnibus
731 1055 762 1082 et
794 1049 928 1091 singulis
962 1054 1024 1081 tam
1057 1047 1150 1080 Urbis

415 1115 508 1147 quam
533 1104 638 1136 Status
672 1102 905 1145 praedictorum
931 1102 1146 1143 gabellarum,

415 1158 574 1190 datioruni
600 1162 631 1188 et
657 1155 858 1197 vectigalium
884 1154 1070 1187 eorumdem
1096 1154 1150 1185 da-

415 1209 527 1249 tiariis,
544 1207 798 1241 conductoribus
813 1218 868 1239 seu
884 1206 1148 1250 appaltatoribus,

416 1262 593 1304 ceterisque
620 1261 659 1293 ad
690 1271 770 1303 quos
802 1265 927 1303 spectat
951 1265 981 1292 et
1006 1264 1149 1303 spectare

414 1315 533 1359 poterit
553 1313 797 1356 quomodolibet
813 1313 846 1345 in
860 1313 1008 1351 futurum,
1028 1322 1067 1344 ne
1086 1312 1151 1344 col-

416 1367 535 1409 legium
553 1366 739 1409 praefatum,
758 1365 910 1408 illiusque
936 1365 1099 1397 scholares
1121 1370 1152 1396 et

416 1430 584 1463 personas,
611 1420 657 1451 rel
684 1429 741 1461 pro
767 1418 812 1450 eis
830 1423 970 1460 agentes,
990 1423 1021 1449 et
1042 1428 1150 1450 corum

416 1474 501 1506 bona
517 1483 747 1516 quaecumque,
763 1476 818 1504 aut
835 1482 948 1504 eorum
965 1471 1150 1514 quemlibet,

419 1526 539 1559 directe
557 1527 606 1558 vel
627 1525 795 1564 indirecte,
815 1524 924 1567 quovis
939 1524 1086 1567 quaesito
1103 1534 1154 1556 co-

417 1580 484 1611 lore
503 1579 550 1610 vel
569 1577 709 1620 ingenio,
728 1578 911 1616 molestare,
927 1576 1084 1619 impedire
1103 1577 1152 1609 vel

417 1631 610 1675 perturbare
649 1630 789 1663 audeant
825 1640 880 1662 seu
920 1634 1151 1672 praesuinant3

418 1683 595 1727 quinimmo
611 1683 656 1716 eis
675 1683 706 1715 in
731 1682 918 1726 praemissis
945 1682 1084 1715 efficacis
1106 1683 1154 1715 de-

418 1736 576 1769 fensionis
612 1735 775 1779 praesidio
815 1735 1001 1768 assistentes
1038 1735 1155 1768 saciant

419 1789 506 1833 ipsos
532 1794 562 1821 et
590 1799 703 1821 eorum
729 1788 907 1832 quemlibet
932 1788 1130 1821 immunitate
1146 1816 1153 1828 ‚

420 1842 624 1885 exemptione
657 1847 688 1874 et
718 1841 788 1874 aliis
813 1841 998 1884 praemissis
1024 1841 1155 1884 pacifice

422 1894 483 1927 frui
509 1900 540 1927 et
565 1895 716 1937 gaudere.
738 1895 780 1927 Ac
798 1894 1011 1927 decernentes
1030 1894 1155 1928 irritum

422 1947 560 1980 etinane
576 1947 602 1979 si
621 1958 714 1979 secus
740 1957 840 1989 super
865 1947 915 1979 his
941 1958 957 1979 a
978 1958 1155 1990 quoquam,

422 2000 534 2044 quavis
560 2000 761 2039 auctoritate,
781 1999 924 2032 scienter
941 2001 990 2033 vel
1005 2000 1159 2042 ignoran-

423 2060 480 2092 ter,
500 2052 675 2094 contigerit
688 2051 850 2093 attentari.
869 2052 938 2084 Non
956 2053 1158 2085 obstantibus

423 2106 621 2149 praemissis,
649 2116 684 2138 ac
708 2105 993 2138 constitutionibus
1018 2111 1050 2138 et
1075 2107 1161 2139 ordi-

423 2158 610 2191 nationibus
628 2159 961 2201 apostolicis,necnon
984 2158 1087 2191 dictae
1104 2159 1160 2192 Ur-

423 2212 472 2244 bis
491 2217 522 2244 et
539 2212 738 2244 dohanarum
763 2211 1009 2254 praedictarum,
1029 2223 1065 2244 ac
1083 2223 1161 2255 quo-

425 2275 633 2306 rumcumque
668 2264 875 2296 tribunalium
909 2270 940 2297 et
973 2266 1159 2305 curiarum,

425 2319 619 2357 iuramento,
638 2317 884 2350 confirmatione
906 2318 1093 2362 apostolica,
1113 2320 1161 2352 vel

427 2371 537 2415 quavis
561 2370 712 2403 tirmitate
738 2371 798 2403 alia
829 2371 1009 2411 roboratis,
1037 2371 1161 2404 statutis

428 2429 457 2455 et
483 2422 771 2456 consuetudinibus
788 2450 795 2463 ,
822 2423 999 2466 privilegiis
1024 2434 1162 2466 quoque,

427 2476 560 2509 indultis
592 2481 624 2508 et
655 2476 770 2508 litteris
802 2475 1010 2518 apostolicis,
1039 2476 1162 2509 eisdem

428 2528 645 2562 tribunalibus
671 2533 702 2561 et
725 2528 833 2568 curiis,
852 2527 1019 2566 iudicibus,
1039 2538 1164 2561 necnon

431 2581 686 2626 appaltatoribus
710 2586 742 2614 et
765 2580 952 2614 dohaneriis
978 2579 1163 2623 praedietis,

429 2646 464 2669 ac
485 2635 742 2680 quibuscumque
758 2634 828 2667 aliis
848 2633 1003 2677 personis,
1022 2633 1081 2666 sub
1099 2633 1165 2679 qui-

993 267 1171 290 mrtmnimu
1196 266 1346 290 ROMANUM

1191 314 1391 356 buscumqne
1410 314 1574 346 tenoribus
1594 320 1624 346 et
1645 312 1772 353 formis,
1795 322 1832 345 ac
1857 322 1928 344 cum

1192 366 1355 408 quibusvis
1387 367 1482 398 etiam
1515 365 1795 408 derogatoriarnm
1832 365 1929 397 dero-

1191 419 1339 461 gatoriis‚
1369 419 1504 461 aliisque
1533 425 1564 452 et
1594 419 1732 452 insolitis
1766 417 1927 458 clausulis,

1191 481 1318 503 necnon
1342 470 1542 504 irritantibus
1567 476 1599 504 et
1623 471 1692 504 aliis
1723 470 1870 510 decretis,
1895 469 1927 502 in

1192 533 1311 564 genere
1342 524 1391 556 vel
1421 523 1454 555 in
1479 523 1608 566 specie,
1643 523 1738 556 etiam
1771 527 1859 555 motu
1896 526 1929 554 et

1192 574 1327 607 scientia
1351 574 1519 614 similibus,
1546 585 1581 607 ac
1611 575 1689 607 alias
1721 575 1929 618 quomodoli-

1191 627 1247 659 bet
1275 627 1372 659 etium
1397 626 1519 659 iteratis
1537 627 1656 659 vicibus
1674 627 1854 667 concessis,
1873 638 1928 670 ap-

1191 679 1334 722 probatis
1354 684 1385 711 et
1414 679 1588 719 innovatis;
1619 679 1734 723 quibus
1763 680 1926 720 omnibus,

1192 731 1316 765 etiamsi
1343 742 1401 775 pro
1423 731 1597 764 sufficienti
1616 730 1810 775 eorumque¹
1837 732 1928 765 dero-

1192 784 1321 826 gatione
1348 784 1386 816 de
1411 783 1474 816 illis
1511 794 1625 816 eorum
1655 784 1729 817 totis
1759 784 1926 817 tenoribus

1192 837 1353 880 specialis,
1383 836 1544 880 specifica,
1571 847 1731 879 expressa,
1754 836 1926 875 individua,

1192 901 1227 923 ac
1262 890 1301 922 de
1335 892 1434 923 verbo
1470 890 1508 922 ad
1546 890 1688 929 verbum,
1723 899 1787 921 non
1821 894 1927 921 antem

1192 954 1249 986 per
1274 944 1433 976 clausulas
1458 944 1625 985 generales
1643 942 1727 975 idem
1752 942 1929 984 importan-

1193 1001 1258 1035 tes‚
1285 995 1405 1028 mentio
1431 1006 1486 1027 seu
1516 995 1647 1038 quaevis
1679 995 1740 1027 alia
1765 994 1928 1037 expressio

1188 1048 1345 1080 ,habenda
1363 1053 1417 1080 aut
1440 1048 1548 1090 aliqua
1566 1047 1627 1080 alia
1652 1047 1810 1090 exquisita
1829 1047 1928 1079 fornia

1192 1101 1231 1133 ad
1257 1100 1317 1133 hoc
1342 1101 1501 1132 servanda
1527 1105 1632 1140 esset,
1660 1105 1786 1132 tenores
1819 1099 1928 1131 huius-

1192 1152 1287 1192 modi,
1314 1164 1349 1185 τις
1373 1152 1397 1184 si
1424 1153 1462 1184 de
1487 1152 1584 1184 verbo
1610 1152 1648 1184 ad
1674 1152 1816 1191 verbum,
1844 1150 1926 1184 nihil

1193 1204 1322 1248 penitus
1348 1203 1465 1237 omisso
1491 1208 1522 1236 et
1546 1204 1649 1236 forma
1674 1203 1705 1236 in
1732 1203 1794 1236 illis
1815 1203 1931 1235 tradita

1194 1257 1380 1295 observata,
1406 1256 1520 1289 inserti
1554 1257 1678 1296 forent,
1705 1254 1931 1298 praesentibus

1193 1319 1252 1352 pro
1277 1307 1493 1340 suflicienter²
1510 1313 1541 1340 et
1558 1318 1709 1351 expresse
1728 1308 1931 1349 derogamus,

1194 1362 1376 1405 ceterisque
1391 1361 1564 1395 contrariis
1582 1361 1853 1405 quibuscumque.
1873 1360 1933 1393 Vo-

1195 1417 1299 1449 lumus
1330 1421 1437 1448 autem
1463 1416 1547 1458 quod
1578 1414 1820 1458 pi‘aesentiuni’
1848 1419 1933 1446 tran-

1195 1467 1339 1511 sumptis,
1369 1468 1464 1500 etiam
1488 1467 1663 1510 impressis,
1687 1478 1782 1499 manu
1816 1466 1933 1499 notarii

1196 1520 1316 1564 publici
1343 1521 1488 1553 eiusdem
1513 1519 1643 1562 collegii
1670 1520 1836 1552 secretarii
1861 1519 1934 1552 sub-

1196 1573 1333 1616 scriptis,
1355 1578 1386 1606 et
1403 1573 1509 1615 sigillo
1531 1571 1693 1605 communi
1711 1572 1854 1605 eiusdem
1871 1573 1936 1605 eol-

1197 1626 1271 1668 legii
1296 1625 1446 1666 munitis,
1480 1626 1593 1658 eadem
1627 1636 1760 1668 prorsus
1792 1624 1871 1658 fides
1903 1626 1935 1658 in

1197 1679 1315 1712 iudicio
1333 1685 1365 1712 et
1381 1686 1470 1712 extra
1487 1690 1523 1711 ac
1543 1679 1620 1711 alias
1641 1678 1835 1722 ubicumque
1856 1689 1936 1721 opus

1199 1732 1293 1764 suerit
1323 1731 1536 1772 adhibeatur,
1563 1742 1599 1763 ac
1623 1732 1647 1764 si
1674 1737 1862 1774 praesentes
1892 1732 1938 1764 so-

1199 1790 1271 1817 rent
1299 1784 1461 1817 exhibitae
1488 1785 1537 1817 vel
1564 1789 1723 1817 ostensae.
1750 1783 1834 1817 Nulli
1860 1795 1937 1827 ergo

1200 1837 1369 1870 hominum
1396 1837 1491 1870 liceat
1522 1837 1605 1869 hanc
1629 1837 1779 1880 paginam
1805 1842 1936 1870 nostrae

1200 1890 1438 1934 exemptionis,
1464 1890 1685 1931 liberationis,
1718 1889 1934 1930 inhibitionis,

1202 1944 1344 1984 decreti,
1370 1942 1589 1985 derogationis
1625 1948 1656 1975 et
1688 1942 1864 1975 voluntatis
1889 1943 1937 1975 in-

1202 1996 1354 2039 fringere,
1372 1997 1419 2029 vel
1438 1996 1467 2028 ei
1481 2007 1558 2028 ausu
1578 1996 1748 2029 temerario
1763 1996 1934 2029 contraire.

1202 2049 1232 2082 Si
1259 2049 1329 2092 quis
1355 2054 1461 2081 autem
1487 2049 1548 2081 hoc
1585 2054 1742 2081 attentare
1772 2059 1938 2091 praesum-

1202 2102 1310 2145 pserit,
1337 2101 1592 2143 indignationem
1627 2101 1857 2144 omnipotentis
1883 2101 1938 2134 Dei

1204 2166 1239 2187 ac
1263 2155 1431 2187 beatorum
1456 2154 1541 2186 Petri
1560 2160 1592 2187 et
1610 2154 1697 2187 Pauli
1716 2155 1940 2198 apostolorum

1204 2207 1273 2240 eius
1297 2217 1329 2239 se
1356 2206 1479 2239 noverit
1503 2207 1717 2239 incursurum.

1240 2269 1335 2296 Datum
1357 2268 1465 2301 Romae,
1485 2268 1556 2303 apud
1571 2269 1596 2295 S.
1614 2268 1742 2303 Marcum,
1764 2277 1832 2296 anno
1850 2268 1940 2297 lucar-

1206 2314 1322 2340 nationis
1342 2313 1498 2340 Dominieae
1518 2320 1645 2348 mntxx1v‚
1662 2313 1750 2340 idibus
1769 2313 1836 2345 iulii,
1857 2313 1941 2350 ponti-

1206 2359 1299 2385 ficatus
1319 2357 1402 2384 nostri
1421 2365 1491 2384 anno
1511 2364 1549 2383 111.

1281 2420 1402 2454 CAESAR
1418 2419 1613 2454 Gtonffimus
1629 2420 1668 2453 M.
1685 2420 1721 2453 A.
1743 2420 1781 2453 de
1799 2420 1939 2454 Atnxus.

1244 2511 1252 2536 1
1278 2508 1347 2535 Edit.
1365 2508 1443 2535 Main.
1460 2508 1523 2541 legit
1538 2516 1637 2535 eorum
1651 2509 1691 2540 (n.
1707 2508 1755 2539 τ.).

1242 2553 1258 2579 2
1278 2553 1367 2580 Lectio
1387 2552 1519 2579 defectiva
1547 2552 1697 2587 supplenda
1725 2561 1756 2579 ex
1781 2552 1867 2579 solitis
1885 2552 1942 2579 for·

1208 2597 1288 2624 mulis
1309 2600 1344 2630 (R.
1360 2598 1407 2628 T.)-

1243 2642 1259 2669 3
1278 2641 1349 2668 Edit.
1371 2641 1448 2668 nain.
1469 2641 1531 2677 legit
1552 2642 1751 2676 praesentibus
1769 2643 1809 2677 (a.
1824 2641 1876 2678 12).

1935 263 1984 291 An.
2001 262 2030 290 C.
2054 263 2116 290 ¹671
