2279 3260
229 242 282 268 An.
300 241 328 268 c.
346 239 413 267 1672
458 231 523 265 5374

1008 242 1186 267 BI'LLAHIUM
1210 241 1360 266 ROMANUM

421 289 547 331 gravius
573 296 685 324 contra
710 301 765 324 eos
790 291 1003 334 spiritualiter
1028 296 1059 322 et
1084 295 1161 322 tem-
1179 290 1182 307 ¹
1202 299 1339 331 cumque
1379 289 1520 331 ordinis,
1551 297 1669 331 status,
1701 291 1840 334 gradus,
1866 300 1937 322 con·

422 343 586 385 poraliter,
605 349 697 386 prout
714 344 865 387 expedire
883 343 1075 382 noverimus,
1089 352 1162 385 pro-

422 396 555 428 cessuri.
572 397 787 430 Dccernentes
812 401 1000 439 praesentes
1024 395 1158 434 litteras,

422 449 518 481 etiam
544 461 579 482 ex
605 461 643 483 eo
670 451 755 493 quod
788 449 941 492 praedicti
963 454 994 481 et
1017 448 1160 491 quicum-

423 512 485 544 que
510 502 562 534 alii
588 502 618 535 in
644 502 828 545 praemissis
859 502 1015 533 interesse
1040 501 1161 533 haben-

423 559 480 594 tes,
506 565 561 587 scu
588 556 707 587 babere
733 553 977 597 quomodolibet
1012 558 1161 596 praeten-

423 608 544 647 dentes,
561 608 624 640 illis
650 618 712 640 non
732 607 967 646 cons1=1isffl·int,
987 617 1047 639 uec
1065 607 1103 639 ad
1124 617 1161 638 ea

423 661 534 699 vocati,
559 660 644 692 citati
670 665 699 693 et
725 659 824 691 zuuliti
849 659 975 699 suerint,
993 659 1032 691 de
1051 659 1161 691 subre-

424 713 551 756 ptionis,
589 714 637 745 vel
670 712 881 755 obreptionis,
920 717 974 744 aut
1005 712 1160 744 uullitatis

423 766 518 805 vitio,
546 777 601 798 seu
634 764 823 808 intentionis
856 770 983 797 nostrae
1018 769 1073 796 aut
1096 764 1159 797 alio

423 818 574 861 quopiam
589 817 792 860 quantumvis
803 817 1002 849 substantiali
1022 817 1158 857 defectu,

424 872 471 903 vel
497 882 533 903 ex
552 881 754 913 quacumque
775 871 837 903 alia
854 872 957 910 causa,
977 870 1158 910 occasione,

422 925 541 963 colore,
558 928 722 966 praetextu
742 929 773 955 et
790 922 905 966 capite,
926 923 1021 955 etiam
1039 923 1071 955 in
1089 933 1159 956 cor-

421 987 500 1019 pore
526 975 603 1008 iuris
628 977 746 1015 clauso,
762 975 865 1008 notari
891 975 1084 1019 impugnari,
1112 976 1159 1008 in-

423 1028 567 1069 validari,
592 1030 755 1072 redargui,
782 1040 837 1061 seu
863 1029 1016 1069 rescindi,
1043 1034 1097 1061 aut
1120 1029 1158 1061 ad

424 1081 576 1114 terminos
603 1081 680 1113 iuris
698 1081 817 1121 reduci,
840 1087 893 1114 aut
914 1082 1067 1114 advorsus
1088 1081 1159 1114 illas

421 1134 610 1176 aperitiouis
622 1134 698 1175 oris,
713 1134 926 1167 restitutionis
942 1134 973 1166 in
987 1134 1156 1177 integrum,

422 1187 471 1218 vel
498 1187 585 1219 aliud
622 1187 851 1230 quodcumque
877 1187 966 1228 iuris,
1001 1187 1075 1219 sacti
1110 1189 1157 1220 vel

422 1238 542 1281 gratiae
568 1240 748 1272 remedium
773 1240 950 1283 impetrari,
984 1245 1037 1272 aut
1062 1240 1158 1272 etiam

422 1297 510 1324 motu
548 1292 680 1335 proprio
721 1303 874 1325 concesso
910 1292 1093 1336 quempiam
1126 1292 1180 1330 in,

422 1344 541 1377 iudicio
567 1346 616 1378 vel
642 1350 730 1377 extra
764 1345 844 1378 illud
878 1345 923 1377 uti
955 1356 1012 1378 seu
1050 1345 1180 1395 iuvare,

422 1399 512 1431 nullo
538 1409 678 1442 unquam
717 1404 860 1442 tempore
896 1409 1010 1441 posse,
1049 1398 1180 1441 sicque¹

1179 1443 1180 1454 ¹
1201 1450 1239 1482 ad
1263 1449 1395 1481 verbum
1421 1449 1459 1481 de
1495 1448 1693 1492 privilegiis,
1721 1448 1934 1491 indulgentiis

422 1458 454 1484 et
478 1461 542 1484 non
578 1451 673 1484 aliter
705 1451 736 1483 iu
763 1451 948 1494 praemissis
973 1461 1031 1494 per
1060 1462 1158 1494 quos-

422 1515 556 1546 cumque
582 1504 706 1536 iudices
732 1504 915 1536 ordinarios
932 1510 961 1536 et
984 1504 1157 1545 delegatos,

421 1557 519 1589 etiam
544 1567 710 1589 causarum
743 1556 852 1600 palatii
880 1556 1048 1599 apostolici
1075 1557 1158 1589 audi-

422 1615 517 1650 tores,
543 1621 579 1642 ac
603 1609 634 1642 S,
662 1609 698 1641 P..
727 1609 761 1641 E.
789 1609 982 1650 cardinales,
1004 1609 1099 1641 etiam
1119 1611 1156 1642 de

423 1663 522 1695 letere
540 1665 673 1705 legatos,
693 1663 817 1695 sublata
839 1662 885 1695 eis
903 1667 934 1695 ct
959 1673 1069 1695 eorum
1092 1663 1158 1695 cui-

422 1715 501 1748 libet
519 1716 628 1759 quavis
653 1717 748 1748 aliter
773 1715 935 1748 iudicandi
956 1716 1105 1749 facultate
1128 1723 1159 1749 et

422 1770 621 1810 auctoritate,
645 1769 773 1802 deliniri
800 1769 937 1809 debere,
965 1780 999 1801 ac
1032 1769 1157 1803 irritum

423 1827 454 1855 et
477 1823 571 1855 inane
597 1823 623 1855 si
650 1832 744 1855 secus
764 1833 862 1866 super
880 1823 931 1855 his
953 1833 968 1854 a
987 1833 1156 1866 quoquam,
1179 1819 1180 1857 J

1203 339 1341 381 ditioniS,
1357 341 1520 384 dignitatis
1538 348 1569 374 et
1581 342 1855 386 praeeminentiae
1871 342 1937 373 sue-

1203 391 1277 432 rint,
1305 393 1429 426 etiamsi
1457 400 1489 426 ut
1512 395 1730 438 praemittitur
1747 393 1935 439 pontificali,

1203 445 1312 487 regali,
1332 446 1450 486 ducali,
1468 458 1524 479 seu
1542 448 1651 490 quavis
1669 448 1729 480 alia
1747 446 1936 480 ecclesiasti-

1202 499 1237 528 ca
1262 502 1293 529 et
1317 499 1477 531 mundana
1507 500 1735 542 praefulgeant
1769 499 1933 542 dignitate,

1202 561 1219 582 a
1244 550 1325 582 Sede
1351 551 1526 593 praedicta,
1543 562 1578 584 ex
1593 562 1794 595 quacumque
1820 554 1933 592 causa,

1203 601 1299 634 etiam
1325 613 1384 645 per
1413 603 1494 635 viam
1520 608 1706 636 contractus
1731 610 1763 637 et
1787 614 1935 636 remune-

1202 655 1346 695 rationis,
1360 655 1455 688 etiam
1470 656 1587 688 intuitu
1610 662 1641 688 et
1658 657 1933 700 contemplatione

1203 718 1325 750 regum,
1338 708 1462 747 ducum,
1482 709 1793 751 rerumpublicarum
1809 715 1840 742 et
1857 709 1936 741 alio-

1203 771 1271 793 rum
1290 772 1580 805 quormneumque,
1600 771 1635 793 ac
1656 763 1714 794 sub
1736 762 1936 804 quibuscum-

1202 824 1263 856 que
1300 814 1468 846 verborum
1502 814 1668 847 tenoribus
1691 819 1722 847 et
1750 815 1871 853 formis,
1901 824 1936 846 ac

1201 878 1272 899 cum
1290 867 1450 910 quibusvis
1468 867 1562 899 etiam
1582 867 1860 909 derogatoriarum
1883 867 1936 899 de-

1201 920 1382 963 rogatoriis,
1402 920 1538 963 aliisque
1561 919 1809 960 efficacioribus,
1829 919 1936 952 effica-

1202 973 1338 1005 cissimis
1363 978 1396 1005 et
1425 972 1565 1005 insolitis
1592 972 1756 1012 clausulis,
1781 971 1936 1004 irritanti-

1201 1028 1329 1070 busque
1354 1031 1385 1058 et
1409 1025 1480 1058 aliis
1513 1025 1658 1065 decretis,
1684 1025 1715 1057 in
1742 1036 1859 1067 genere
1885 1025 1935 1057 vel

1201 1079 1232 1111 in
1258 1079 1377 1122 specie,
1397 1078 1493 1111 etiam
1518 1083 1604 1111 motu
1622 1078 1764 1121 proprio,
1784 1089 1820 1110 ac
1839 1077 1933 1110 etiam

1201 1132 1478 1173 consistorialiter,
1506 1137 1537 1165 et
1562 1132 1641 1164 alias
1667 1132 1699 1163 in
1737 1130 1931 1164 contrarium

1201 1185 1446 1228 quomodolibet
1481 1184 1652 1224 concessis,
1679 1184 1866 1227 approbatis
1902 1189 1934 1216 et

1202 1237 1373 1279 innovatis,
1394 1238 1488 1269 etiam
1503 1237 1755 1273 continentibus,
1775 1237 1862 1280 quod
1882 1247 1936 1268 ex-

1201 1289 1429 1323 communicari
1445 1295 1476 1322 et
1496 1289 1761 1322 anathematizari
1781 1300 1845 1321 non
1863 1299 1937 1331 pos-

1200 1343 1264 1375 sint
1287 1354 1346 1386 per
1363 1343 1487 1375 litteras
1509 1343 1703 1386 apostolicas
1728 1352 1793 1374 non
1817 1342 1937 1374 sacien-

1200 1401 1246 1428 tes
1272 1397 1402 1439 plenam
1429 1400 1460 1428 et
1485 1406 1668 1438 expressam
1704 1406 1740 1428 ac
1773 1395 1811 1427 de
1837 1396 1936 1427 verbo

1201 1507 1232 1534 et
1254 1501 1386 1535 indultis
1413 1502 1608 1541 huiusmodi,
1635 1512 1671 1533 ac
1689 1502 1727 1534 de
1753 1500 1934 1541 ordinibus,

1201 1555 1287 1594 locis,
1306 1555 1493 1588 nominibus
1514 1554 1664 1597 propriis,
1684 1554 1935 1596 cognominibus

1201 1614 1231 1640 et
1256 1607 1466 1650 dignitatibus
1493 1618 1604 1640 corum
1629 1607 1840 1647 1nentionem;
1868 1607 1938 1650 qui·

1200 1662 1259 1693 bus
1291 1660 1440 1693 omnibus
1479 1666 1511 1693 et
1546 1659 1698 1702 siugulis,
1726 1659 1849 1692 etiamsi
1874 1670 1934 1702 pro

1201 1714 1372 1747 sufficienti
1408 1715 1540 1746 illorum
1571 1713 1782 1756 derogatione
1809 1713 1846 1745 de
1871 1712 1935 1745 illis

1201 1778 1375 1811 eorumque
1401 1767 1476 1800 totis
1494 1766 1660 1799 tenoribus
1682 1765 1839 1809 specialis,
1861 1776 1935 1809 spe-

1200 1820 1297 1859 cifica,
1325 1831 1474 1863 expressa
1499 1824 1531 1852 et
1554 1819 1730 1858 individua,
1750 1829 1785 1851 ac
1811 1819 1849 1851 de
1865 1828 1935 1851 ver-

1945 240 1995 268 An.
2012 238 2041 266 C.
2060 240 2128 267 1672

423 1876 534 1919 quavis
560 1877 760 1917 auctoritate,
778 1877 916 1909 scienter
939 1878 989 1910 vel
1010 1877 1158 1920 ignoran-
1179 1860 1180 1909 i
1201 1874 1241 1906 bo
1266 1874 1303 1906 ad
1325 1874 1469 1913 verbum,
1489 1883 1553 1905 non
1575 1878 1680 1905 autem
1695 1882 1754 1915 per
1774 1873 1933 1904 clausulas

424 1935 481 1968 ter,
500 1929 673 1972 contigerit
696 1930 860 1962 attentari.
1179 1916 1181 1951 i
1201 1928 1368 1970 generales
1390 1926 1475 1958 idem
1495 1926 1717 1968 importantes,
1732 1925 1853 1957 mentio
1875 1935 1932 1957 seu

229 1979 413 2031 &23:222222123}
467 1982 482 2025 g
506 1981 536 2014 5.
564 1982 633 2014 Non
659 1982 862 2015 obstantibus
889 1983 1055 2025 quibusvis
1081 1995 1158 2027 apo-
1179 1992 1180 1997 ¹
1201 1980 1330 2024 quaevis
1354 1979 1415 2012 alia
1441 1978 1608 2022 expressio
1634 1978 1785 2010 habenda
1806 1983 1859 2010 aut
1879 1978 1934 2010 ali-

229 2033 402 2058 ¹s““¹⁵¹¹‘³'⁰ss³'·
423 2035 560 2076 stolicis,
587 2046 623 2068 ac
647 2035 680 2067 in
706 2036 945 2069 universalibus
978 2037 1158 2079 provincia·
1201 2044 1262 2076 (11¹3
1286 2032 1347 2065 filia
1373 2031 1530 2074 exquisita
1548 2032 1650 2063 forma
1675 2031 1712 2062 ad
1733 2031 1793 2063 110⁰
1811 2040 1934 2063 Sffl't'ffll·

422 2088 572 2131 libusque
597 2093 628 2120 et
655 2088 862 2131 synodalibus
885 2089 1030 2121 conciliis
1054 2089 1156 2129 editis,
1201 2086 1240 2118 da
1276 2086 1368 2126 soret,
1403 2090 1530 2117 tenoies
1558 2084 1754 2124 huiusmodi,
1780 2090 1816 2116 ac
1842 2084 1867 2116 si
1894 2084 1932 2116 de

421 2140 628 2184 generalibus
653 2142 702 2173 vel
728 2141 937 2184 specialibus,
957 2143 1158 2176 constitutio·
1199 2140 1297 2171 verbo
1316 2139 1353 2171 ad
1375 2138 1505 2170 verbum
1532 2137 1763 2177 insererentur,
1782 2147 1934 2179 praeseu-

421 2194 516 2226 nibus
534 2199 565 2226 et
590 2193 860 2233 ordinationibus,
880 2204 1005 2227 necnon
1027 2195 1158 2237 quihus-
1178 2229 1179 2232 ,
1202 2191 1283 2223 tibus
1307 2201 1365 2233 pro
1383 2191 1479 2233 plene
1497 2195 1528 2222 et
1552 2189 1748 2222 sufficienter
1773 2189 1932 2232 expressis

423 2257 571 2289 cumque,
595 2246 691 2279 etiam
717 2246 908 2286 iuramento,
939 2248 1158 2281 confirmatio·
1178 2272 1179 2291 ,
1200 2249 1231 2276 θί
1253 2243 1382 2275 insertis
1396 2242 1565 2282 habentes,
1584 2242 1646 2274 illis
1665 2242 1742 2274 alifis
1763 2242 1795 2273 in
1813 2252 1869 2274 8¹10
1887 2253 1933 2274 ΓΟ·

424 2310 464 2332 ηρ,
491 2299 683 2341 apostolica,
709 2299 758 2331 vel
784 2298 895 2341 quavis
920 2298 1070 2332 firmitate
1096 2302 1158 2333 alia
1178 2297 1179 2322 Ῐ
1200 2297 1277 2328 bore
1294 2294 1522 2338 permansuris,
1536 2295 1574 2327 ad
1592 2294 1841 2337 litracmissorum
1858 2294 1933 2327 ell'e—

424 2352 595 2391 rolunzitis,
618 2350 741 2383 statutis
759 2355 790 2383 et
807 2351 1104 2393 consuetudinibus,
1122 2364 1159 2386 ae
1178 2327 1179 2394 i
1200 2354 1293 2389 etum,
1318 2349 1377 2380 liae
1401 2348 1467 2380 vice
1494 2348 1663 2386 dumtaxat,
1697 2347 1881 2389 specialiter
1901 2353 1934 2380 et

423 2404 734 2448 prmscriptionibus
767 2410 1062 2447 quantumeumque
1088 2407 1158 2439 lon-
1201 2411 1349 2444 CXPFCSSO
1369 2401 1571 2443 derogamus,
1594 2411 1629 2433 sse
1647 2401 1836 2443 derogatum
1862 2411 1931 2434 esse

423 2459 562 2501 gisf-iuus
582 2462 611 2489 et
635 2456 960 2496 innnemorabililms,
977 2458 1157 2501 privilegiis
1201 2454 1400 2487 deceruimus
1419 2459 1450 2486 et
1468 2455 1633 2494 volumus,
1649 2454 1832 2498 ceterisque
1855 2464 1932 2487 eon-

423 2521 560 2554 quoquc,
579 2509 710 2542 indultis
722 2508 879 2541 etlitteris
893 2510 1089 2552 apostolicis,
1109 2522 1157 2554 ge·
1200 2508 1306 2540 trariis
1332 2507 1601 2550 quibuscumque.

422 2565 587 2598 neralibus
602 2564 650 2597 vel
664 2563 870 2607 specialibus,
890 2563 1089 2606 supradictis
1109 2566 1156 2597 vel
1243 2560 1355 2592 Datum
1381 2559 1520 2600 Romae,
1548 2559 1634 2603 apud
1658 2560 1688 2592 S·
1717 2559 1846 2592 Mariam
1872 2560 1934 2592 Mil-

424 2628 535 2656 eorum
562 2615 662 2657 alicui,
689 2626 743 2649 seu
770 2614 934 2659 quibusvis
960 2615 1038 2657 aliis,
1057 2616 1157 2649 cuius·
1199 2616 1321 2658 iorem,
1360 2617 1419 2649 sub
1460 2619 1579 2651 amuilo
1615 2619 1810 2661 Piscatoris,
1837 2617 1887 2650 die
1915 2627 1932 2652 v
