2279 3260
225 238 271 265 Ᾰιι.
289 239 319 266 Γ..
344 239 409 265 1670
454 229 495 263 [42

249 1033 360 1053 nerrelum
377 1034 402 1054 lr—

221 1061 294 1080 ntaus.

290 1765 405 1789 Dei-ontio

224 1794 385 1813 conti-anorum.

414 293 536 330 spectat
563 292 590 319 et
612 288 766 331 spectabit
786 288 817 320 iu
837 288 986 328 futurum,
1006 292 1040 319 ut
1060 298 1152 330 prae-

415 339 534 371 dirtum
560 340 755 372 lllattliaeum
790 340 929 382 priorem
963 339 1149 382 generalem

414 392 445 424 in
464 403 523 425 suo
550 393 756 435 generalatus
774 393 878 425 oflicio
896 393 1028 434 eiusque
1047 391 1150 424 libero

414 445 570 478 exercitio
596 456 655 488 per
679 456 731 478 sex
758 456 860 478 annos
880 445 906 477 ei
926 456 985 487 per
1002 453 1152 487 praesen-

414 503 460 529 tes
474 503 679 540 prorogatos,
699 497 782 530 iuxta
800 498 989 529 eorumdem
1005 502 1149 528 tenorem

414 551 638 592 praesentium,
665 551 855 583 continuare
881 550 986 581 sinant
1016 554 1047 581 et
1071 559 1147 592 per-

415 602 550 642 mittant,
578 603 673 645 eique
700 603 826 634 faveant
851 607 882 634 et.
906 601 1076 641 assistant,
1114 610 1151 632 ac

415 654 555 687 salubria
569 655 637 687 eius
655 655 777 687 monita
791 654 959 686 humiliter
974 652 1152 696 suscipiant

416 712 448 739 et
471 707 643 740 efficaciter
667 707 846 749 adimplere
871 711 1056 749 p1·ocurent;
1075 704 1151 738 alio-

415 759 492 801 quin
511 759 702 792 sententiam
721 759 786 791 sire
805 768 956 802 poenam,
975 768 1072 801 quam
1088 757 1149 790 rite

415 813 523 846 tulerit
548 823 604 845 seu
630 812 778 845 statuerit
802 812 833 843 in
858 811 1020 850 rebelles,
1047 815 1149 843 ratam

414 865 613 905 habebimus,
629 870 660 897 et
676 864 840 903 faciemus,
855 869 987 896 auctore
1001 863 1149 903 Domino,

414 928 514 960 usque
539 918 576 950 ad
602 917 853 950 satisfactionem
879 916 1073 959 condignam
1102 915 1150 948 in-

414 969 609 1002 violabiliter
633 969 811 1002 observari.

459 1023 473 1066 §
497 1022 528 1055 6.
556 1023 599 1054 Ac
624 1022 836 1055 decernentes
857 1022 942 1064 ipsas
962 1025 1149 1063 praesentes

414 1076 540 1109 litteras
566 1074 684 1114 firmas,
710 1074 830 1107 validas
857 1079 889 1106 et
913 1073 1060 1106 efficaces
1087 1073 1150 1105 exi·

413 1133 497 1161 stere
522 1132 554 1160 et
578 1127 657 1167 fore,
685 1137 825 1169 suosque
850 1126 1014 1169 plenarios
1040 1130 1072 1158 et
1104 1125 1150 1157 in-

414 1186 522 1224 tegros
546 1179 676 1213 effectus
701 1179 806 1211 sortiri
844 1184 875 1211 et
905 1179 1076 1218 obtinere,
1114 1190 1150 1211 ac

413 1234 499 1267 dicto
514 1233 673 1266 Matthaeo
688 1232 788 1275 priori
806 1232 947 1274 generali
964 1231 1149 1274 plenissime

414 1285 589 1328 suffragari,
607 1290 638 1318 et
659 1285 697 1317 ab
723 1284 799 1323 illis,
818 1284 855 1316 ad
878 1295 960 1327 quos
979 1288 1101 1326 spectat
1119 1289 1151 1316 et

415 1338 573 1382 spectabit
586 1338 618 1370 in
633 1337 783 1376 futurum,
799 1336 1028 1369 inviolabiliter
1042 1336 1151 1369 obser-

413 1391 500 1430 vari,
527 1390 637 1432 sicque
656 1389 688 1421 in
706 1388 892 1432 praemissis
911 1398 971 1431 per
986 1387 1150 1431 quoscum-

414 1442 608 1485 queiudices
619 1441 800 1474 ordinarios
814 1446 845 1472 et
863 1440 1041 1482 delegatos,
1056 1439 1149 1471 etiam

413 1505 584 1529 causarum
602 1494 712 1537 palatii
731 1493 901 1536 apostolici
919 1493 1091 1532 auditores,
1107 1493 1152 1524 iu-

414 1547 515 1581 dicari
541 1551 573 1579 et
598 1545 726 1579 definiri
752 1546 882 1585 debere,
910 1556 945 1577 ac
968 1545 1096 1577 irritum
1121 1550 1152 1577 et

413 1600 510 1635 inane
535 1599 561 1631 si
586 1609 679 1632 secus
715 1608 814 1641 super
839 1598 888 1630 his
919 1609 935 1630 a
965 1608 1147 1641 quoquam,

415 1653 524 1696 quavis
551 1651 753 1689 auctoritate,
778 1651 917 1683 scienter
933 1652 982 1683 vel
1004 1651 1151 1693 ignoran-

416 1712 474 1746 ter,
500 1705 674 1747 contigerit
698 1703 862 1738 attentari.

461 1759 475 1802 ἓ
500 1758 531 1791 6.
565 1757 634 1790 Non
667 1756 867 1789 obstantibus
891 1756 1091 1800 praemissis,
1118 1767 1153 1789 ac

417 1810 697 1845 constitutionibus
728 1814 758 1842 et
789 1810 1045 1843 ordinationibus
1077 1821 1153 1853 apo-

417 1864 548 1904 stolicis,
574 1873 699 1895 necnon
725 1863 801 1895 dicti
826 1862 966 1903 Ordinis,
993 1863 1089 1895 etiam
1109 1864 1154 1895 iu-

417 1920 572 1955 ramento,
594 1915 835 1947 confirmatione
882 1915 1071 1958 apostolica,
1104 1917 1153 1949 vel

420 1968 529 2012 quavis
555 1967 703 2000 firmatite
739 1967 799 1999 alia
824 1968 1001 2008 roboratis,
1031 1969 1154 2002 statutis

420 2027 452 2054 et
478 2020 768 2060 consuetudinibus,
804 2020 979 2063 privilegiis
1004 2031 1153 2064 quoque,

421 2075 553 2108 indultis
575 2079 607 2108 et
634 2074 748 2107 litteris
772 2075 953 2117 apostolicis
978 2075 1010 2107 in
1031 2080 1156 2108 contra-

421 2128 504 2161 rium
530 2126 778 2170 praemissorum
803 2127 1050 2169 quomodolibet
1080 2138 1156 2160 con-

421 2180 533 2219 cessis,
562 2178 759 2212 confirmatis
785 2184 817 2211 et
840 2179 1017 2220 innovatis,
1041 2181 1156 2223 quibus

420 2232 571 2265 omnibus
601 2236 633 2264 et
660 2231 820 2273 singulis,
858 2231 989 2266 illorum
1025 2238 1155 2266 tenores

420 2285 646 2329 praesentibus
671 2295 729 2327 pro
762 2285 859 2327 plene
895 2289 927 2317 et
959 2285 1158 2318 sufficienter

421 2336 582 2380 expressis
607 2341 637 2369 et
657 2336 788 2368 insertis
810 2337 976 2377 habentes,
997 2337 1059 2370 illis
1078 2338 1156 2371 alias

421 2390 454 2423 in
473 2400 531 2422 suo
556 2389 674 2422 robore
698 2389 926 2432 permansuris,
949 2390 987 2422 ad
1005 2390 1158 2433 praemis-

422 2452 530 2475 sorum
548 2440 705 2481 effectum,
722 2442 783 2473 bac
798 2441 865 2474 vice
888 2442 1062 2482 dumtaxat,
1081 2453 1158 2475 con-

422 2494 635 2536 sequendum,
662 2494 846 2537 specialiter
871 2499 902 2527 et
926 2505 1079 2537 expresse
1105 2496 1158 2527 dc-

424 2557 594 2588 meamus
620 2546 805 2591 ceterisque
834 2547 1004 2581 contrariis
1029 2548 1159 2591 quibus-

426 2610 575 2644 cumque.

992 238 1171 264 mittamini!
1197 239 1346 264 ROMXNUM
1932 238 1980 266 An.
2002 237 2030 266 C.
2054 239 2121 266 1670

1236 287 1346 319 Datum
1373 288 1511 327 Romae,
1538 289 1619 331 apud
1651 288 1681 320 S.
1710 288 1837 321 Mariam
1866 286 1928 319 Ma-

1193 340 1314 379 iorem,
1341 342 1400 372 sub
1429 342 1550 374 annulo
1577 340 1761 379 rismum-is,
1782 340 1833 373 die
1870 351 1926 373 xiii

1194 393 1269 425 iunii
1293 403 1425 433 nncexx,
1450 393 1655 436 pontificatus
1673 393 1774 425 nostri
1797 404 1882 425 anno
1902 403 1923 425 1.

1570 454 1593 487 1.
1621 454 1654 487 G.
1683 454 1836 487 Stussius.

1228 515 1285 541 Dat.
1305 515 1348 541 «lie
1367 516 1396 541 13
1412 515 1477 541 iunii
1498 515 1576 548 1670,
1593 515 1689 550 pontif.
1706 523 1777 541 anno
1794 521 1811 541 ι.

1228 576 1391 609 Bessis-trata
1407 576 1439 602 in
1454 576 1560 603 Secret.
1576 576 1716 606 Breuium
1732 576 1763 602 in
1779 576 1828 603 lib.
1846 584 1927 602 men-

1191 621 1229 648 sis
1244 621 1333 654 iunii,
1348 623 1427 655 pare.
1444 626 1479 653 11,
1499 621 1548 654 fol.
1565 620 1627 647 227.

1528 760 1590 794 vn.

1193 833 1393 875 Privileqia,
1420 831 1634 874 exemptiones
1658 835 1687 863 et
1710 830 1841 863 indulta
1863 831 1924 863 da-

1233 887 1361 930 piferis,
1389 885 1448 927 qui
1475 885 1510 916 in
1535 883 1679 916 conclaui
1702 893 1779 914 suae
1803 894 1928 914 assum-

1233 938 1356 982 ptionis
1386 938 1416 969 S.
1443 937 1479 969 R.
1504 936 1540 968 E.
1569 935 1792 967 cardinalibus
1821 935 1926 967 inser-

1236 991 1375 1029 vierunt,
1399 998 1545 1021 concessa
1557 986 1576 1020 ¹.

1415 1069 1550 1095 Clemens
1571 1068 1650 1101 Papa
1669 1067 1700 1093 X.

1388 1113 1470 1140 Motu
1502 1112 1638 1146 proprio,
1674 1114 1732 1139 ete.

1236 1185 1297 1218 Nos
1324 1185 1469 1217 volentes
1496 1183 1629 1216 dilectos
1655 1182 1755 1220 filios,
1782 1186 1924 1221 nostros,
1960 1189 2119 1210 Causam-iuni.

1193 1239 1268 1271 dum
1297 1237 1512 1269 cardinalatus
1537 1236 1660 1268 honore
1690 1234 1925 1276 fungebamur,

1193 1296 1223 1324 et
1242 1289 1474 1323 venerabilium
1501 1288 1632 1320 fratrum
1651 1292 1839 1319 nostrorum
1856 1296 1928 1318 san-

1192 1348 1261 1375 ctae
1279 1343 1442 1375 Romanae
1461 1340 1623 1373 Ecclesiae
1641 1338 1853 1372 cardinalium
1875 1339 1930 1371 da-

1193 1396 1333 1439 piferOS,
1364 1393 1417 1436 qui
1449 1392 1616 1432 conclavi,
1643 1391 1675 1424 in
1709 1402 1794 1434 quo,
1825 1390 1930 1423 divina

1195 1450 1317 1481 favente
1336 1445 1518 1485 clementia,
1536 1445 1574 1477 ad
1596 1444 1708 1477 summi
1727 1445 1929 1487 apostolatus

1194 1501 1319 1544 apicem
1344 1497 1497 1541 assumpti
1523 1497 1659 1537 fuimus,
1690 1497 1927 1537 inservierunt,

1194 1554 1314 1596 quique
1340 1553 1378 1583 ea
1402 1551 1440 1583 de
1466 1552 1559 1582 causa
1583 1550 1723 1588 labores,
1748 1549 1873 1591 vigilias
1898 1553 1930 1580 et

1194 1604 1395 1637 incommoda
1420 1603 1515 1646 plura
1539 1602 1718 1641 subierunt,
1749 1601 1859 1634 habita
1882 1611 1931 1633 ra-

1195 1658 1279 1690 tione
1301 1655 1532 1699 obsequiorum
1548 1654 1742 1693 huiusmodi,
1758 1653 1930 1693 favoribus,

1195 1710 1306 1753 gratiis
1344 1714 1374 1742 et
1401 1708 1577 1752 privilegiis
1610 1718 1669 1751 pro
1702 1706 1931 1749 cuiuscumque

1196 1763 1316 1796 meritis
1345 1772 1512 1799 exornare,
1530 1761 1585 1793 ac²
1610 1760 1742 1793 eosdem
1767 1759 1929 1802 dapiferos

1196 1822 1226 1850 et
1250 1827 1360 1849 eorum
1386 1815 1531 1857 singulos
1547 1841 1554 1853 ,

1239 1869 1253 1911 ἓ
1279 1868 1309 1900 l.
1337 1868 1421 1900 Motu
1447 1866 1595 1909 proprio,
1628 1876 1693 1898 non
1718 1865 1757 1897 ad
1783 1866 2126 1917 iPSOYUmtffsspssfflssgfjgj

1197 1921 1415 1964 dapiferorum
1444 1920 1493 1952 vel
1519 1918 1650 1951 alterius
1684 1928 1743 1961 pro
1769 1917 1846 1960 ipsis
1873 1924 1971 1951 no·les
1996 1926 2024 1971 tet¹
2049 1924 2125 1953 ,not-am

1196 1974 1246 2006 bis
1267 1983 1365 2016 super
1386 1972 1448 2004 hoc
1466 1972 1592 2004 oblatae
1616 1970 1783 2014 petitionis
1809 1956 2061 2002 insta11-³”⁰⁵⁰¹⁰²'

1198 2025 1282 2063 tiam,
1302 2025 1359 2057 sed
1385 2024 1423 2056 dc
1449 2025 1538 2056 mera
1563 2022 1757 2055 liberalitate
1783 2024 1933 2064 certaque

1198 2078 1331 2110 scientia
1356 2076 1481 2115 nostris,
1502 2076 1604 2118 deque
1630 2075 1827 2118 apostolicae
1844 2080 1935 2117 pote-

1198 2130 1288 2163 statis
1312 2129 1527 2173 plenitudine,
1549 2129 1579 2160 in
1601 2139 1706 2168 veros,
1734 2127 1934 2160 indubitatos

1199 2189 1230 2216 et
1254 2194 1318 2216 non
1343 2182 1434 2214 fictos
1455 2181 1641 2221 familiares,
1661 2182 1831 2213 continuos
1850 2191 1936 2213 com-

1199 2236 1356 2268 mensales
1382 2239 1520 2273 nostros,
1539 2239 1570 2266 ct
1587 2244 1641 2266 eos
1661 2233 1715 2276 qui
1733 2244 1767 2265 ex
1787 2233 1850 2266 illis
1876 2234 1935 2266 cle-

1199 2288 1256 2320 rici
1282 2287 1443 2326 existunt,
1472 2296 1527 2318 seu
1553 2285 1684 2318 militiae
1710 2285 1853 2318 clericali
1879 2285 1934 2318 ad-

1200 2340 1294 2373 scribi
1319 2339 1516 2377 desidemnt,
1541 2348 1684 2381 quosque
1705 2343 1766 2370 tres
1789 2348 1824 2370 ex
1842 2349 1934 2381 prae-

1201 2393 1271 2425 fatis
1304 2390 1520 2424 cardinalibus
1561 2390 1593 2422 in
1637 2390 1784 2433 quolibet
1821 2390 1934 2424 ordine

1177 2443 1412 2488 ,antiquiories
1445 2443 1563 2486 gradu,
1594 2442 1764 2476 nobilitate
1798 2449 1829 2476 ct
1865 2443 1934 2476 aliis

1237 2525 1246 2550 1
1269 2523 1369 2550 Similia
1389 2523 1529 2557 privilegia
1544 2522 1654 2548 indulsit
1674 2523 1798 2549 Clemens
1813 2523 1845 2548 lx
1866 2523 1935 2550 Gon—

1200 2568 1255 2594 stit.
1272 2573 1316 2601 vn,
1334 2567 1389 2594 Nos
1404 2568 1535 2597 volentes,
1552 2570 1616 2592 tom.
1634 2572 1697 2600 xrn,
1713 2575 1773 2601 pag.
1790 2567 1853 2594 533.

1236 2612 1248 2638 1
1270 2610 1425 2638 Coniunctio
1445 2619 1476 2637 ac
1495 2609 1628 2638 redundat
1646 2617 1684 2645 m.
1701 2611 1750 2648 τ.).
