2279 3260
182 215 232 241 Au.
251 216 280 242 C.
302 215 366 242 1674

205 747 289 769 Prin-oz.

218 1798 302 1818 Vanam
318 1804 364 1817 ere<

183 1828 264 1845 eston-*s
286 1824 366 1845 contia-

183 1854 304 1871 somniatum

185 1878 231 1898 liter
246 1878 319 1898 saetas.

995 213 1136 237 CLEMENs
1159 215 1175 237 X
1202 215 1249 237 ΡΡ.

375 269 407 297 et
441 264 685 308 privilegiorum
716 262 839 295 litteras
872 262 952 293 intra
979 266 1106 303 tempus

374 317 414 350 ab
440 317 551 349 eadem
583 314 821 348 Constitutione
846 313 1023 357 praefixum
1051 313 1107 345 im-

374 374 515 411 petratas
542 368 651 407 fuisse,
682 372 748 399 tum
773 366 867 399 etiam
894 376 929 398 ex
956 376 993 398 eo
1020 365 1105 408 quod

373 421 404 452 in
430 420 590 463 plerisque
616 419 828 452 conventibus
853 419 998 451 eiusdem
1016 417 1107 450 Ordi-

373 473 431 512 nis,
446 477 518 516 post
552 472 670 505 editam
702 471 974 505 Constitutionem
1001 471 1106 503 liuius-

372 525 458 558 modi
476 525 678 563 constructis,
693 525 723 557 in
739 535 872 568 quarum
888 529 992 557 tamen
1007 525 1107 556 eccle-

372 579 426 611 siis
451 579 555 612 dictae
587 578 865 611 confraternitates
902 577 1104 616 consistunt,

373 631 499 664 litterae
525 631 698 664 erectionis
730 631 872 674 ipsarum
899 629 1107 663 confraterni-

375 689 473 716 tatum
498 684 628 717 minime
654 684 875 727 reperiuntur.

417 737 432 779 ᾗ
456 736 487 768 ⁶2.
514 736 592 769 Cum
609 742 726 776 autem,
746 736 827 768 sicut
844 736 954 769 eadem
980 734 1107 778 exposi-

375 789 418 822 tio
437 788 662 831 subiungebat,
677 789 951 831 praesumendum
965 788 1004 819 sit
1021 787 1107 830 prio-

374 852 426 874 res
452 842 620 883 generales
646 841 773 873 Ordinis
798 841 964 883 praedicti,
991 840 1106 882 quibus

374 893 653 928 confraternitates
688 893 869 936 praedictas
901 892 1045 935 erigendi
1077 897 1108 924 et

374 946 575 986 instituendi,
600 946 730 988 illisque
756 945 983 987 indulgentias,
1010 945 1108 976 facul-

375 1004 464 1039 tates
480 999 582 1041 gratia
597 1003 628 1031 et
644 998 813 1040 privilegia
827 996 1012 1029 huiusmodi
1029 1006 1108 1028 com-

375 1052 559 1084 municandi
580 1051 712 1084 facultas
730 1061 765 1083 ex
783 1051 905 1083 indulto
922 1050 1013 1083 Sedis
1029 1050 1109 1092 Apo-

374 1103 507 1137 stolicae
533 1103 747 1146 competebat,
765 1103 846 1135 nihil
865 1113 975 1136 eorum
1000 1102 1108 1144 neglc-

375 1156 458 1189 xisse
474 1183 481 1196 ,
509 1167 590 1200 quae
616 1166 673 1199 per
697 1155 815 1189 dictam
840 1154 1108 1188 Constitutionem

374 1214 466 1241 cauta
491 1214 583 1250 sunt,
613 1209 669 1241 sed
696 1208 804 1252 potius
830 1208 951 1241 litteras
977 1208 1109 1240 innova—

374 1261 471 1294 tionis
491 1256 698 1305 antiquarum
713 1267 744 1294 et
760 1261 930 1294 erectionis
955 1272 1108 1293 novarum

375 1314 675 1346 confraternitatum
712 1314 919 1355 huiusmodi,
950 1314 1109 1347 bellorum

376 1367 423 1400 vel
449 1366 619 1399 haeresum
645 1372 699 1399 aut
724 1367 835 1410 pestis,
853 1376 935 1409 quae
961 1377 1055 1410 saepe
1081 1372 1111 1399 et

375 1418 428 1451 diu
454 1419 486 1451 in
518 1419 663 1462 partibus
700 1419 874 1462 praedictis
906 1419 1109 1459 saevierunt„

375 1472 621 1513 calamitatibus,
638 1472 791 1515 periisse:
818 1473 911 1505 nobis
938 1477 1111 1515 propterea

378 1525 481 1558 dictus
503 1524 694 1558 Franciscus
711 1525 800 1568 prior
825 1525 984 1567 generalis
1010 1525 1112 1557 humi-

375 1577 450 1614 liter
471 1578 647 1621 supplicari
674 1577 757 1618 fecit,
776 1583 811 1610 ut
835 1578 874 1610 ad
899 1578 1111 1610 removendas

377 1641 488 1663 omnes
506 1630 698 1671 dubietates,
715 1636 896 1674 opportune
911 1631 942 1663 in
959 1631 1113 1674 praemis-

377 1682 419 1715 sis
446 1683 618 1726 providere
650 1688 681 1716 et
701 1688 735 1715 ut
759 1683 839 1715 infra
873 1683 1042 1725 indulgere
1073 1683 1111 1715 de

376 1735 576 1777 benignitate
601 1735 777 1778 apostolica
803 1734 1019 1776 dignaremur.

422 1788 436 1830 ἓ
453 1787 484 1821 3.
501 1787 565 1820 Nos
580 1788 688 1829 igitur,
705 1787 807 1830 ipsius
822 1787 979 1819 Francisci
998 1787 1113 1830 prioris

378 1840 539 1882 generalis
558 1840 641 1872 votis
663 1840 723 1872 liae
748 1840 779 1871 in
804 1850 848 1879 re,
866 1844 1020 1882 quantum
1042 1850 1112 1871 cum

378 1892 512 1926 Domino
530 1902 714 1935 possumus,
735 1892 954 1925 favorabiliter
972 1902 1112 1925 annuere

379 1946 532 1984 volentes,
545 1955 683 1988 eumque
695 1956 710 1977 a
723 1944 887 1988 quibusvis
900 1944 1112 1978 excommuni-

376 1997 524 2037 cationis,
543 1996 766 2040 suspensionis
784 2002 813 2030 et
838 1996 1013 2038 interdicti,
1029 1996 1114 2030 aliis-

377 2060 439 2093 que
468 2049 696 2083 ecclesiasticis
714 2049 899 2089 sententiis,
918 2050 1061 2083 censuris
1083 2057 1115 2083 et.

378 2102 512 2146 poenis,
539 2113 556 2135 a
580 2102 649 2135 iure
676 2103 725 2135 vel
759 2103 799 2135 ab
831 2102 974 2143 homine,
1000 2103 1112 2146 quavis

380 2155 549 2188 occasione
568 2155 618 2188 vel
636 2157 734 2187 causa
754 2155 835 2195 latis,
854 2155 879 2187 si
899 2155 1017 2198 quibus
1035 2167 1113 2199 quo-

380 2208 560 2241 modolibet
591 2208 766 2240 innodatus
807 2207 932 2249 existit,
965 2209 1002 2241 ad
1040 2208 1114 2241 elfe-

379 2266 464 2293 ctum
487 2261 706 2304 praesentium
727 2261 894 2294 dumtaxat
913 2272 1114 2305 consequen-

379 2314 463 2354 dum,
488 2314 603 2346 harum
627 2313 709 2347 serie
735 2314 939 2347 absolventes
965 2320 996 2347 et
1019 2315 1114 2348 abso-

378 2367 480 2400 lutum
506 2366 575 2399 fore
592 2372 771 2408 censentes,
787 2368 972 2401 huiusmodi
990 2369 1113 2411 suppli-

378 2419 559 2453 cationibus
584 2420 750 2460 inclinati,
775 2432 887 2455 omnes
913 2427 943 2455 et
969 2421 1112 2464 singulas

378 2473 662 2507 confraternitates
688 2474 746 2506 sub
782 2475 872 2508 titulo
901 2475 931 2507 S.
963 2475 1113 2518 Scapula-

378 2526 422 2559 ris
451 2527 482 2558 in
509 2526 654 2558 ecclesiis
679 2526 752 2559 dicti
780 2527 919 2567 Ordinis,
944 2533 1007 2560 tam
1033 2529 1113 2561 citra

381 2590 476 2624 quam
496 2579 577 2612 ultra
595 2584 720 2612 montes
734 2580 1113 2621 consistentibus,liacte-

1149 272 1207 293 mis
1225 266 1346 295 erectas
1363 273 1416 295 seu
1437 263 1640 306 introductas,
1660 277 1739 309 qnae
1758 267 1879 301 ibidem

1148 324 1220 346 snas
1247 314 1427 347 functiones
1453 317 1490 348 ad
1514 317 1612 349 instar
1632 318 1782 351 similium
1809 331 1881 352 con-

1150 366 1384 399 fraternitatum
1404 369 1463 399 sul)
1482 369 1596 401 eodem
1617 370 1708 402 titulo
1727 372 1880 405 canonice

1148 424 1324 452 erectarum
1346 421 1384 453 de
1410 422 1573 464 praesenti
1599 424 1738 462 obeunt,
1758 426 1881 457 tametsi

1149 472 1187 503 de
1213 473 1323 505 eadem
1349 474 1510 506 erectione
1545 485 1607 507 non
1642 481 1791 515 constet,
1823 488 1882 509 nec

1149 535 1256 557 earum
1289 526 1469 559 erectiones
1504 532 1533 559 et
1563 527 1783 561 institutiones
1809 536 1882 572 post

1149 582 1326 610 emanatam
1342 578 1513 611 Clementis
1526 580 1791 622 praedecessoris
1805 581 1883 614 Con-

1148 629 1346 663 stitutionem
1372 631 1569 674 praedictam
1595 638 1779 673 renovatae,
1798 633 1882 666 litte-

1149 692 1267 724 raeque
1290 683 1430 726 desuper
1455 684 1493 716 ‹le
1520 695 1602 717 novo
1628 685 1816 728 impetratae
1835 697 1883 719 re-

1149 733 1331 777 periantur,
1362 737 1446 768 salva
1474 741 1579 769 tamen
1606 742 1637 770 et
1662 741 1822 770 reservata
1850 739 1882 772 in

1149 787 1180 818 in
1197 786 1329 829 reliquis
1355 788 1498 820 eiusdem
1520 788 1764 823 Coustitutionis
1785 791 1884 824 forma

1149 844 1179 871 et
1205 839 1441 882 dispositione,
1477 841 1665 874 auctoritate
1692 843 1881 885 apostolica,

1151 897 1259 923 tenore
1278 892 1503 933 praesentium,
1526 904 1598 926 cum
1615 894 1756 926 omnium
1769 900 1807 934 ‚et
1825 895 1885 927 sin-

1149 945 1297 985 gulorum
1333 945 1409 977 iuris
1442 951 1473 977 et
1498 946 1569 978 facti
1603 947 1783 979 defectuum
1809 958 1884 991 sup-

1150 996 1302 1041 pletione,
1329 998 1554 1030 confirmamus
1583 1005 1610 1031 et
1638 1000 1823 1040 validamus,
1849 1000 1885 1033 il-

1151 1049 1259 1091 lasque
1284 1049 1315 1080 in
1341 1055 1422 1082 statu
1453 1050 1559 1083 valido
1585 1062 1653 1084 esse
1679 1057 1710 1084 et
1737 1053 1805 1085 fore
1831 1053 1886 1085 de-

1150 1102 1311 1134 cernimus
1337 1107 1368 1135 et
1392 1103 1593 1136 declaramus
1626 1105 1657 1137 in
1680 1106 1827 1138 omnibus
1855 1112 1886 1139 et

1151 1165 1207 1197 per
1231 1155 1337 1187 omnica
1359 1155 1492 1198 perinde
1515 1166 1550 1188 ae
1580 1156 1604 1187 si
1627 1167 1725 1191 novae
1752 1159 1887 1191 erectio-

1152 1218 1226 1239 num
1259 1213 1291 1239 et
1316 1207 1551 1241 institutionum
1588 1209 1729 1252 ipsarum
1760 1211 1887 1244 confra-

1153 1260 1348 1299 ternitatum,
1367 1266 1438 1293 ante
1471 1261 1589 1294 editam
1616 1262 1886 1295 Constitutionem

1154 1312 1351 1354 praedictam
1365 1318 1556 1354 erectarum,
1568 1315 1692 1348 litterae
1706 1315 1790 1347 iuxta
1800 1326 1888 1358 prae⁴

1153 1365 1305 1408 scriptum
1332 1365 1478 1398 eiusdem
1509 1366 1753 1400 Constitutionis
1789 1369 1890 1412 impe-

1155 1424 1275 1460 tratae,
1303 1420 1522 1463 posteriorum
1554 1432 1627 1454 vero
1661 1422 1833 1455 erectionis
1859 1428 1891 1455 et

1155 1472 1367 1505 institutionis
1381 1473 1509 1506 litterae
1524 1474 1690 1517 expeditae
1705 1475 1890 1518 reperiren-

1156 1531 1224 1565 t÷1r;
1251 1531 1281 1557 et
1307 1531 1464 1569 quatenus
1492 1537 1572 1569 opus
1598 1527 1639 1559 sit
1667 1528 1795 1561 easdem
1817 1539 1891 1561 con·

1156 1578 1371 1611 fraternitates
1393 1584 1425 1611 et
1449 1589 1559 1611 earum
1577 1579 1718 1622 singulas
1735 1580 1766 1612 in
1787 1582 1891 1613 eccle-

1156 1630 1210 1662 siis
1234 1631 1408 1674 praedictis
1432 1632 1629 1674 respective,
1659 1635 1781 1665 servata
1806 1639 1892 1667 cete—

1156 1683 1248 1726 roqui
1271 1684 1375 1716 dictae
1394 1684 1636 1717 Coustitutionis
1651 1685 1750 1718 forma
1771 1691 1803 1718 et
1826 1687 1891 1719 dis-

1155 1736 1326 1779 positione,
1352 1737 1545 1770 auctoritate
1575 1743 1605 1770 et
1630 1742 1743 1771 tenore
1769 1739 1891 1782 praedi-

1156 1790 1228 1830 etis,
1256 1790 1294 1823 de
1321 1801 1403 1823 novo
1423 1791 1576 1833 erigimus
1612 1796 1643 1823 et
1672 1791 1890 1831 instituimus,

1156 1852 1190 1874 ac
1214 1842 1277 1875 illis
1302 1843 1450 1875 omnibus
1477 1848 1507 1875 et
1533 1843 1685 1886 singulis,
1714 1854 1890 1888 earumque

1157 1895 1334 1938 respective
1366 1896 1579 1929 confratrilms
1606 1901 1637 1929 et
1661 1897 1891 1930 consororibus

1157 1958 1268 1980 omnes
1294 1954 1326 1980 et
1350 1948 1493 1990 singulas
1518 1949 1736 1992 indulgentias
1752 1977 1759 1991 ,
1794 1951 1892 1983 sacul-

1157 2006 1247 2041 tates‚
1274 2001 1391 2043 gratias
1415 2007 1446 2033 et
1465 2001 1634 2045 privilegia
1660 2013 1890 2047 quaecumque,

1157 2064 1236 2096 quae
1262 2064 1320 2097 pro
1345 2058 1492 2096 tempore
1517 2054 1658 2087 existens
1685 2055 1773 2098 prior
1793 2066 1892 2098 gene-

1157 2106 1231 2138 ralis
1245 2106 1318 2139 dicti
1334 2106 1460 2139 Ordinis
1479 2117 1514 2139 ex
1533 2107 1659 2140 indulto
1678 2108 1781 2141 dictae
1799 2108 1890 2141 Sedis

1156 2159 1313 2192 similibus
1358 2159 1677 2193 confraternitatibus
1714 2171 1891 2205 earumque

1157 2211 1372 2245 confratribus
1398 2217 1430 2244 ct
1453 2212 1683 2245 consororibus
1715 2214 1893 2246 eommuni-

1157 2275 1228 2298 care
1260 2269 1389 2307 potest,
1413 2265 1524 2297 eadem
1545 2266 1748 2307 auctoritate,
1775 2267 1891 2299 harum

1157 2317 1253 2357 serie,
1269 2318 1558 2351 communicamus.

1199 2371 1213 2413 ξ
1238 2370 1269 2403 3.
1296 2370 1514 2403 Decernentes
1543 2372 1672 2404 easdem
1704 2377 1891 2415 praesentes

1155 2423 1277 2455 litteras
1302 2433 1429 2466 semper
1454 2423 1574 2463 sirmas,
1598 2424 1716 2457 validas
1734 2431 1766 2457 et.
1789 2425 1893 2457 effica-

1155 2487 1207 2509 ces
1233 2477 1371 2509 existere.
1398 2482 1428 2509 et
1454 2478 1539 2514 fore,
1565 2489 1705 2521 suosque
1730 2479 1892 2522 plenarios

1156 2534 1188 2561 et
1212 2529 1357 2571 integros
1382 2529 1513 2562 effectus
1538 2530 1643 2563 sortiri
1677 2536 1708 2563 et
1731 2531 1890 2573 obtinere,

1156 2592 1190 2614 ac
1208 2581 1290 2624 illis,
1318 2582 1356 2614 ad
1379 2593 1459 2626 quos
1478 2588 1598 2628 spectat
1621 2589 1651 2616 et
1667 2594 1725 2627 pro
1746 2589 1892 2630 tempore

1778 207 1842 243 7195
1889 218 1936 243 An,
1955 217 1982 244 c.
2008 217 2075 244 1674

1928 2382 2039 2403 Decretum
2057 2382 2086 2403 ir-

1903 2412 1975 2430 tutans.
