2279 3260
235 251 283 277 An.
301 251 331 277 C.
352 251 417 278 1670

463 243 527 276 <1⁶24
1009 256 1186 280 nrttmiru

429 300 567 341 giorum,
582 303 797 345 vectigalium,
814 305 1022 337 collectarum
1039 311 1066 337 ct
1084 315 1162 347 quo-
1182 304 1184 333 l

430 353 583 386 run‘ilibet
603 356 740 388 aliorum
767 367 902 389 onerum
929 362 961 389 ct
985 367 1161 395 muncrum,
1183 378 1184 387 i

430 406 663 448 J'tcrsonalium,
688 409 822 441 realium
849 414 879 441 ct
905 409 1085 447 mixtorum,
1113 418 1164 439 or-

431 458 632 492 dinariorum
659 466 685 492 et
714 461 1062 499 extraordiuariorum‚
1090 459 1185 492 soli-¹

430 515 536 543 torum
563 518 591 544 et
618 512 820 546 insolitorum
847 512 1053 545 cameralium
1079 523 1160 555 quo-

430 574 651 608 rumcumque,
678 577 713 598 ac
739 566 834 598 ctiam
860 576 982 605 eorum,
1008 576 1088 608 quac
1108 575 1165 608 per

431 617 676 649 communitates
702 623 731 650 et
763 618 1011 656 universitates,
1043 617 1163 649 directe

429 670 478 701 vel
495 669 661 709 indirecte,
681 681 740 713 pro
759 671 946 703 corumdem
964 680 1097 702 onerum
1116 680 1166 702 ca-

430 723 598 755 meralium
624 724 785 756 solutione
816 723 1083 766 leuiblicorumque
1101 734 1164 755 mu-

430 785 542 806 nerum
560 776 817 818 supportatione,
834 786 868 807 ac
888 786 947 818 pro
964 775 1021 807 viis
1038 781 1069 807 ct
1085 786 1164 818 pon-

432 827 514 859 tibus
541 828 792 867 construendis,
826 827 1066 867 instaurandis,
1097 839 1164 860 mu-

430 879 557 911 niendis
583 885 613 911 ct
638 881 896 920 manutenendis,
923 880 1057 923 aliisque
1083 880 1164 913 indi-

430 931 548 973 gentiis
586 938 616 963 et
653 933 766 964 usibus
803 933 1063 975 quibuscumque
1100 938 1161 965 tam

429 995 573 1016 camerae
600 995 695 1027 quam
713 985 978 1017 communitatum
994 990 1025 1018 et
1041 985 1161 1018 univer-

428 1036 556 1069 sitatum
582 1037 831 1080 praedictarum,
858 1048 913 1070 seu
932 1038 1020 1079 alias,
1043 1038 1162 1071 indicta
1182 1032 1184 1074 l

1211 257 1361 282 ROMANUM

1205 305 1299 337 etiam
1326 305 1378 348 qui
1405 305 1485 339 nibil
1511 307 1635 339 ratione
1653 311 1831 340 castrorum
1849 311 1882 339 et
1897 306 1939 339 iu-

1205 357 1427 391 risdictionum
1455 360 1638 392 huiusmodi
1656 360 1729 393 Sedi
1755 360 1939 403 praedictae

1206 410 1369 442 annuatim
1394 422 1447 443 scu
1474 413 1551 445 alias
1576 415 1782 456 persolvunt,
1808 417 1840 445 et
1875 417 1937 445 tam

1207 461 1320 494 incolis
1359 474 1454 505 quam
1492 465 1653 498 extrancis
1689 471 1721 498 et
1756 464 1939 498 forensibus

1184 555 1186 561 Ι
1206 515 1289 546 bona
1314 515 1441 548 stabilia
1466 527 1523 549 scu
1548 517 1679 550 mobilia
1696 519 1745 551 vel
1764 528 1796 551 se
1813 527 1940 551 moven-

1208 566 1249 598 tia
1276 567 1471 600 habentibus
1501 574 1532 601 ct
1565 570 1749 602 tenentibus
1781 581 1837 602 seu
1868 580 1941 613 pos-

1207 619 1403 659 sidentibus,
1436 621 1644 664 omniumque
1682 622 1939 665 supradictorum

1206 671 1331 704 colonis
1346 677 1378 704 et
1395 672 1644 714 laboratoribus,
1661 674 1757 706 etiam
1772 674 1804 706 in
1821 685 1941 707 recom—

1206 734 1339 766 pensam
1364 725 1520 763 laborum,
1545 726 1737 758 damnorum
1761 737 1939 769 passorum,

1206 786 1430 818 expensarum,
1451 778 1501 810 vel
1519 778 1718 818 meritorum,
1737 788 1792 810 seu
1808 778 1939 811 illorum

1205 827 1322 860 intuitu
1361 833 1394 860 et
1425 828 1724 872 contomplatione,
1749 840 1784 861 ac
1816 840 1852 862 ex
1878 829 1938 862 alia

1205 891 1405 924 quacumque
1423 882 1628 924 quantumvis
1654 882 1821 915 favorabili
1839 892 1873 914 ac
1891 892 1940 913 ur-

1205 934 1390 975 gentissima
1417 940 1447 966 et
1473 935 1511 967 de
1533 934 1723 967 necessitate
1755 933 1940 977 specialiter

1205 986 1413 1028 exprimenda
1445 988 1561 1027 causa,
1588 987 1647 1018 sub
1683 986 1939 1029 quibuscumque

1204 1039 1372 1070 verborum
1423 1038 1530 1071 formis
1569 1045 1600 1071 et
1646 1037 1912 1081 expressionibus
1930 1063 1937 1077 ,

427 1095 455 1121 et
483 1090 632 1132 imposita
663 1101 698 1122 ac
717 1090 800 1133 exigi
822 1091 914 1123 solita
932 1096 1014 1130 suut,
1032 1101 1161 1124 necnon
1182 1080 1183 1093 ¹
1204 1091 1326 1123 etiamsi
1345 1091 1376 1122 in
1395 1089 1599 1133 appaltuum¹
1618 1095 1650 1123 et
1672 1091 1869 1123 locationum
1888 1101 1940 1123 ca-

427 1143 466 1173 ab
492 1142 690 1184 obligatione
717 1143 894 1186 recipiendi
922 1148 954 1175 et
973 1143 1159 1186 hospitandi
1181 1161 1183 1191 '1
1203 1144 1370 1176 meralium
1384 1144 1607 1176 instrumentis
1619 1143 1816 1186 promissum
1828 1148 1860 1175 et
1872 1154 1940 1175 cau-

426 1193 545 1226 milites
583 1200 615 1226 et
646 1194 736 1227 Sedis
766 1195 952 1237 praedictae
984 1195 1158 1236 officiales,
1181 1194 1183 1221 Ι
1204 1201 1270 1227 tum
1296 1195 1335 1227 sit
1360 1206 1412 1228 cas
1438 1195 1601 1228 observari
1634 1195 1774 1235 debere,
1807 1206 1843 1227 ac
1867 1206 1940 1228 cum

426 1246 612 1289 harigellos,
631 1253 835 1288 executores,
858 1248 1002 1291 aliosque
1019 1248 1159 1281 iustitiae
1203 1247 1367 1289 quibusvis
1398 1247 1551 1280 clausulis
1583 1253 1614 1280 et
1646 1248 1808 1288 decretis,
1842 1248 1939 1280 etiam

426 1298 589 1331 ministros
605 1326 612 1340 ,
637 1300 747 1342 eisque
783 1300 934 1333 utensilia
963 1306 994 1332 et
1017 1300 1080 1333 alia
1105 1311 1161 1333 ne-
1202 1306 1316 1340 motu,
1343 1300 1498 1339 scientia,
1527 1300 1765 1333 deliberatione
1795 1306 1827 1333 et
1849 1306 1940 1344 pote-

426 1352 562 1383 cessaria
593 1352 875 1393 subministrandi,
908 1363 967 1395 per
998 1352 1160 1386 Romanos
1203 1353 1292 1386 statis
1313 1353 1517 1395 plenitudine
1542 1353 1684 1396 paribus,
1711 1353 1807 1385 etiam
1833 1353 1940 1386 consi-

427 1403 598 1436 Pontifices
633 1405 905 1447 praedecessores
940 1411 1089 1446 nostros,
1126 1416 1161 1437 ac
1180 1389 1183 1439 i
1203 1406 1388 1445 storialiter,
1415 1410 1446 1437 et
1469 1405 1548 1438 alias
1575 1406 1882 1449 quomodocumque
1908 1412 1940 1439 et

427 1456 573 1488 eamdem
588 1456 703 1489 Sedem
725 1457 956 1499 Apostolicam‚
977 1463 1008 1489 ct
1031 1458 1160 1500 quosvis
1181 1456 1183 1498 ξ
1204 1458 1489 1501 qualitercumque,
1509 1459 1538 1490 in
1563 1469 1681 1501 genere
1695 1459 1745 1491 vel
1766 1459 1799 1491 in
1818 1459 1937 1502 specie,

427 1508 519 1541 Sedis
538 1514 729 1541 etcamerae
748 1510 987 1552 praedictarum
1005 1510 1160 1543 officiales
1181 1516 1182 1547 ξ
1203 1511 1240 1543 ad
1265 1510 1360 1542 vitam
1386 1512 1434 1543 vel
1460 1511 1499 1543 ad
1526 1516 1649 1554 tempus
1678 1511 1744 1544 sive
1770 1511 1802 1543 in
1826 1522 1940 1554 perpe-

428 1567 460 1594 et
482 1562 646 1595 ministros
679 1574 880 1606 quacumque
915 1563 1104 1596 auctoritate
1130 1568 1162 1595 et
1181 1551 1184 1624 Ι
1205 1569 1302 1603 tuum,
1325 1574 1492 1596 concessas
1519 1569 1550 1596 et
1575 1565 1674 1604 datas,
1701 1575 1737 1596 ac
1762 1565 1884 1607 pluries
1909 1570 1941 1596 et

427 1619 586 1657 potestate
623 1616 801 1658 fungentes,
824 1621 855 1649 et
879 1616 974 1648 etiam
1000 1616 1030 1648 S.
1059 1616 1096 1648 R.
1124 1616 1158 1648 E.
1204 1616 1328 1649 iteratis
1352 1616 1476 1649 vicibus
1502 1615 1719 1656 confirmatas,
1735 1617 1938 1660 approbatas,

427 1667 614 1707 cardinales,
633 1668 726 1700 etiam
744 1669 782 1701 de
798 1670 897 1701 latere
915 1671 1048 1711 legatos,
1066 1668 1161 1701 etiam
1203 1669 1395 1702 revalidatas
1421 1674 1452 1702 et
1476 1669 1656 1710 innovatas,
1683 1675 1715 1702 et
1740 1669 1814 1702 inde
1842 1670 1938 1702 etiam

427 1720 621 1752 camerarios
637 1748 644 1761 ,
670 1726 861 1764 ceterosque
898 1722 993 1754 etiam
1029 1722 1161 1764 speciali
1204 1723 1316 1755 iudicis
1341 1723 1530 1755 auctoritate
1549 1728 1684 1765 sequuta
1703 1732 1938 1766 quaecumque,

428 1776 502 1805 nota
526 1779 558 1805 et
582 1775 793 1816 expressione
827 1775 941 1818 dignos
973 1786 1010 1808 ac
1040 1775 1162 1819 specia-
1204 1787 1331 1809 necnon
1357 1776 1483 1819 quasvis
1508 1776 1632 1808 litteras
1665 1776 1761 1809 etiam
1787 1776 1941 1819 apostoli-

428 1827 491 1859 lem
515 1828 553 1860 ad
579 1828 610 1859 id
636 1828 819 1861 facultatem
842 1829 1009 1869 babentes,
1029 1829 1162 1872 quibus-
1181 1835 1183 1872 j
1204 1840 1255 1861 cas
1292 1830 1350 1861 sub
1386 1829 1520 1872 plumbo
1559 1830 1608 1861 vel
1639 1829 1672 1860 in
1705 1828 1801 1861 simili
1839 1829 1941 1861 forma

429 1880 474 1912 vis
498 1881 790 1922 communitatibus,
815 1882 1092 1921 universitatibus,
1118 1882 1162 1914 ci-
1182 1875 1183 1914 ἶ

426 1933 590 1973 vitatibus,
617 1933 717 1973 terris,
740 1934 868 1977 oppidis
885 1939 916 1967 et
932 1935 1011 1967 locis
1032 1934 1161 1967 ditionis
1182 1954 1184 1958 -

427 1983 618 2026 temporalis
636 1983 667 2015 S.
688 1983 724 2015 R.
741 1984 775 2015 E.
794 1984 994 2027 praedictae,
1013 1995 1047 2017 ac
1066 1985 1161 2017 etiam

1205 1881 1325 1921 Brevis,
1351 1880 1582 1924 motusproprii
1608 1881 1750 1919 cedulas,
1776 1881 1942 1923 chirogra-

1205 1935 1270 1977 pha
1302 1938 1333 1966 et
1366 1934 1542 1976 scripturas
1568 1933 1753 1965 huiusmodi
1784 1944 1819 1965 ex
1853 1944 1940 1965 nunc

1204 1991 1361 2030 perpetuo
1379 1996 1574 2026 revocamus,
1594 1996 1766 2025 cassamus,
1785 1985 1940 2025 tollimus,

1950 258 1998 284 An.
2016 258 2044 285 C.
2063 258 2132 287 ¹670

427 2035 685 2078 quibuscumque
718 2037 927 2077 feudatariis,
961 2038 1158 2078 censuariis,
1205 2041 1405 2082 abrogamus,
1421 2040 1597 2079 irritamus,
1612 2039 1790 2078 abolemus,
1804 2038 1941 2071 viribus-

427 2087 567 2120 dominis
593 2089 747 2128 locorum,
767 2089 894 2121 familiis
916 2090 1089 2131 nobilibus,
1107 2091 1162 2123 ba-
1182 2106 1184 2118 ι
1204 2104 1265 2136 que
1291 2098 1322 2125 et
1346 2091 1460 2125 ess'ectu
1495 2092 1625 2135 penitus
1651 2102 1687 2124 ac
1711 2091 1843 2124 omniuo
1869 2102 1941 2124 eva-

427 2141 572 2180 ronibus,
599 2141 779 2181 comitibus,
801 2142 1054 2183 marchionibus,
1076 2144 1162 2176 duci·
1182 2161 1184 2189 ὲ
1204 2156 1346 2184 cuamus,
1367 2155 1402 2177 ac
1423 2149 1581 2183 revocata,
1608 2149 1740 2184 cassata,
1763 2144 1888 2177 sublata
1909 2149 1941 2176 et

426 2193 497 2233 bus,
513 2193 726 2236 principibus,
754 2200 786 2226 ct
809 2195 879 2228 aliis
897 2196 1033 2228 cuiusvis
1051 2203 1161 2237 status
1204 2199 1367 2240 abrogata,
1388 2198 1491 2237 irrita,
1510 2197 1629 2230 abolita
1654 2202 1685 2229 et
1709 2198 1881 2236 annullata,
1902 2197 1940 2229 vi-

428 2247 557 2288 graclus,
582 2246 775 2279 conditionis
800 2249 1077 2290 praeeminentiae
1097 2250 1162 2282 cxi·
1182 2242 1184 2265 ¹
1204 2252 1357 2294 ribusque
1384 2255 1414 2283 et
1439 2250 1553 2283 ellectu
1579 2250 1710 2293 penitus
1746 2261 1782 2282 ac
1806 2251 1938 2283 omnino

428 2300 600 2339 stentibus,
628 2310 661 2332 ac
689 2300 798 2343 quavis
825 2301 980 2343 dignitate
998 2302 1095 2334 etiam
1116 2313 1162 2334 ec·
1182 2288 1184 2339 i
1203 2315 1302 2336 vacua
1327 2314 1409 2343 esse,

428 2352 605 2385 clesiastica
620 2357 651 2384 ct
665 2353 854 2386 auctoritate
869 2353 1050 2396 praeditis¹,
1067 2355 1161 2387 etiam
1182 2344 1184 2403 ἰ
1247 2358 1262 2400 g
1287 2356 1317 2388 ⁶2.
1337 2355 1399 2388 Nec
1424 2355 1480 2388 ulli
1508 2366 1639 2398 prorsus
1661 2355 1694 2388 in
1712 2355 1865 2399 petitorio
1886 2362 1941 2389 aut
1965 2363 2066 2410 1.²s‘¹¹¹¹1',‘'
2089 2368 2134 2384 am·

428 2405 647 2438 cardinalatus
672 2406 795 2438 honore
817 2407 1023 2449 fulgentibus,
1041 2408 1095 2450 qui
1114 2420 1163 2440 ca·
1204 2408 1418 2452 possessorio,
1444 2408 1540 2440 etiam
1566 2408 1843 2449 summariissimo,
1870 2396 2003 2441 con-iuf-¹³
2018 2396 2041 2411 δι’
2059 2396 2133 2416 ‘mu‘

428 2465 492 2492 stra
513 2465 542 2491 et
560 2459 800 2492 iurisdictiones
820 2459 904 2492 intra
922 2460 1040 2494 limites
1058 2461 1160 2494 dictae
1204 2468 1252 2494 tra
1276 2461 1494 2504 praesentium
1529 2462 1709 2494 litterarum
1736 2467 1883 2494 tenorem
1908 2467 1939 2494 ct

429 2512 561 2545 ditionis
585 2512 772 2555 temporalis
792 2512 823 2545 S.
847 2513 883 2545 R.
906 2513 940 2546 E.
968 2514 1157 2557 possident,
1204 2514 1449 2557 dispositionem
1466 2513 1631 2557 suffragari
1646 2525 1754 2558 posse,
1770 2515 1826 2548 sed
1845 2525 1939 2558 prac-

466 2584 474 2609 l
493 2582 560 2609 Mate
575 2582 638 2609 edit.
655 2582 736 2610 Maia.
758 2583 820 2619 legit
837 2584 995 2619 praedictis
1013 2593 1061 2620 pro
1077 2593 1161 2620 prae-

429 2627 498 2656 ditis
517 2633 555 2663 (a.
571 2626 619 2663 τ.).

1240 2586 1249 2611 1
1268 2584 1337 2610 Male
1353 2584 1415 2610 edit.
1429 2584 1510 2611 Main.
1528 2585 1592 2620 legit
1607 2586 1761 2620 appaltum
1777 2593 1824 2621 pro
1839 2585 1940 2621 appul-

1204 2632 1284 2656 {mcm
1301 2630 1340 2665 (u.
1357 2629 1405 2665 T.).
