2279 3260
229 261 278 286 An.
295 259 322 285 tt.
346 258 412 284 1072
457 249 521 281 ,⁹35ss

321 2050 433 2076 nerogatio

252 2081 413 2099 contrariorum,

423 307 494 347 rio,
529 317 564 339 ac
589 304 828 339 venerabilibus
854 303 1004 337 fratribus
1031 301 1156 334 archie-

424 358 557 402 piscopo
586 358 856 402 Ilydruntinensi‚
884 362 914 389 et
946 353 1088 398 Lyciensi
1122 363 1157 383 ac

426 411 647 453 Ilisignanensi
680 411 862 454 episcopis,
890 419 947 452 per
972 413 1158 451 praesentes

425 464 655 497 committimus
691 468 723 494 et,
759 462 968 499 mandamus,
1003 464 1159 501 quatenus

426 516 496 559 ipsi,
513 518 562 548 vel
588 521 661 553 tres,
688 520 742 547 aut
767 515 841 553 duo,
866 514 914 544 vel
936 522 1018 544 unus
1037 521 1159 549 corum⁷

428 579 484 611 per
508 579 551 608 se,
578 570 626 601 vel
651 567 757 606 alium,
777 576 832 597 sen
855 565 944 603 alios
971 567 1160 606 praesentes

428 623 549 654 litteras
576 627 606 654 et
631 621 661 652 in
681 620 726 652 eis
752 623 902 651 contenta
927 625 1160 659 quaecumque,

428 674 482 706 nbi
509 679 540 706 et
563 673 692 716 quando
718 682 799 714 opus
834 670 948 709 suerit,
974 674 1005 701 et
1036 667 1162 710 quoties

430 738 488 770 pro
503 732 592 769 parte
613 726 771 757 interesse
790 723 821 754 in
838 721 1023 765 praemissis
1042 721 1164 752 baben-

430 780 525 818 tium,
551 789 606 811 seu
632 776 766 810 alicuius
792 785 914 814 eorum,
932 775 1072 816 desuper
1098 773 1164 804 sue-

430 833 493 864 rint
525 830 693 873 requisiti,
720 828 908 861 solemniter
943 826 1163 869 publicantes,

432 885 561 926 illisque
588 883 619 914 in
644 881 829 924 praemissis
848 879 984 912 efficacis
1010 877 1166 911 defensio-

431 937 479 968 nis
504 935 665 979 praesidio
690 934 889 971 assistentes,
917 932 1034 963 saciant
1058 935 1167 962 aucto-

432 989 525 1020 ritate
545 988 653 1019 nostra
669 991 857 1029 praesentes
878 985 1001 1016 litteras
1020 988 1050 1015 et
1069 983 1102 1015 in
1121 982 1166 1015 eis

433 1045 583 1074 contenta
613 1038 821 1078 huiusmodi,
849 1039 887 1070 ab
914 1037 995 1076 illis,
1023 1037 1062 1068 ad
1087 1047 1167 1078 quos

433 1098 556 1136 spectat
581 1098 612 1124 et
636 1091 797 1135 spectabit
812 1090 844 1122 in
866 1090 1017 1129 futurum,
1036 1088 1169 1121 inviola-

434 1146 544 1177 biliter
569 1150 600 1177 et
623 1144 817 1176 inconcusse
844 1141 1016 1181 observari,
1043 1151 1169 1173 omnes-

435 1209 497 1241 que
523 1203 553 1231 et
577 1197 738 1240 singulos,
766 1207 844 1239 quos
869 1195 955 1238 ipsae
981 1198 1170 1237 praesentes

435 1252 562 1284 litterae
589 1255 799 1289 concernunt,
825 1248 1081 1292 Jtn‘aemissorum
1106 1257 1170 1279 om-

436 1304 524 1336 nium
545 1308 575 1336 et
592 1303 795 1345 singulorum
817 1300 989 1333 commodo
1008 1304 1039 1331 et
1057 1298 1168 1331 efl'ectu

436 1355 569 1399 pacifice
595 1355 653 1387 srui
686 1359 717 1386 et
751 1354 907 1396 gaudere;
940 1363 1007 1384 non
1038 1350 1171 1395 permit.-

436 1414 540 1441 tentes
566 1408 639 1440 illos
666 1408 809 1450 desuper
829 1417 846 1438 a
866 1415 1041 1448 quoquam,
1062 1404 1171 1448 quavis

437 1460 636 1498 auctoritate,
661 1458 909 1502 quomodolibet
932 1456 1077 1489 indebite
1102 1466 1171 1488 mo-

437 1512 559 1553 lestari,
590 1511 769 1555 perturbari
798 1511 847 1543 vel
876 1509 1069 1552 inquietari;
1096 1519 1172 1541 con-

438 1566 630 1598 tradictores
645 1563 807 1607 quoslibet
825 1568 856 1595 et
870 1563 1008 1595 rebelles
1023 1572 1081 1605 per
1097 1572 1172 1594 cen-

438 1629 528 1650 suras
553 1622 585 1650 et
608 1627 730 1660 poenas
762 1616 1016 1655 ecclesiasticas,
1045 1615 1171 1657 aliaque

439 1678 622 1714 opportuna
656 1669 734 1702 iuris
768 1674 799 1701 et
823 1668 895 1700 sacti
929 1667 1093 1707 remedia,
1121 1677 1174 1709 ap-

440 1724 615 1766 pellatione
640 1722 833 1766 postposita,
853 1720 1109 1764 compescend03
1134 1722 1175 1753 le-

441 1777 625 1820 gitimisque
658 1786 755 1818 super
780 1776 830 1807 his
857 1774 1016 1807 habendis
1042 1773 1174 1806 servatis

441 1829 654 1872 processibus,
674 1828 861 1868 sententias,
880 1837 1032 1860 censuras
1049 1832 1079 1860 et
1099 1837 1175 1870 poe-

442 1894 498 1915 nas
524 1883 610 1926 ipsas
638 1883 733 1915 etiam
766 1882 889 1914 iteratis
914 1880 1038 1913 vicibus
1063 1891 1176 1922 aggra-

443 1936 559 1975 vando,
586 1935 733 1968 invocato
759 1934 854 1967 etiam
880 1933 916 1965 ad
943 1934 1020 1972 hoe,
1045 1933 1069 1965 si
1095 1943 1175 1976 opus

444 1988 548 2027 suerit,
575 1987 692 2020 auxilio
718 1986 842 2019 brachii
868 1985 1052 2018 saecularis.

489 2041 550 2083 §ti
578 2039 647 2071 Non
673 2038 873 2071 obstantibus
899 2038 1093 2070 recolendae
1113 2048 1177 2069 me-

445 2093 568 2125 moriae
595 2091 748 2124 Bonisacii
775 2091 877 2134 Papae
902 2090 965 2123 VIII
986 2091 1177 2133 praedeces-

444 2145 525 2178 soris
550 2145 671 2188 pariter
694 2143 795 2176 nostri
821 2144 859 2175 de
884 2145 967 2182 una,
994 2148 1026 2175 et
1050 2142 1176 2175 concilii

445 2198 605 2241 generalis
638 2197 676 2230 de
702 2197 824 2229 duabus
856 2195 972 2237 dietis,
1002 2196 1177 2229 dummodo

443 2254 526 2284 ultra
543 2256 608 2283 tres
629 2250 731 2283 dietas
752 2250 867 2292 aliquis
885 2249 1073 2282 auctoritate
1087 2259 1179 2292 prae-

445 2306 582 2337 sentium
601 2303 634 2335 in
651 2302 805 2335 iudicium
830 2312 895 2334 non
922 2302 1076 2342 trabatur,
1095 2302 1179 2334 aliis-

446 2369 508 2399 que
541 2353 826 2389 constitutionibus
858 2359 890 2386 et
922 2354 1178 2387 ordinationibus

446 2408 644 2453 apostolicis,
665 2419 713 2448 ae,
741 2412 900 2450 quatenus
918 2417 999 2449 opus
1015 2407 1063 2445 sit,
1089 2406 1181 2439 Ordi-

449 2463 498 2494 nis·
521 2464 655 2504 eiusque
681 2460 982 2502 congregationum,
1002 2459 1182 2501 provincia-

448 2527 518 2549 rum
548 2521 580 2548 et
604 2520 818 2547 conventuum
852 2513 1059 2550 huiusmodi,
1086 2513 1181 2545 etiam
1207 2503 1209 2514 ’

449 2570 641 2607 iuramento,
664 2566 908 2600 confirmatione
930 2565 1117 2609 apostolica,
1134 2566 1182 2597 vel

451 2623 560 2666 quavis
581 2621 729 2653 firmitate
748 2620 808 2652 alia
818 2619 990 2659 roboratis,
1008 2619 1132 2651 statutis
1154 2623 1185 2651 et

1004 253 1183 279 minianum
1207 252 1357 276 uotiuum!

1199 295 1498 338 consuetudinibus,
1524 294 1701 340 privilegiis
1722 303 1863 338 quoque,
1887 292 1935 324 in-

1200 352 1296 385 dultis
1312 357 1343 385 et
1356 351 1470 385 litteris
1484 349 1672 394 apostolicis
1683 348 1715 381 in
1737 345 1935 381 contrarium

1201 403 1450 447 praemissorum
1482 401 1728 446 quomodolibet
1755 398 1936 438 concessis,

1201 455 1398 489 confirmatis
1427 459 1458 487 et
1482 454 1659 494 innovatis3
1683 453 1801 496 quibus
1832 451 1937 483 omni-

1202 509 1260 540 bus
1286 513 1317 539 et
1343 506 1496 549 singulis,
1523 506 1652 538 illorum
1683 510 1813 537 tenores
1843 513 1938 547 prae-

1204 561 1350 593 sentibus
1376 570 1436 602 pro
1462 560 1558 601 plene
1588 563 1620 590 et
1651 557 1852 589 sufficienter
1886 566 1939 589 ex-

1205 613 1328 656 pressis
1355 610 1543 650 babentes¹‚
1566 610 1629 642 illis
1656 609 1734 642 alias
1757 609 1790 641 in
1808 618 1866 641 suo
1887 618 1940 640 ro-

1206 667 1284 698 bore
1323 663 1569 706 permansuris,
1603 662 1643 694 ad
1679 661 1938 704 praemissorum

1207 718 1369 756 ellectum,
1398 717 1459 748 hac
1483 715 1551 748 vice
1585 715 1763 754 dumtaxat,
1790 713 1942 756 speciali-

1207 777 1256 803 ter
1283 776 1314 802 et
1341 779 1496 812 expresse
1519 769 1730 810 derogamus3
1756 767 1941 809 ceterisque

1208 823 1381 855 contrariis
1408 822 1683 865 quibuscumque.

1253 876 1266 917 g
1290 875 1320 907 7.
1339 875 1493 907 Volumus
1511 878 1616 906 autem
1639 877 1674 904 ut
1690 872 1833 915 ipsarum
1854 881 1944 914 prae

1210 927 1349 960 sentium
1368 927 1545 960 litterarum
1566 923 1789 966 transumptis,
1815 933 1872 955 seu
1892 933 1945 955 ex-

1211 980 1336 1023 emplis,
1363 980 1458 1011 etiam
1484 977 1663 1021 impressis,
1689 986 1784 1009 manu
1811 975 1945 1008 alicuius

1212 1032 1326 1065 notarii
1345 1032 1466 1074 publici
1486 1030 1686 1072 subscriptis,
1706 1034 1737 1061 et
1754 1028 1860 1070 sigillo
1878 1037 1946 1070 per-

1212 1096 1309 1117 sonae
1328 1085 1359 1117 in
1379 1083 1598 1117 ecelesiastica
1616 1082 1772 1124 dignitate
1794 1081 1948 1113 constitu-

1213 1143 1261 1170 tae
1277 1137 1419 1176 munitis,
1436 1137 1549 1168 eadem
1571 1145 1702 1178 prorsus
1720 1133 1799 1165 fides
1813 1131 1896 1165 tam²
1913 1132 1947 1164 in

1213 1190 1332 1222 iudicio
1350 1200 1443 1231 quam
1471 1194 1559 1221 extra
1579 1188 1658 1220 illud
1680 1187 1850 1225 habeatur,
1871 1184 1947 1228 ipsis

1213 1253 1293 1285 quae
1309 1232 1544 1284 ‘praesentibus
1571 1240 1748 1272 baberetur
1785 1238 1811 1270 si
1841 1238 1949 1269 forent

1213 1295 1374 1327 exhibitae
1399 1295 1447 1326 vel
1473 1298 1637 1325 ostensae.

1257 1347 1367 1379 Datum
1394 1346 1530 1385 Romae,
1550 1344 1631 1387 apud
1654 1343 1684 1376 S.
1706 1343 1834 1374 Mariam
1854 1341 1949 1374 Maio-

1214 1409 1289 1439 rem,
1309 1399 1366 1430 sub
1384 1399 1502 1430 annulo
1527 1395 1705 1436 Piscatoris,
1725 1395 1775 1427 die
1793 1405 1850 1427 vni
1868 1399 1949 1426 octo-

1215 1452 1279 1484 bris
1295 1461 1455 1491 nneLxxn,
1470 1449 1673 1493 pontificatus
1692 1447 1791 1481 nostri
1803 1458 1886 1480 anno
1898 1457 1947 1480 111.

1608 1502 1630 1534 I.
1658 1501 1693 1534 G.
1721 1501 1859 1533 SLUans.

1250 1565 1307 1592 Dat.
1326 1565 1368 1591 die
1383 1565 1399 1591 8
1419 1564 1537 1591 octobris
1557 1563 1633 1595 1672,
1651 1562 1746 1598 pontif.
1763 1569 1834 1588 anno
1854 1567 1892 1588 111.

1250 1627 1413 1661 Reqistrata
1434 1627 1464 1654 in
1486 1626 1650 1654 Secrelaric‘z
1670 1624 1805 1652 Brevtum
1826 1624 1857 1649 in
1877 1623 1950 1650 libro

1216 1672 1321 1699 mensis
1340 1671 1471 1705 octobris,
1489 1673 1566 1705 part.
1589 1671 1723 1704 ulmique,
1743 1669 1793 1703 fol.
1813 1668 1875 1694 161.

1525 1813 1636 1847 CXVII.

1218 1895 1401 1929 Declaratio
1422 1895 1507 1927 circa
1524 1895 1575 1926 ius
1596 1893 1778 1936 conferendi
1802 1892 1950 1925 habitum

1266 1949 1367 1981 Tertii
1393 1948 1526 1981 Ordinis
1551 1948 1655 1979 sancti
1678 1947 1709 1978 F
1709 1946 1848 1978 rancisci
1868 1956 1951 1977 com-

1261 2006 1370 2045 petens
1396 2006 1523 2033 tantum
1542 2000 1699 2042 fratribus
1717 1999 1858 2031 eiusdem
1879 1999 1952 2031 Ter-

1265 2056 1304 2088 tii
1344 2055 1478 2088 Ordinis
1513 2053 1659 2085 nationis
1692 2051 1900 2089 Gallicanae,
1924 2055 1952 2082 et

1265 2108 1483 2152 Cappuccinos
1507 2105 1647 2138 eiusdem
1678 2105 1822 2137 nationis
1846 2104 1953 2136 eoeclu-

1264 2161 1351 2194 dens.

1439 2240 1572 2266 Clemens
1592 2239 1670 2271 Papa
1689 2238 1728 2269 X,

1349 2284 1384 2310 ad
1399 2287 1573 2317 perpetuam
1589 2282 1633 2308 rei
1649 2281 1828 2308 memoriam.

1224 2408 1279 2441 filii
1297 2409 1410 2439 fratres
1427 2405 1523 2438 Tertii
1537 2406 1664 2438 Ordinis
1678 2405 1777 2437 saneti
1795 2405 1957 2437 Franciscl

1224 2459 1492 2502 Congregationis
1517 2457 1717 2496 Gallicanae,
1751 2458 1858 2500 quod,
1885 2457 1960 2489 licet

1225 2511 1440 2555 Congregatio
1465 2511 1698 2543 venerabilium
1735 2510 1866 2541 fratrum
1902 2519 1960 2540 no-

1263 2583 1271 2608 1
1296 2582 1394 2607 Vocem
1415 2581 1548 2607 habentes
1568 2588 1615 2606 nos
1635 2579 1758 2605 addimus
1776 2582 1812 2611 (n.
1832 2578 1880 2612 Τ,).

1262 2626 1278 2652 2
1299 2626 1460 2651 I'articulam
1481 2627 1541 2651 lam
1562 2632 1609 2650 nos
1629 2623 1751 2650 addimus
1772 2624 1807 2658 (u.
1823 2622 1872 2656 T.)-

1944 243 1994 270 Ᾰη.
2007 242 2035 270 C.
2060 238 2125 270 1572

1987 880 2138 904 'transumpto-

1954 912 1999 927 rum
2015 906 2074 926 fides,

1265 2354 1387 2398 Exponi
1421 2353 1513 2385 nobis
1546 2363 1648 2395 nuper
1678 2352 1822 2385 fecerunt
1847 2351 2100 2403 dilectictiExposil'w
2120 2353 2150 2374 n·
