2279 3260
897 265 996 288 isnin<
1021 264 1223 288 nennimutfu
1723 253 1740 284 ἶ
1752 254 1785 283 '12‘2

381 319 543 359 clausulis,
564 318 824 351 concessionibus
850 323 880 350 et
900 316 1036 350 decretis

383 373 538 417 expressis
564 372 595 404 in
621 372 706 404 dicto
733 371 833 410 Brevi,
861 370 935 403 408.

293 427 447 460 CXXXIV.
476 424 677 467 Indulgentia
712 424 857 467 plenaria
881 429 1037 467 perpetua

382 480 415 512 in
448 478 590 512 ecclesiis
624 484 686 510 tam
725 477 955 510 canonicorum
981 487 1034 509 re-

384 532 543 571 euim-ium
571 542 666 575 quam
694 531 882 564 monialium
909 529 1038 564 Ordinis
1090 528 1162 561 CXX

384 585 751 618 praemonstratensium
771 585 801 616 in
817 584 1038 618 festivitatibus

384 637 620 681 Assumptionis
638 638 670 671 B.
695 638 732 670 M.
754 637 787 669 V.
809 642 839 670 et
855 637 955 669 sancti
976 638 1039 669 Au-

383 691 514 733 gustini,
535 701 571 723 ac
588 691 667 724 festo
692 690 792 723 sancti
810 690 970 730 Norberfi,
991 690 1038 723 vel

385 744 547 777 dominica
582 745 664 776 infra
700 743 783 776 illius
819 749 984 783 octavam,
1010 749 1040 776 et

385 797 435 830 die
460 808 517 831 xiii
540 797 724 830 novembris
749 807 811 840 qua
836 798 871 829 lit
896 807 1039 829 comme-

385 851 523 883 moratio
555 856 742 883 sanctorum
775 849 851 882 dicti
890 849 1036 888 (trdinis,

384 903 458 936 litt.

295 957 435 990 CXXXV.
464 956 672 990 Confirmatio
698 960 729 988 ct
754 955 916 989 innovatio
934 955 1041 988 Brevis

385 1010 473 1042 Pauli
496 1010 518 1039 V
543 1019 608 1053 quo
634 1009 823 1041 conceditur
844 1008 990 1041 ministro
1011 1014 1041 1041 et

385 1062 607 1095 commissario
621 1060 826 1102 generalibus
838 1060 970 1095 Ordinis
985 1062 1043 1093 fra-

385 1122 470 1147 trum
497 1114 656 1146 lllinorum
683 1113 784 1146 sancti
811 1113 972 1146 Francisci
1002 1114 1042 1146 (le

384 1166 593 1200 Observantia
628 1166 761 1199 facultas
793 1166 936 1207 erigendi
964 1177 1041 1199 con-

386 1219 601 1253 fraternitates
636 1219 908 1261 Cliordigerorum
942 1221 1041 1253 sancti

386 1273 547 1305 Francisci
570 1273 601 1305 in
623 1273 764 1306 ecclesiis
778 1282 890 1305 eorum
905 1273 1043 1311 Ordinis,

387 1325 441 1357 ubi
460 1335 525 1357 non
543 1325 648 1358 adsint
665 1324 818 1358 ecclesiae
839 1326 885 1358 vel
905 1336 1043 1359 conven-

388 1384 438 1410 tus
462 1378 621 1411 Minoi-um
656 1378 944 1419 Conventualium,
970 1391 1041 1412 cum

387 1431 607 1464 declaratione
631 1432 717 1474 quod
744 1431 788 1464 eis
814 1431 939 1464 licuerit
964 1438 991 1465 ct
1011 1433 1045 1464 li-

388 1490 456 1517 ceat
478 1484 638 1517 eiusmodi
655 1485 934 1517 confraternitates
949 1485 1043 1517 etiam

387 1537 418 1570 in
445 1537 542 1570 Indiis
568 1537 703 1580 erigere,
725 1537 850 1580 illisque.
876 1537 1045 1579 indulgen-

389 1591 448 1623 tias
474 1590 728 1628 communicare,
755 1590 830 1623 litt).

301 1644 457 1678 cxxxvi.
483 1644 645 1677 Indultnm
664 1650 697 1676 ut
719 1630 870 1677 omnibus
884 1644 1047 1687 Hispania·

390 1708 462 1730 rum
481 1697 588 1739 regnis
613 1698 727 1730 festum
747 1697 779 1729 P».
798 1697 991 1730 Ferdinandi
1006 1697 1045 1730 III

390 1750 473 1792 regis
498 1750 651 1783 Castellae
676 1756 706 1783 et
731 1750 879 1791 Legionis
897 1750 936 1782 de
954 1760 1046 1793 prae-

390 1810 483 1848 cepto
499 1804 618 1837 servari
644 1810 674 1837 et
699 1804 854 1837 celebrari
872 1803 984 1847 possit,
1010 1815 1047 1837 ac

391 1857 536 1890 officium
551 1857 591 1890 de
605 1857 660 1889 illo
675 1857 733 1890 sub
748 1857 810 1890 ritu
827 1856 958 1900 duplici,
972 1867 1044 1890 cum

391 1909 584 1943 lectionibus
606 1909 746 1952 propriis
765 1919 782 1941 a
807 1909 837 1941 S.
866 1909 1047 1951 ‹longi-oga-

392 1963 477 1995 ti0ne
503 1963 633 1995 Rituum
663 1962 893 2006 approbandis,
918 1962 1046 1995 recitari

390 2016 504 2051 valeat,
532 2015 608 2048 415.

300 2069 465 2103 cxxxvii
496 2068 684 2109 Declaratio,
703 2068 789 2112 quod
808 2068 949 2111 religiosi
967 2068 1048 2101 Con-

391 2122 585 2165 gregationis
618 2124 753 2155 fratrum
788 2122 1047 2155 Excalccatorum

391 2176 519 2209 Ordinis
545 2176 578 2208 B.
607 2175 723 2208 Mariae
757 2176 795 2207 de
829 2176 973 2208 Mercede
999 2185 1048 2208 re-

393 2229 588 2272 demptionis
603 2229 801 2272 captivorum
819 2238 965 2271 expresse
980 2239 1050 2272 pro-

394 2281 466 2314 fessi
492 2288 651 2325 nequeant
678 2293 694 2315 e
720 2282 800 2314 dicta
828 2282 984 2324 religione
1009 2282 1047 2314 ad

394 2334 489 2367 aliam
515 2345 769 2378 quamcumque,
798 2335 892 2367 etiam
919 2335 1049 2368 Carthu-

393 2387 571 2426 sianorum,
587 2388 707 2431 absque
721 2388 850 2432 speciali
866 2388 955 2420 Sedis
969 2389 1050 2430 Apo-

393 2440 525 2473 stolicae
550 2440 686 2481 indulto,
709 2452 742 2474 se
764 2441 948 2477 transferre,
968 2440 1045 2473 litfi.

305 2493 483 2526 CXXXVIII.
511 2493 660 2526 Diversae
684 2494 904 2527 ordinationes
930 2503 988 2537 pro
1007 2494 1050 2526 fe-

394 2546 446 2579 lici
472 2552 556 2579 statu
583 2546 738 2588 regimine
755 2553 785 2580 et
806 2546 1050 2579 manutentione

396 2599 560 2633 custodiae
585 2599 616 2632 S.
646 2600 727 2632 Petri
754 2600 793 2633 de
822 2600 993 2633 Alcantara
1019 2599 1051 2631 in

396 2662 496 2694 regno
522 2652 731 2695 Neapolitano
764 2653 895 2686 fratrum
930 2652 1050 2685 Discat-

1178 318 1340 348 ceatorum
1374 314 1543 357 Hispaniae
1574 313 1701 345 Ordinis
1727 313 1829 345 Mino-

1181 378 1249 400 rum
1269 367 1367 399 sancti
1383 367 1540 400 Francisci
1560 367 1598 399 ‹le
1616 366 1832 406 Obsi‘nwantia,

1179 421 1264 453 iuxta
1285 420 1512 453 resolutionem
1533 420 1834 458 sacraetlongsroysa-

1179 474 1274 506 tionis
1300 474 1539 516 cpiscoporum,
1565 472 1641 504 lilh'.

1166 527 1246 561 th.
1280 527 1440 560 indultum
1474 532 1505 558 ut
1541 526 1579 557 sto,
1606 527 1636 558 12.
1673 526 1833 559 {bernardo

1179 581 1377 619 Ptolomaeo,
1394 579 1834 621 fundatore(louercgationis

1180 634 1293 667 Montis
1318 633 1429 666 ttliveti
1456 633 1581 667 Ordinis
1607 633 1705 665 sancti
1737 633 1835 665 liene-

1181 688 1269 727 ‹licti,
1288 687 1383 719 missa
1401 693 1427 719 et
1450 686 1590 719 officium
1614 687 1652 718 de
1670 687 1833 718 communi

1180 740 1378 773 Confessoris
1403 749 1466 772 non
1494 739 1668 777 Pontificis,
1692 740 1751 771 sub
1774 740 1833 771 ritu

1182 793 1324 836 duplici,
1356 793 1528 836 quotannis
1561 792 1590 823 in
1619 798 1832 834 perpetuum,

1184 845 1235 877 die
1250 857 1286 877 xx
1306 845 1432 887 augusti
1451 855 1513 887 qna
1539 844 1622 877 idem
1651 845 1762 877 {imitus
1780 845 1836 877 ob-

1183 898 1335 931 dormivit,
1368 898 1399 930 in
1432 897 1592 937 Domino,
1617 898 1656 930 ab
1689 899 1835 931 universa

1182 951 1439 993 congregatione
1466 952 1608 994 praefata
1636 957 1663 983 ct
1691 951 1838 984 moniali-

1184 1005 1268 1037 libus
1293 1015 1348 1037 seu
1378 1004 1492 1037 oblatis
1519 1005 1704 1037 monasterii
1731 1005 1838 1036 'furris

1184 1058 1395 1101 Speculorum
1421 1058 1460 1091 de
1485 1058 1595 1097 Urbe,
1628 1058 1782 1090 celebrari
1809 1065 1835 1089 et

1184 1111 1312 1143 recitari
1340 1110 1514 1154 respective
1535 1111 1668 1153 possint,
1698 1111 1768 1143 ¹122.

1095 1164 1180 1197 CXL.
1211 1163 1388 1196 Proliibitio
1410 1163 1560 1196 transitus
1581 1164 1771 1196 clericorum
1791 1175 1840 1197 re-

1184 1216 1344 1257 gularium
1364 1216 1470 1249 Matris
1487 1216 1540 1248 Dei
1560 1223 1587 1248 ct
1611 1217 1649 1248 ile
1667 1217 1840 1250 Somascha

1186 1270 1225 1302 ile
1251 1272 1313 1302 una
1340 1270 1369 1301 in
1396 1269 1530 1301 alteram
1552 1270 1838 1311 tlongregationern

1186 1322 1372 1355 huiusmodi
1399 1322 1585 1366 respective,
1615 1333 1651 1355 οἳ
1679 1333 1838 1366 quacum-

1187 1386 1250 1418 que
1264 1375 1359 1407 etiam
1379 1374 1549 1408 iustissima
1566 1378 1671 1412 causa,
1692 1386 1727 1407 ac
1746 1376 1840 1408 etiaxn

1186 1428 1295 1470 vigore
1321 1428 1457 1460 cuiusvis
1482 1428 1630 1460 licentiae
1656 1438 1672 1459 a
1698 1429 1844 1471 superio-

1187 1481 1277 1513 ribus
1301 1481 1365 1513 sive
1391 1481 1486 1512 etiam
1514 1480 1545 1512 in
1571 1480 1718 1524 capitulis
1744 1491 1842 1523 gene-

1188 1535 1308 1567 ralibus
1333 1533 1523 1566 carun‘idem
1549 1533 1841 1575 Congt·es‡ationtti‘ii

1189 1598 1371 1627 concessae,
1399 1586 1474 1619 4¹23.

1098 1642 1197 1675 CXLI.
1215 1640 1424 1674 Confirmatio
1439 1641 1558 1673 decreti
1580 1641 1842 1683 Congregationis

1189 1694 1414 1738 episcoporum
1433 1698 1462 1726 et
1481 1693 1690 1735 regularium,
1710 1704 1775 1737 quo
1794 1705 1843 1727 re-

1188 1747 1332 1786 solvitur,
1354 1746 1579 1790 praecedentia
1596 1747 1705 1779 Brevia
1719 1748 1841 1781 Summi

1191 1799 1374 1837 l'ontiticis,
1408 1799 1493 1832 edita
1530 1799 1581 1832 die
1606 1809 1681 1833 xviii
1709 1799 1843 1833 ianuarii

1188 1863 1341 1887 nnchxu
1359 1858 1387 1885 ct
1401 1862 1438 1886 111
1456 1852 1582 1895 augusti
1599 1853 1741 1886 eiusdem
1757 1854 1843 1892 anni,

1190 1906 1434 1941 confirmatoria
1454 1907 1682 1939 nonnullarum
1706 1907 1846 1939 declara-

1189 1960 1315 1993 tionum
1334 1960 1437 1993 dictae
1455 1959 1721 2002 Congregationis
1746 1969 1845 2003 super

1189 2013 1400 2046 associatione
1427 2014 1618 2046 cadaverum
1646 2018 1675 2046 et
1701 2013 1844 2055 ingressu

1190 2067 1229 2100 ad
1255 2066 1406 2099 ecclesias
1439 2066 1660 2108 regularium,
1687 2076 1751 2098 nou
1778 2076 1845 2099 esse

1190 2120 1391 2152 observanda
1415 2129 1432 2151 a
1458 2119 1544 2151 clero
1562 2119 1717 2151 saeculari
1744 2119 1775 2150 in
1798 2129 1847 2151 re-

1190 2173 1260 2215 gnis
1284 2172 1436 2206 Castellae
1462 2178 1491 2205 et
1518 2171 1676 2214 Legionis,
1700 2171 1775 2203 liz-3.

1101 2226 1209 2260 CXLII.
1227 2225 1392 2259 Innovatio
1406 2225 1514 2258 Brevis
1525 2224 1673 2266 Gregorii
1685 2225 1736 2257 XV
1750 2235 1847 2268 super

1190 2279 1410 2323 prohibitione
1427 2278 1566 2311 ambitus
1587 2288 1646 2322 pro
1668 2278 1848 2320 Congrega-

1192 2333 1278 2366 tione
1303 2333 1495 2365 clericorum
1524 2331 1719 2374 regularium
1746 2331 1846 2364 Thea-

1191 2386 1346 2422 tinorum,
1374 2384 1448 2417 4226.

1102 2439 1226 2474 CXLIII.
1255 2438 1418 2472 Relaxatio
1446 2437 1665 2481 suspensionis
1690 2436 1847 2469 facultatis

1192 2492 1380 2525 confercndi
1409 2491 1564 2524 beneficia
1583 2490 1614 2522 in
1632 2490 1768 2530 civitate,
1793 2499 1848 2533 pa-

1194 2546 1251 2578 tria
1278 2552 1304 2577 et
1333 2544 1469 2577 dioecesi
1497 2543 1676 2583 lieodiensi,
1701 2553 1773 2575 cum
1795 2542 1846 2575 di-

1194 2598 1291 2631 versis
1316 2597 1587 2636 ontinationitius,
1615 2602 1689 2635 etc.,
1717 2595 1792 2628 [1128.

1103 2651 1226 2685 CXLIV.
1244 2650 1435 2693 Suppressio
1450 2655 1605 2692 perpetua
1623 2658 1850 2691 quarumcum-
