2279 3260
233 273 271 298 An
304 271 332 297 c.
353 270 418 297 ¹67¹*
464 259 528 293 608

427 380 511 403 anno
528 379 571 402 Vl.

842 419 865 451 l.
893 417 928 450 G.
956 415 1093 448 Smisuis.

463 485 521 513 Dat.
539 485 584 512 die
603 484 636 511 29
657 482 787 510 februarii
804 480 882 513 1676,
905 478 1004 513 pontis.
1026 485 1072 503 an.
1095 482 1130 501 v1.

463 547 631 582 Reyislralct
646 546 677 572 in
690 542 867 575 Ξανθίαν-Μ,
882 542 911 568 iu
924 540 974 568 tib.
986 537 1163 573 viBrevium

429 593 618 624 diversorum,
639 590 689 625 sol.
708 588 767 615 16⁹2.

474 688 531 721 Die
557 697 578 720 ιι
603 684 719 718 martii
753 691 909 716 unctxxvi
939 677 1165 722 supradictum

430 742 550 780 Breve,
576 749 630 771 seu
656 735 860 773 Consliluli'o,
885 733 1020 775 affioeum
1047 735 1076 764 et
1105 740 1166 774 pu-

432 794 587 826 blicatum
617 791 681 833 suit
717 789 759 821 acl
794 787 904 820 valvas
938 785 1055 819 Curiae
1078 787 1107 815 et
1131 783 1167 814 in

430 847 498 880 acie
533 844 647 887 Campi
681 842 809 882 Florae,
834 851 871 873 ac
902 839 997 872 elium
1031 838 1067 869 iu
1090 836 1168 868 aliis

433 900 508 932 locis
531 898 637 931 solitis
669 900 696 928 et
728 893 887 927 consuetis
915 891 1007 925 Urbis
1030 900 1087 933 per
1120 891 1169 922 me

431 950 658 986 Alexandrum
683 946 866 981 Albi-inum
890 953 1051 978 cursorem
1071 952 1166 985 apos-

434 1005 578 1038 lolicum.

575 1056 740 1089 ANTomus
756 1052 914 1085 ememus
932 1059 1017 1092 mag.
1041 1058 1123 1082 curs.

300 700 418 721 Pubhcatin

236 730 379 754 praenimium
388 727 419 747 tit·

238 758 339 775 letatum.

772 1203 828 1237 CC.

434 1287 617 1322 Declaratio
641 1286 727 1317 circa
751 1283 994 1317 celebrationem
1017 1279 1174 1323 capitulo-

478 1351 553 1373 rum
576 1337 831 1382 provincialium.
866 1335 1002 1369 Ordinis
1031 1335 1173 1376 fratrum

478 1393 646 1425 Minorum
675 1390 779 1423 saucii
804 1387 975 1422 Francisci
1000 1384 1174 1428 Cappucci-

479 1454 609 1478 norum.

655 1521 789 1549 Clemens
810 1520 890 1553 Papa
908 1518 942 1550 X,

577 1567 614 1596 ad
634 1567 768 1594 futuram
787 1564 834 1592 rei
854 1562 1037 1591 memoriam.

244 1650 426 1699 cosfi'sstssfllffiss‘
481 1641 496 1684 ἓ
521 1640 552 1673 1.
580 1638 707 1672 Dudum
727 1636 831 1670 felicis
851 1633 1090 1668 recordationis
1107 1631 1177 1665 Cle-

287 1687 290 1698 ,
333 1685 338 1697 ;
420 1687 426 1690 .

245 1708 324 1725 cretum
341 1703 426 1729 caint-1¹1
438 1702 528 1727 mens
545 1692 632 1735 Papa
644 1691 683 1724 IX
700 1689 935 1734 praedecessor
953 1691 1064 1719 noster
1078 1695 1177 1729 quae-

246 1731 350 1756 §zsneralis
387 1730 427 1749 fra-

245 1760 298 1777 mm
332 1747 512 1782 cappae-dam
528 1745 659 1779 decreta
685 1753 744 1776 seu
761 1741 901 1785 capitula
915 1740 948 1772 in
965 1739 1106 1782 capitulo
1124 1748 1178 1781 ge-

246 1789 339 1803 rmai-um
361 1785 427 1802 sancti

246 1809 351 1837 rranmsej
403 1798 540 1832 donerali
573 1797 707 1830 fratrum
731 1794 891 1828 Minorum
922 1792 1024 1825 sancti
1048 1790 1178 1824 Franci-

246 1835 344 1882 isr'iiissffe'
372 1834 429 1890 giis?
440 1852 485 1885 sci
508 1850 787 1894 Cappuccinorum
811 1851 1074 1889 nuncupatorum
1098 1844 1179 1877 sacta

248 1889 475 1937 ἐἳῖἷίἷῖἶέρωωέῐ
495 1902 649 1942 stabilita,
674 1906 706 1934 et
728 1900 812 1933 inter
836 1899 899 1933 alia
922 1909 1023 1931 unum
1041 1907 1106 1941 quo
1131 1907 1181 1930 ca-

442 1958 578 1990 vebatur
602 1960 638 1987 ut
668 1953 809 1997 capitula
839 1951 1074 1996 provincialia,
1098 1960 1180 1994 quae

443 2009 595 2043 annualia
620 2012 722 2047 erant,
742 2007 774 2039 in
791 2011 957 2050 posterum
983 2010 1107 2038 tantum
1125 2003 1181 2037 sie-

443 2066 518 2096 rent
542 2062 581 2095 de
607 2059 748 2093 triennio
768 2059 800 2091 in
817 2058 1003 2098 triennium,
1026 2062 1057 2090 et
1074 2057 1182 2099 singu-

444 2115 484 2149 lis
510 2113 603 2148 annis
626 2112 718 2146 fieret
742 2111 953 2154 congregatio
973 2109 1180 2149 intermedia,

445 2167 637 2202 auctoritate
662 2164 841 2209 apostolica
864 2163 1066 2197 confirmavit
1083 2169 1114 2196 et
1131 2173 1183 2205 ap-

445 2220 604 2266 probavit,
631 2224 663 2252 et
687 2218 779 2259 alias,
811 2222 907 2261 prout
930 2217 961 2250 in
987 2217 1090 2260 ipsius
1115 2216 1184 2249 Cle-

446 2274 564 2308 mentis
596 2270 858 2316 praedecessoris
893 2269 1011 2303 litteris
1044 2270 1185 2312 desuper

447 2328 479 2360 in
505 2326 603 2360 simili
640 2325 743 2357 forma
778 2323 886 2356 Brevis
912 2323 962 2356 dic
988 2332 1018 2355 lx
1043 2327 1185 2365 septem-

447 2380 514 2413 bris
550 2387 703 2413 MDGvau
737 2375 906 2420 expeditis,
931 2386 1068 2418 quarum
1094 2381 1185 2408 teno-

448 2443 516 2466 rem
540 2430 765 2476 praesentibus
783 2439 842 2472 pro
862 2429 958 2472 plene
977 2433 1009 2461 et
1025 2428 1186 2461 sufficien-

449 2492 499 2520 ter
522 2494 678 2529 expresso
697 2487 728 2516 et
749 2483 873 2515 inserto
894 2481 1007 2515 haberi
1024 2483 1184 2522 volumus,

451 2539 582 2574 uberius
608 2536 804 2571 continetur.

257 2601 440 2648 clnssoffiigscerzlss
495 2592 564 2637 §2-
590 2591 705 2625 Verum
737 2588 874 2622 subinde
907 2598 966 2622 nos
999 2589 1037 2621 ad
1069 2588 1189 2621 instan-

258 2654 427 2678 cstmoderatus-
454 2648 530 2681 tiam
553 2645 659 2680 bonae
682 2643 857 2678 memoriae
871 2641 1033 2686 *Federici‚
1054 2642 1129 2675 dum
1145 2642 1191 2676 vi-

1015 259 1194 287 nummus!
1218 258 1371 285 nommm

428 317 582 350 februarii
608 325 778 355 nnctxxvi,
816 312 1022 357 pontificatus
1058 309 1185 341 nostri*

1945 259 1996 287 An.
2018 259 2047 288 C.
2064 257 2133 289 {678

1206 307 1263 348 xit,
1289 307 1317 341 S.
1333 308 1369 341 R.
1389 308 1423 341 E.
1451 309 1625 343 cardinalis
1650 309 1838 343 Borromaei
1864 319 1940 341 nun-

1204 360 1320 403 cupati,
1358 361 1433 394 dicti
1457 362 1585 395 Ordinis
1615 363 1699 406 apud
1726 373 1784 396 nos
1809 367 1840 395 ct
1863 362 1941 395 San-

1205 418 1287 446 ctam
1317 413 1433 447 Sedem
1472 415 1691 458 Apostolicam
1731 415 1939 459 protectoriS,

1205 466 1384 508 praedictas
1410 466 1583 500 Clementis
1609 468 1871 511 praedecessoris
1891 467 1942 501 lit-

1207 523 1292 551 teras
1317 519 1349 551 in
1374 520 1543 553 nonnullis
1573 530 1683 553 earum
1719 520 1863 554 articulis
1896 521 1943 554 di-

1206 571 1387 605 versimode
1413 572 1571 606 moderati
1597 583 1716 614 sumuS,
1731 579 1763 606 ct
1780 574 1866 607 inter
1883 574 1944 607 alia

1207 624 1462 667 dispensavimus
1495 630 1530 658 ut
1554 625 1697 669 capitula
1731 625 1944 668 provincialia

1208 678 1395 711 huiusmodi
1420 678 1536 712 fierent
1552 678 1729 712 secundum
1750 679 1943 722 exigentiam

1209 731 1468 773 provinciarum,
1494 742 1591 775 super
1621 741 1685 774 quo
1710 736 1820 774 posset
1851 731 1945 764 mini-

1210 789 1275 817 ster
1311 784 1472 827 generalis
1510 784 1659 817 eiusdem
1693 783 1822 817 Ordinis
1858 784 1945 817 iuxta

1210 836 1436 870 necessitatem
1464 837 1645 870 concedere
1675 836 1873 877 facultatem,
1904 842 1945 878 et,

1211 890 1482 932 quemadmodum
1494 889 1598 922 dictae
1610 889 1737 922 litterae
1752 888 1949 922 ordinabant

1211 948 1245 975 ut
1269 943 1410 986 capitula
1434 943 1539 976 forent
1564 943 1744 983 triennalia‚
1763 943 1949 976 infuturum

1213 995 1327 1029 fierent
1351 996 1390 1029 de
1414 996 1612 1039 sesquianno
1650 997 1681 1029 in
1709 995 1948 1040 sesquiannum,

1214 1048 1348 1082 sublatis
1366 1048 1675 1091 congregationibus
1698 1048 1952 1091 intermediis‚et

1214 1102 1301 1142 alias,
1316 1106 1412 1145 prout
1436 1102 1469 1134 in
1488 1101 1606 1135 litteris
1632 1101 1779 1135 eiusdem
1804 1101 1950 1135 Federici

1215 1155 1387 1189 cardinalis
1412 1155 1606 1198 protectoris
1624 1155 1767 1198 desuper
1784 1154 1836 1188 die
1852 1165 1950 1188 xxvm

1216 1209 1286 1242 iulii
1310 1218 1447 1243 MDCan
1463 1208 1620 1241 emanans
1637 1208 1758 1241 dicitur
1771 1208 1949 1241 contineri.

1260 1260 1329 1304 §3
1366 1260 1442 1294 Cum
1475 1265 1594 1300 autem,
1628 1260 1712 1293 sicut
1748 1259 1857 1293 dilecti
1893 1259 1951 1293 filii
1988 1270 2147 1301 nubiaexoria

1216 1314 1401 1357 Stephanus
1427 1324 1445 1346 a
1469 1313 1593 1346 Cesena
1616 1312 1762 1345 minister
1790 1312 1953 1354 generalis
1963 1296 2148 1355 ἓῗὲιζᾞῖῗᾶἶὶἶζῗ

1217 1372 1249 1400 et
1273 1367 1498 1399 Bonaventura
1530 1376 1546 1398 a
1578 1364 1733 1398 Recineto
1765 1353 2037 1408 p1'ocu1‘ator‘¹⁰¹¹¹⁵'

1218 1419 1380 1462 generalis
1405 1418 1534 1451 Ordinis
1559 1418 1694 1461 praefati
1717 1418 1817 1451 ;nobis
1848 1427 1956 1461 nuper

1218 1471 1336 1515 exponi
1362 1471 1507 1505 fecerunt
1531 1470 1632 1514 (licet
1666 1470 1736 1514 ipse
1768 1469 1954 1513 Stephanus

1218 1525 1366 1558 minister
1390 1524 1558 1567 generalis,
1583 1524 1695 1567 vigore
1720 1523 1955 1557 moderationis

1218 1588 1276 1611 seu
1301 1577 1552 1621 dispensationis
1577 1587 1595 1610 a
1619 1577 1721 1617 nobis,
1755 1577 1841 1610 sicut
1863 1587 1957 1620 prae-

1219 1631 1367 1672 mittitur,
1391 1630 1710 1671 concessae‚abinde
1734 1630 1959 1673 procuraverit

1218 1690 1254 1718 ut
1277 1684 1495 1718 communiter
1519 1694 1631 1717 omnes
1661 1682 1848 1727 provinciae
1874 1683 1960 1716 eius-

1221 1738 1294 1772 dem
1311 1737 1439 1771 Ordinis
1457 1737 1598 1780 capitula
1615 1735 1866 1779 sesquiannalia,
1888 1736 1960 1768 sub-

1221 1791 1294 1825 latis
1319 1789 1627 1833 congregationibus
1660 1788 1881 1829 intermediis,
1908 1799 1959 1822 cc-

1221 1845 1398 1884 lebrarent,
1424 1843 1546 1887 quippe
1568 1842 1622 1886 qui
1640 1842 1672 1875 id
1689 1842 1777 1875 bono
1794 1841 1959 1875 communi

1221 1897 1322 1940 magis
1348 1895 1503 1939 expedire
1524 1894 1727 1938 cognoverit)
1746 1894 1960 1928 nihilominus

1222 1954 1296 1993 post
1320 1949 1444 1982 obitum
1475 1946 1645 1980 memorati
1678 1946 1824 1979 Federici
1857 1946 1961 1979 cardi-

1223 2003 1306 2037 nalis
1339 2008 1371 2036 et
1400 2001 1597 2046 protectoris
1630 2011 1648 2033 a
1670 2000 1838 2033 nonnullis
1861 2010 1960 2042 super

1224 2057 1391 2090 intellectu
1415 2055 1601 2095 verborum,
1625 2053 1742 2097 quibus
1775 2053 1861 2086 dicta
1894 2064 1961 2086 mo-

1225 2110 1350 2144 deratio
1385 2109 1451 2142 sive
1481 2107 1681 2150 dispensatio
1704 2106 1827 2148 vulgari
1852 2106 1960 2140 italico

1225 2165 1377 2198 idiomate
1403 2166 1561 2205 concepta
1585 2160 1654 2201 suit,
1681 2165 1769 2193 mota
1793 2159 1891 2192 suerit
1908 2160 1962 2193 ali-

1227 2228 1290 2261 qua
1314 2215 1503 2255 difficultas,
1529 2224 1570 2246 an
1595 2212 1720 2246 scilicet
1735 2212 1877 2245 ministri
1893 2223 1963 2256 pro-

1226 2270 1379 2304 vinciales
1414 2267 1553 2311 capitula
1576 2265 1751 2299 tricnnalia
1786 2275 1856 2298 cum
1887 2276 1963 2298 con-

1227 2320 1469 2366 gregationibus
1494 2317 1696 2352 intermediis
1727 2318 1869 2351 retinere
1892 2328 1962 2361 pos-

1227 2376 1308 2416 sint,
1325 2385 1365 2408 an
1388 2383 1475 2413 vero,
1493 2376 1567 2416 post
1587 2371 1747 2404 eiusmodi
1766 2371 1963 2404 moderatio·

1228 2439 1311 2468 nem,
1337 2427 1435 2460 suerit
1459 2431 1491 2459 et
1522 2425 1563 2458 sit
1597 2424 1742 2457 absolute
1780 2424 1964 2457 necessaria

1229 2481 1358 2516 licentia
1381 2479 1520 2513 ministri
1545 2478 1706 2522 generalis
1730 2478 1770 2511 ad
1794 2478 1965 2511 retinenda

1229 2536 1263 2569 in
1286 2533 1461 2579 provinciis
1486 2532 1627 2576 capitula
1652 2531 1824 2564 triennalia
1841 2535 1874 2564 et
1890 2541 1966 2564 eon-

1232 2586 1435 2632 gregationes
1460 2585 1669 2619 intermedias
1695 2583 1896 2625 huiusmodi,
1931 2594 1967 2619 ac

1233 2646 1342 2674 utrum
1367 2639 1515 2673 minister
1539 2638 1701 2684 generalis
1722 2638 1755 2672 in
1772 2638 1836 2672 vim
1859 2637 1968 2673 mode-
