2279 3260
151 248 243 275 An.C.
268 230 332 275 ¹651

977 249 1118 272 CLEMENS
1140 249 1158 271 Χ
1171 250 1230 272 ,ΙΨ-

344 296 441 330 huius
458 293 779 340 infirn·1itatisspecie
799 297 960 335 labsnwu‘e,
981 309 1075 339 quam

344 360 403 382 nec
426 351 537 393 pulsus
554 376 561 389 ‚
589 361 648 382 nec
680 350 766 382 alud
799 350 1011 381 extrinsecum
1037 349 1078 381 si-

343 412 440 443 gnum
471 401 647 441 indicaret,
674 413 710 434 ac
748 402 884 444 proinde
917 412 980 434 non
1015 402 1077 434 alia

1121 297 1246 328 t'clieem
1272 295 1394 329 obitum
1420 298 1553 340 supplex
1581 309 1655 331 vos-e
1682 299 1780 331 ssebili
1806 298 1853 330 di-

1120 349 1226 380 vinnm
1254 349 1399 381 viaticum
1426 355 1457 381 et
1480 356 1655 382 extremam
1680 351 1773 393 petiit
1798 361 1855 382 nu-

1121 401 1272 433 ctionem.
1291 402 1402 433 Delato
1418 402 1631 434 eucharistico
1646 404 1741 444 epulo
1754 403 1854 434 instar

343 464 439 497 quam
463 453 711 486 immedicabilis
739 454 806 486 lobi
832 453 986 496 patientia
1012 453 1076 486 sibi
1120 454 1316 485 coruscantis
1341 464 1476 485 aurorae
1502 454 1640 495 gratiose
1668 453 1796 492 rubuit,
1823 458 1855 484 et

344 516 424 548 opus
449 516 527 545 esse,
547 511 581 538 ut
597 506 827 550 quoquomodo
852 506 995 553 singulos
1012 516 1077 537 cru-

343 557 426 590 cifixi
444 558 556 600 sponsi
577 558 625 590 sui
651 558 780 590 dolores
800 558 1002 590 merulanum
1025 568 1077 589 ex-

343 610 515 653 periretur.
540 610 675 653 Rogavit
687 616 718 643 et
732 611 871 643 obtinuit
885 622 942 654 per
956 611 1078 653 aliquot

344 663 411 696 dies
437 662 612 695 solitarian'i
632 663 771 706 quietem
796 669 828 696 et
851 664 1026 703 silentium,
1045 668 1079 694 ut

344 715 487 747 intimius
502 726 575 748 snos
593 717 721 748 dolores
735 716 909 758 intingeret
926 716 1078 748 extremis

343 768 536 800 cruciatibus
554 769 696 801 crucifixi
717 769 908 809 amoris‚eui
929 779 963 801 se
983 779 1079 800 mem-

343 821 460 852 bratim
485 820 641 853 confixam
669 822 699 853 in
719 832 811 853 cruce
830 821 1001 853 sentiebat
1022 821 1078 852 Au-

343 874 503 915 gebantur
528 874 560 906 in
585 874 653 906 dies
687 874 872 906 huiusmodi
899 873 1074 916 supplicia,

343 931 378 958 ut
404 927 517 959 mirum
544 927 639 960 suerit
655 938 735 966 eam,
758 932 819 959 tam
840 927 973 969 potenti,
992 926 1077 960 varia

343 984 374 1011 ct
398 981 556 1012 cumulata
582 980 730 1012 dolorum
756 981 891 1017 caterva,
911 979 1002 1011 citius
1022 979 1077 1010 de-

342 1031 480 1064 ficiendo
506 1042 568 1063 non
594 1032 812 1072 succubuisse,
839 1033 895 1064 sed
921 1030 1076 1074 paulatim

342 1085 587 1122 resolvebatur,
606 1085 679 1127 qnia
704 1084 970 1126 gloriosissimum
995 1094 1077 1116 mar—

343 1137 413 1179 tyrii
440 1148 541 1179 genus
566 1137 593 1169 ei
620 1142 689 1169 erat
714 1138 800 1170 lente
827 1143 858 1169 et
882 1137 1075 1169 articulatim

341 1190 434 1223 mori.
463 1190 553 1222 Certa
574 1190 659 1222 enim
678 1195 745 1221 erat
764 1191 820 1222 has
837 1201 958 1233 poenas
973 1195 1076 1222 acter-

341 1253 399 1274 nae
425 1242 546 1284 gloriae
572 1243 700 1284 pondus
726 1242 757 1274 in
779 1243 848 1285 ipsa
866 1248 1074 1284 operaturas;

342 1294 464 1326 sciebat
489 1295 573 1326 hunc
595 1305 662 1326 esse
688 1294 832 1334 calicem,
860 1305 953 1337 quem
979 1305 1077 1337 spon-

342 1357 393 1379 sus
418 1348 553 1385 biberat,
580 1353 608 1380 et
638 1347 697 1390 ipsi
717 1352 751 1379 ut
780 1358 917 1390 sponsae
942 1347 1077 1380 miscue-

343 1405 400 1439 rat,
419 1411 455 1432 ae
474 1399 591 1432 tamdiu
610 1405 681 1432 ante
700 1401 728 1433 ei
746 1405 1074 1443 pracmonstraveratr,

341 1453 428 1486 undo
464 1459 651 1486 constanter
687 1459 716 1486 et
751 1454 907 1493 iucunde,
941 1455 1027 1487 velut
1060 1464 1076 1486 e

343 1517 439 1538 manu
464 1506 583 1539 Christi
608 1507 733 1539 Domini
760 1512 957 1550 porrectum,
978 1513 1077 1540 totum

343 1559 454 1592 ebibit.
482 1560 604 1592 Blanda
636 1565 667 1591 et
700 1560 905 1592 devotissima
930 1572 1001 1593 cum
1034 1561 1079 1592 di-

345 1613 428 1645 lecto
442 1613 597 1645 miscebat
611 1613 782 1656 colloquia,
804 1619 988 1656 tantumque
1007 1624 1078 1646 cum

345 1665 530 1698 domesticis
549 1666 719 1698 Dominum
740 1666 872 1707 rogavit,
891 1677 931 1698 ne
949 1667 1079 1699 dolores

345 1720 412 1752 eius
436 1719 552 1751 mentis
586 1719 723 1752 liborum
752 1730 845 1752 usum
870 1719 1077 1763 impedirent.

344 1772 418 1805 Sitis
443 1772 675 1804 immanissima
692 1783 770 1814 prae
796 1772 919 1811 ceteris,
938 1778 972 1804 ut
992 1783 1081 1815 prae-

345 1826 476 1865 dixerat,
495 1825 606 1857 intime
623 1836 690 1857 eam
710 1825 883 1866 cruciabat,
903 1836 961 1857 nec
979 1837 1080 1869 aquae

344 1883 439 1921 potus
463 1877 585 1909 sitienti
611 1878 756 1917 dabatur,
782 1877 956 1910 obsistente
981 1878 1082 1910 medi-

345 1940 454 1963 corum
479 1930 690 1972 praescripto,
714 1930 797 1962 unde
818 1929 998 1972 poenaliter
1019 1940 1082 1962 are-

345 1982 446 2015 scenti
471 1982 586 2024 virgini
623 1983 685 2014 hoc
711 1982 805 2014 etiam
831 1993 901 2014 cum
926 1983 1082 2016 moriente

345 2045 465 2078 sponso
494 2035 694 2067 tolerandum
731 2027 889 2078 superfuit
923 2036 1081 2069 clamare:

346 2088 438 2120 Silio.
453 2087 588 2130 Propius
605 2088 777 2120 accedente
797 2088 985 2131 acceptabili
1007 2094 1083 2121 tem-

347 2151 426 2183 pore
454 2151 517 2183 quo
544 2140 628 2173 Rosa
660 2140 720 2172 ista
746 2151 762 2173 e
788 2141 880 2173 terris
913 2141 945 2173 in
970 2142 1082 2184 sponsi

347 2194 541 2237 paradisum,
561 2194 714 2236 depositis
730 2194 935 2226 mortalitatis
951 2195 1082 2235 exuviis,

348 2247 575 2279 transferenda
593 2252 669 2286 erat,
689 2246 810 2290 pluries
826 2248 987 2280 advocatis
1013 2259 1084 2281 con-

348 2299 498 2339 sessariis,
514 2300 720 2332 tenerriinam
738 2301 978 2341 conscientiam,
992 2306 1024 2333 et
1040 2313 1084 2334 so-

349 2353 412 2385 mel
430 2352 626 2394 generaliter
643 2353 682 2385 de
698 2355 762 2385 tota
781 2354 850 2394 vita,
867 2355 1083 2397 exomologesi

349 2405 500 2450 purgavit
524 2416 654 2449 semper
677 2417 749 2438 cum
774 2407 995 2449 poenitudinis
1021 2409 1084 2441 sin-

350 2458 492 2500 gultibus
519 2462 549 2490 et
577 2459 739 2502 lacrymis,
767 2459 810 2492 ita
838 2465 869 2492 ut
900 2462 1084 2503 compuncti

350 2511 520 2543 audientes
544 2511 736 2543 mirarentur
753 2512 785 2543 in
802 2513 996 2545 saevissimis
1015 2525 1085 2545 sru-

351 2563 487 2595 ciatibus
512 2573 577 2595 non
603 2564 742 2603 flentem,
764 2565 940 2597 levissimas
967 2566 1085 2609 imper-

352 2615 509 2648 fectiones
536 2622 596 2648 tam
624 2618 685 2648 alte
712 2617 843 2650 deflere.
871 2618 988 2651 Triduo
1012 2625 1085 2652 ante

1116 505 1239 552 gaudio
1256 516 1312 537 suo
1331 506 1432 548 impar
1450 506 1481 537 in
1500 506 1687 538 altissimam
1705 506 1853 537 ecstasim

1122 563 1211 600 rapta
1234 558 1301 590 suit.
1319 559 1483 591 Sacerdoti
1499 564 1603 591 tamen
1618 558 1854 590 sanctissimam

1121 611 1262 642 Hostiam
1286 611 1472 653 porrigenti,
1497 612 1584 643 etde
1604 621 1694 642 more
1717 609 1854 651 roganti,

1121 668 1193 705 apte
1213 669 1244 696 et
1262 665 1410 707 expedite
1438 664 1617 707 respondit.
1641 663 1690 696 Sic
1708 668 1739 695 et
1757 663 1853 695 alacri

1121 716 1264 748 omnium
1291 727 1445 748 sensuum
1463 716 1567 749 officio
1585 717 1690 749 oleum
1710 714 1853 747 intirmo-

1120 779 1190 800 rum
1216 768 1409 801 morihumla
1434 769 1570 812 accepit,
1593 779 1656 811 quo
1682 767 1790 811 potins
1815 768 1854 799 ad

1123 821 1330 864 triumphum,
1351 833 1445 864 quam
1471 824 1509 855 ad
1536 833 1673 865 agonem
1699 820 1798 854 sensit
1821 831 1854 853 se

1121 873 1266 905 animari.
1286 874 1420 916 Saepius
1446 875 1543 907 etiam
1569 886 1675 908 coram
1702 872 1855 906 adstanti-

1120 927 1178 957 bus
1204 936 1279 958 voce
1305 927 1390 958 clara
1414 927 1615 959 orthodoxae
1634 927 1707 959 fidei
1730 927 1855 969 protes-

1120 977 1242 1010 siouem
1267 977 1384 1018 emisit,
1406 984 1590 1021 protestans
1608 989 1649 1018 se,
1670 984 1704 1010 ut
1722 978 1854 1016 vixerat,

1119 1030 1162 1061 ita
1180 1031 1260 1062 mori
1282 1036 1409 1063 sanctae
1429 1031 1591 1064 Romanae
1611 1036 1643 1063 et
1662 1030 1853 1063 universalis

1119 1082 1281 1115 Ecclesiae
1299 1083 1407 1115 filiam.
1428 1083 1560 1116 Sacrum
1579 1083 1625 1116 sui
1641 1083 1770 1116 Ordinis
1787 1093 1856 1114 soa-

1120 1137 1240 1177 lmlare,
1267 1141 1300 1167 ut
1324 1136 1490 1179 proprium
1515 1147 1589 1169 suae
1614 1136 1782 1178 religiosae
1801 1135 1856 1166 mi-

1120 1188 1206 1220 litiae
1234 1188 1385 1221 vexillum
1402 1215 1409 1227 ,
1433 1200 1495 1231 quo
1518 1188 1655 1231 Deipara
1679 1187 1773 1229 Virgo
1801 1197 1856 1218 na-

1119 1245 1262 1272 sfflssnteni
1277 1241 1536 1273 l‘raedicatorum
1554 1240 1706 1273 Ordinem
1724 1239 1857 1281 insigni-

1120 1298 1217 1333 verat,
1239 1303 1415 1335 expansum
1440 1304 1538 1336 super
1562 1293 1721 1335 stragulas
1746 1291 1855 1324 videre

1120 1346 1229 1379 voluit.
1257 1346 1415 1378 lnvisente
1441 1357 1510 1378 eam
1536 1346 1635 1389 priori
1662 1345 1856 1379 dominicani

1120 1398 1269 1431 coenobii
1292 1399 1414 1439 Limae,
1441 1399 1492 1431 eui
1517 1410 1575 1442 per
1600 1399 1857 1442 quinquennium

1121 1451 1215 1484 alias¹
1236 1462 1310 1484 suae
1329 1451 1545 1489 conscientiae
1567 1453 1706 1484 latebras
1720 1462 1857 1494 aperue-

1121 1509 1179 1544 rat,
1206 1504 1382 1536 humilibus
1408 1504 1557 1547 precibus
1583 1505 1622 1536 ab
1647 1515 1685 1537 co
1718 1504 1857 1537 obtinuit

1122 1557 1243 1599 perlegi
1270 1557 1440 1589 formulam
1465 1562 1620 1597 exactam,
1648 1568 1743 1600 qnam
1761 1556 1771 1573 2
1796 1557 1856 1589 iani

1122 1609 1262 1642 moriens
1286 1609 1412 1641 veniam
1430 1620 1446 1642 a
1464 1610 1528 1642 Deo
1547 1615 1694 1642 exoraret
1717 1621 1777 1652 pro
1796 1620 1857 1642 om-

1123 1663 1216 1695 nibus
1238 1663 1290 1706 qui
1312 1673 1382 1694 eam
1397 1673 1602 1706 quocumque
1618 1663 1714 1695 modo
1733 1663 1763 1694 in
1781 1674 1857 1695 suae

1123 1715 1205 1747 vitae
1242 1715 1377 1747 decursu
1414 1715 1607 1755 laesissent,
1637 1715 1725 1748 cuius
1762 1715 1859 1747 verba

1125 1779 1201 1800 voce
1227 1768 1424 1811 sequebatur
1450 1769 1537 1811 virgo
1560 1769 1741 1801 crucifixum
1763 1768 1858 1800 strin-

1125 1832 1212 1863 gens,
1234 1832 1293 1853 nee
1319 1821 1427 1854 satiari
1451 1826 1577 1864 poterat
1593 1821 1656 1854 illis
1676 1821 1857 1854 tenerrimis

1125 1873 1277 1905 vocibus:
1306 1873 1401 1906 Pater
1416 1875 1540 1917 z'ynosce
1557 1874 1636 1906 illis.
1657 1874 1770 1906 Anima
1786 1884 1859 1906 vere

1126 1931 1213 1958 tanto
1229 1937 1348 1968 sponso
1364 1927 1467 1969 digna,
1484 1937 1574 1970 (piae,
1593 1932 1627 1959 ut
1643 1926 1745 1959 esset³
1761 1927 1858 1968 plene

1126 1979 1337 2019 criu-isormis,
1351 1979 1494 2011 divinum
1507 1979 1538 2011 iu
1553 1990 1646 2012 eruce
1663 1980 1785 2022 Aguum
1799 1990 1859 2022 pro

1126 2031 1189 2063 suis
1222 2032 1414 2064 adversariis
1450 2036 1591 2065 extreme
1629 2033 1860 2075 deprecantem

1127 2090 1177 2117 est
1197 2084 1330 2116 imitata.
1350 2085 1374 2117 A
1393 2085 1576 2117 domesticis
1590 2086 1768 2128 quaestoris
1782 2085 1861 2118 Gun-

1127 2137 1240 2170 disalvi
1267 2148 1343 2170 voce
1370 2138 1483 2170 humili
1503 2143 1534 2170 et
1551 2138 1651 2170 flebili
1669 2139 1769 2171 oravit
1788 2149 1861 2171 con-

1128 2191 1251 2231 donari⁷
1277 2191 1301 2223 si
1328 2193 1389 2233 qua
1414 2191 1446 2223 in
1465 2202 1499 2224 re
1517 2191 1617 2224 nulli⁴
1638 2202 1779 2234 unquam
1805 2202 1862 2224 no-

1127 2249 1246 2284 cuerat,
1277 2244 1518 2276 lacrimantibus
1542 2245 1690 2277 omnibus
1712 2245 1766 2287 qui
1792 2245 1860 2277 eius

1128 2297 1345 2329 innocentiam
1372 2302 1403 2329 ct
1433 2298 1606 2340 puritatem
1631 2297 1861 2340 experimentis

1128 2351 1427 2392 eomprolnwerant.
1453 2350 1567 2383 Oblato
1596 2351 1778 2394 chirografo
1795 2378 1802 2391 ,
1830 2351 1862 2383 in

1128 2414 1192 2446 qno
1213 2404 1396 2446 sepulcrum
1423 2404 1506 2446 apud
1524 2414 1599 2436 suos
1622 2404 1793 2446 religiosos
1810 2414 1863 2446 po-

1167 2495 1172 2519 1
1200 2493 1298 2519 Forsan
1318 2494 1393 2519 alitis
1413 2494 1553 2528 legendum
1573 2497 1610 2523 (R.
1625 2495 1674 2527 T.).

1163 2539 1180 2564 2
1199 2539 1313 2564 Videtur
1328 2539 1471 2573 legendum
1488 2547 1544 2572 qua
1561 2540 1599 2573 (R.
1616 2540 1665 2571 Τ.).

1164 2583 1179 2609 3
1199 2582 1269 2609 Edit.
1287 2583 1364 2609 Maiu.
1382 2584 1445 2616 legit
1459 2592 1515 2609 esse
1530 2583 1569 2614 (R.
1585 2583 1634 2615 Τ.).

1165 2628 1181 2653 4
1200 2628 1292 2654 Potius
1312 2628 1429 2661 legerem
1453 2629 1503 2654 ulli
1523 2629 1558 2661 (a.
1576 2632 1624 2659 Τ.).

1754 241 1818 274 207
1864 249 2046 276 An.c.1n7¹
