2279 3260
233 262 284 289 An.
301 263 330 290 C.
352 264 419 291 1075
465 256 529 289 534

1007 264 1187 290 numanum
1210 263 1361 290 ROMANUM

1942 264 1991 292 An.
2007 263 2036 291 C.
2058 263 2126 292 1675

427 314 1159 358 omnibnsetsingulispraeeminentiis,prae-
1201 313 1400 353 exercitium,
1427 313 1512 347 iuxta
1552 313 1739 348 earumdem
1785 317 1934 346 tenorem

428 367 591 409 rogativis,
626 368 840 409 facultatilms,
874 367 1075 406 auctoritate,
1099 366 1157 408 pri-

427 419 563 462 vilegiis,
583 420 706 462 gratiis,
721 431 757 453 ac
774 420 906 453 indultis
925 424 956 451 et
980 418 1156 451 honoribus

427 478 459 505 et
484 473 638 505 oneribus
663 472 767 505 solitis
795 477 826 505 et
854 471 1031 511 consuetis,
1057 475 1152 510 motu,

428 525 574 566 scientia,
601 526 835 559 deliberatione
862 529 891 557 et
911 524 1080 567 potestatis
1096 524 1148 566 ple

429 578 576 610 nitudine
593 578 733 621 paribus,
749 577 937 609 earumdem
950 581 1063 609 tenore
1074 586 1157 618 prae-

429 631 577 670 sentium,
599 631 822 663 constituimus
847 635 878 662 et
901 630 1102 672 deputamus.

286 693 417 725 apuniano<
472 685 486 726 ξ
511 684 541 716 5.
568 686 684 715 Omnes
720 687 825 715 autem
852 682 1048 724 guardianos
1086 691 1153 713 con·

234 720 577 771 i'saissi-'iit't‘i'ssoiiffmutuum
603 742 633 768 et
657 736 800 778 reliquos
825 735 977 767 officiales
998 733 1157 767 custodiae

232 775 603 831 {ii'ss'A'Swtss-*fffffipraefatae,
630 788 675 819 sic
711 787 741 819 in
778 787 977 830 provinciam
1013 798 1031 819 a
1066 786 1160 818 nobis

233 827 575 881 lltll'„ctllliifsslllillorectac,
602 840 656 883 qui
690 841 728 873 de
760 840 924 883 praesenti
957 845 1010 872 ant
1033 850 1049 871 a
1075 850 1163 882 prac-

428 895 490 927 t'ato
507 893 678 926 Francisco
697 893 849 936 episcopo
863 893 1017 926 cardinali
1044 897 1076 925 et
1092 892 1162 935 pro-

427 952 548 979 tectore
584 952 637 978 ant
668 957 685 978 a
717 946 903 978 delinitorio
939 945 1081 988 deputati
1115 956 1163 978 re—

425 1000 609 1043 periuntur,
629 999 660 1031 in
677 999 742 1031 suis
768 998 947 1041 respective
972 998 1175 1031 muneribus

425 1063 526 1095 nsque
552 1052 590 1084 ad
622 1051 904 1094 congregationem
937 1051 1159 1083 intermediam

425 1105 570 1138 eiusdem
597 1115 699 1137 novae
725 1104 912 1147 provinciae
946 1104 1091 1147 proxime
1117 1114 1162 1136 ce-

426 1157 612 1190 lebrandam
653 1156 895 1197 contirmaimis3
939 1168 975 1190 ae
1010 1156 1160 1199 praefatis

426 1210 574 1241 ministro
598 1208 789 1251 provinciali
824 1214 855 1241 et.
881 1209 1118 1247 definitoribus,
1145 1219 1161 1240 a

426 1262 519 1294 nobis
540 1266 575 1294 nt
594 1262 778 1304 praefertur
803 1261 975 1303 deputatis,
994 1261 1159 1293 custodem

425 1325 527 1347 novae
553 1314 746 1356 provinciae,
773 1313 825 1356 qni
853 1314 996 1355 capitulo
1018 1314 1159 1355 generali

425 1368 501 1399 dicti
539 1367 667 1399 Ordinis
708 1377 779 1399 cum
816 1367 880 1398 voti
918 1366 981 1398 sive
1018 1365 1158 1407 suffragii

424 1419 649 1463 praerogativa
673 1419 831 1451 interesse
863 1419 977 1458 valeat,
1004 1421 1067 1460 pro'
1101 1417 1158 1449 liae

422 1474 492 1505 vice
534 1472 844 1513 tant111n,01ig·0mti
888 1482 944 1504 seu
982 1471 1158 1514 deputandi

425 1525 605 1557 facultatem
642 1524 867 1567 impertimur,
906 1524 947 1556 ita
984 1529 1090 1556 tamen
1129 1529 1158 1555 ut

424 1578 542 1609 electio
579 1587 634 1609 seu
661 1576 826 1620 deputatio
853 1576 1037 1609 huiusmodi
1064 1587 1081 1608 a
1098 1585 1157 1609 ine-

424 1635 549 1662 merato
593 1630 763 1662 Franciseo
806 1629 958 1672 episcopo
1005 1629 1159 1661 cardinali

424 1688 456 1714 et
492 1687 673 1725 protectore
710 1682 884 1725 approbari
916 1687 947 1714 et
979 1681 1159 1714 confirmari

425 1736 552 1767 debeat.

265 1795 413 1842 ¹'''³⁰⁰i¹‘³t²n.³-ii
469 1789 483 1831 ἓ
507 1789 538 1819 (ἰ.
566 1787 754 1820 Mandantes
790 1791 964 1830 propterea
989 1787 1021 1819 in
1045 1787 1160 1820 virtute

251 1882 255 1885 Δ
355 1846 552 1873 ovawsanctae
579 1840 793 1879 obedientiae,
820 1850 855 1873 ac
880 1840 938 1872 sub
967 1840 1159 1882 indignatioa

231 1881 414 1948 ξιιζιῖζῖῑςὶῑιόᾖῑωο
425 1894 475 1927 nis
501 1899 639 1933 nostrae,
664 1894 800 1937 aliisque
825 1894 950 1927 arbitrii
968 1894 1070 1926 nostri
1088 1905 1161 1937 poe-

231 1954 362 1994 i¹¹a⁰fflfl⁶l¹¹⁸
384 1943 487 1986 ruJnis,
522 1946 674 1978 omnibns
711 1951 743 1979 ct
771 1946 907 1989 singulis
942 1947 1158 1989 praetatorun'

231 1982 553 2031 iffi-⁰⁵⁰¹fflm'Ordinis
579 2003 610 2031 et
634 2009 735 2031 novae
766 1999 950 2041 provinciae
983 1999 1145 2042 superiori

426 2052 497 2091 bus,
536 2050 690 2083 fratribus
723 2055 754 2083 et
778 2051 937 2093 personis
964 2051 1158 2094 ceterisque,

425 2104 464 2136 ad
491 2113 570 2146 quos
596 2108 718 2146 spectat
734 2109 765 2135 et
779 2103 938 2145 spectabit
958 2103 989 2136 in
1008 2105 1157 2147 suturuin

424 2162 460 2188 ut
499 2156 643 2188 eamdem
682 2166 795 2188 novam
831 2156 1042 2198 provinciam,
1080 2157 1158 2189 sicut

425 2209 643 2253 praemittitur
666 2220 682 2241 a
708 2209 801 2241 nobis
826 2214 966 2241 erectam
988 2215 1018 2241 et
1035 2210 1159 2242 institu-

425 2268 501 2301 tam,
516 2268 678 2305 tamquam
696 2272 803 2294 veram
821 2267 852 2293 et
871 2261 1045 2304 legitimam
1072 2273 1160 2296 cano-

426 2315 561 2357 niceque
588 2313 726 2347 erectam
762 2315 973 2357 provinciam,
1012 2325 1046 2347 ac
1077 2316 1156 2348 sicut

425 2368 569 2412 reliquas
606 2368 740 2400 fratrum
775 2368 1047 2401 Discalceatorum
1084 2369 1158 2402 dicti

426 2421 553 2455 Ordinis
589 2421 781 2464 provincias,
807 2422 838 2453 in
875 2422 1022 2454 omnibus
1048 2427 1079 2455 et
1102 2433 1161 2466 per

426 2485 533 2508 omnia
566 2479 809 2517 recognoscant,
824 2474 1004 2515 nominent,
1031 2479 1160 2508 teneant

427 2533 458 2560 et
483 2532 629 2567 tractent,
656 2537 691 2560 ac
714 2527 884 2569 relig-iosos
914 2538 1162 2570 supi-munuera-

426 2585 476 2618 th
502 2581 539 2612 ad
566 2580 670 2613 cilicia
703 2581 748 2612 eis
779 2580 952 2622 respective
987 2592 1046 2622 per
1070 2590 1161 2623 prae-

427 2638 532 2667 sentes
558 2633 765 2674 demandata,
794 2633 989 2676 illorumque
1023 2634 1160 2665 liberum

1181 634 1309 664 :sentes
1332 628 1466 668 litteras,
1481 638 1516 661 ac
1540 628 1573 660 in
1598 629 1644 661 eis
1669 633 1822 662 contenta
1839 638 1936 671 quae-

1205 367 1430 407 praesentium,
1444 367 1603 410 recipiant
1627 372 1658 401 et
1682 367 1871 406 admittant3
1897 365 1935 398 il-

1213 418 1303 461 isque
1328 419 1361 451 in
1386 419 1536 452 omnibus
1556 420 1668 453 eadem
1685 419 1791 452 estleia
1808 428 1936 452 concer-

1200 470 1350 503 nentibus
1368 471 1493 504 faveant
1509 477 1541 504 et
1556 473 1717 513 assistant,
1735 476 1935 515 pareantque

1202 528 1234 554 et
1257 523 1412 555 obediant
1428 524 1621 566 respective.

1245 575 1259 617 ἓ
1296 576 1325 608 7.
1363 576 1407 609 Ac
1440 576 1654 609 decernentes
1681 577 1811 609 easdem
1842 585 2129 633 prae-ffipggmumir-

1202 691 1352 724 cumque,
1368 681 1464 713 etiam
1490 691 1526 713 ex
1552 691 1590 713 eo
1622 681 1708 724 quod
1740 681 1878 724 quilibet
1901 681 1934 713 in

1203 734 1390 778 praemissis
1416 735 1464 767 ius
1502 735 1551 767 vel
1576 735 1732 767 interesse
1759 735 1932 774 habentes,

1203 788 1391 820 seuliabere
1410 787 1658 830 quomodolibet
1675 787 1935 830 praetendentes,

1204 842 1299 874 etiam
1335 840 1484 884 specifica
1516 846 1545 873 et
1571 840 1734 873 individua
1773 840 1936 873 mentione

1204 899 1232 927 et
1260 893 1470 937 expressione
1496 893 1596 935 digni,
1621 893 1685 925 illis
1710 903 1774 925 non
1800 903 1938 926 consen-

1203 947 1313 985 serint,
1339 956 1399 978 nec
1423 946 1461 978 ad
1483 956 1520 978 ea
1537 945 1650 985 vocati,
1672 944 1759 977 citati
1775 950 1807 977 et
1827 944 1936 984 auditi,

1206 1009 1309 1042 neque
1334 1008 1459 1038 causae,
1485 1001 1620 1040 propter
1646 1007 1725 1040 quas
1750 1003 1939 1039 praesentes

1204 1051 1392 1091 emanarint,
1420 1051 1579 1084 adductae
1611 1056 1666 1083 aut
1689 1050 1871 1083 verificame
1908 1055 1940 1083 et

1205 1105 1393 1141 iustificatae
1419 1104 1545 1144 suerint,
1583 1110 1635 1137 aut
1667 1115 1704 1137 ex
1730 1104 1841 1146 quavis
1867 1103 1936 1143 alia,

1205 1158 1299 1191 etiam
1325 1157 1563 1201 quantumlibet
1580 1157 1723 1196 iuridiea,
1742 1157 1795 1200 pia
1819 1162 1851 1189 et
1874 1156 1940 1199 pri-

1203 1209 1351 1252 vilegiata
1375 1211 1478 1250 causa,
1497 1210 1615 1249 colore,
1641 1214 1809 1251 praetextu
1834 1213 1866 1241 et
1890 1219 1939 1240 ca-

1204 1263 1278 1305 pite,
1294 1262 1388 1294 etiam
1406 1262 1437 1293 in
1456 1272 1593 1304 corpore
1612 1261 1690 1293 iuris
1708 1263 1825 1301 clauso,
1842 1261 1940 1293 etiam

1204 1314 1447 1347 cnormissimae
1473 1319 1505 1345 et
1529 1314 1637 1346 totalis
1663 1313 1823 1353 laesionis,
1849 1314 1939 1346 nullo

1204 1377 1344 1410 unquam
1377 1371 1521 1409 tempore
1559 1366 1597 1399 de
1635 1365 1857 1408 subreptionis
1890 1367 1939 1398 vel

1204 1419 1418 1462 obreptionis,
1444 1424 1497 1451 aut
1521 1418 1678 1451 nullitatis
1702 1418 1791 1459 vitio,
1811 1428 1867 1451 Seu
1891 1418 1939 1450 in-

1204 1471 1358 1504 tentionis
1383 1476 1513 1504 nostrae
1550 1476 1606 1503 aut
1629 1471 1788 1503 interesse
1815 1470 1939 1503 haben-

1203 1524 1281 1556 tium
1305 1534 1496 1563 consensus,
1523 1523 1627 1556 aliove
1654 1522 1810 1566 quolibet,
1843 1522 1938 1555 etiam

1204 1576 1408 1620 quantumvis
1442 1575 1567 1608 formali
1595 1580 1626 1608 et
1651 1575 1862 1615 substantiali,
1891 1575 1940 1607 in-

1204 1630 1429 1672 dividuamque
1469 1628 1712 1672 expressionem
1751 1628 1939 1671 requirente

1204 1683 1328 1715 defectu
1353 1682 1466 1723 notari,
1492 1681 1685 1724 impugnari,
1712 1680 1854 1723 infringi,
1889 1691 1940 1713 re-

1203 1735 1343 1777 tractari,
1369 1735 1402 1767 in
1438 1735 1692 1767 controversiam
1727 1734 1844 1773 vocari,
1882 1744 1939 1767 seu

1203 1789 1241 1821 ad
1268 1787 1424 1821 terminos
1449 1787 1528 1819 iuris
1560 1786 1684 1827 reduci,
1708 1792 1762 1819 aut
1786 1787 1938 1820 adversus

1203 1842 1274 1874 illas
1299 1840 1488 1884 aperitionis
1513 1840 1586 1879 oris,
1609 1840 1822 1873 restitutionis
1839 1839 1872 1872 in
1891 1840 1939 1872 in-

1204 1900 1340 1937 tegrum,
1369 1893 1494 1926 aliudve
1533 1893 1756 1936 quodcumque
1792 1893 1871 1925 iuris
1906 1898 1938 1925 et

1205 1947 1275 1980 facti
1311 1948 1360 1979 vel
1393 1946 1514 1988 gratiae
1541 1946 1721 1978 remedium
1757 1945 1934 1986 intentari,

1205 2001 1251 2033 vel
1276 1998 1455 2042 impetrari,
1471 2009 1527 2031 seu
1552 1998 1734 2041 impetrato,
1761 2001 1817 2030 aut
1841 1997 1937 2030 etiam

1202 2058 1300 2093 motu,
1325 2051 1460 2085 scientia
1484 2056 1516 2083 et
1540 2051 1709 2094 potestatis
1734 2051 1936 2094 plenitudine

1202 2106 1332 2149 paribus
1370 2115 1527 2138 concesso
1571 2105 1620 2137 rel
1645 2110 1792 2138 elnanato
1828 2115 1938 2148 quem-

1202 2160 1287 2203 piam
1307 2159 1340 2191 in
1364 2158 1483 2190 iudicio
1509 2158 1557 2190 vel
1578 2162 1666 2189 extra
1691 2157 1769 2190 illud
1794 2158 1840 2189 uti
1879 2168 1935 2190 seu

1203 2222 1234 2245 se
1259 2211 1368 2244 iuvare
1393 2211 1459 2243 ullo
1494 2210 1592 2242 modo
1626 2220 1733 2252 posse,
1770 2210 1826 2243 sed
1850 2210 1936 2253 ipsas

1203 2269 1388 2309 praesentes
1413 2263 1536 2296 litteras
1560 2273 1687 2305 semper
1717 2262 1833 2303 firmas,
1858 2262 1936 2296 vali-

1204 2319 1258 2351 das
1273 2322 1303 2350 et
1319 2316 1462 2349 efficaces
1485 2315 1626 2348 existere
1646 2321 1676 2348 et
1695 2316 1775 2356 sore,
1794 2326 1935 2360 suosque

1204 2369 1367 2413 plenarios
1391 2373 1422 2400 et
1445 2368 1589 2410 integros
1615 2367 1747 2401 efiectus
1771 2369 1878 2401 sortiri
1903 2374 1936 2402 et

1203 2422 1366 2462 obtinere,
1391 2432 1427 2454 ae
1452 2421 1537 2461 illis,
1563 2421 1601 2453 ad
1631 2432 1712 2464 quos
1745 2427 1869 2465 spectat
1903 2427 1935 2455 et

1205 2485 1261 2518 pro
1277 2480 1422 2517 tempore
1438 2474 1705 2516 quandocumque
1719 2475 1889 2517 spectabit,
1902 2474 1935 2507 iu

1204 2527 1354 2561 omnibus
1372 2532 1403 2559 et
1419 2537 1477 2570 per
1494 2527 1601 2559 omnia
1617 2527 1805 2569 plenissime
1826 2527 1936 2561 suffra—

1205 2581 1282 2623 gari,
1304 2586 1335 2613 et
1359 2581 1398 2612 ab
1424 2580 1468 2612 eis
1496 2581 1675 2623 respective
1705 2581 1936 2614 inviolabiliter

1205 2633 1376 2674 observari,
1399 2633 1507 2676 sicque
1533 2639 1561 2666 et
1589 2644 1652 2666 non
1672 2634 1765 2667 aliter
1790 2634 1820 2666 in
1846 2645 1936 2678 prae-
