2279 3260
187 231 236 258 An.
253 229 282 259 C.
304 232 371 259 1671»

223 2195 344 2217 Exordium.

1005 231 1147 257 CLEMENS
1169 233 1186 256 x
1211 233 1261 256 nv.
1794 219 1857 253 499
1903 228 1952 254 An.
1969 226 1996 252 c.
2018 225 2086 252 11371

381 282 531 325 specialis
548 282 707 326 specifica,
730 292 881 325 expressa
899 286 930 313 et
943 280 1116 320 individua,

383 345 419 368 ac
450 335 489 368 de
522 335 621 368 verbo
652 335 691 367 ad
727 335 877 374 verbum,
911 345 976 367 11011
1013 339 1117 367 autem

382 398 441 431 per
461 388 622 421 clausulas
644 388 814 431 generales
837 387 921 420 idem
942 387 1119 430 importan-

384 445 440 479 tes‚
466 440 587 473 mentio
613 450 669 472 scu
696 439 827 483 quaevis
859 440 921 472 alia
953 438 1117 482 expressio

383 492 531 524 habenda
555 497 652 535 atque
679 492 740 524 alia
766 491 923 535 exquisita
952 492 1053 524 serina
1079 490 1125 539 ad!

383 545 446 577 lioe
469 545 626 577 servanda
653 544 744 585 soret,
769 551 897 578 tenores
924 543 1117 581 huiusmodi,

383 608 418 630 ac
442 597 466 630 si
493 598 531 631 de
556 599 654 631 verbo
679 599 718 631 ad
745 598 889 638 verbum,
921 597 1002 631 nihil
1028 596 1119 639 peni-

384 655 432 682 tus
457 650 588 690 omisso,
601 661 636 683 ac
662 651 764 684 forma
788 650 820 683 in
845 650 909 683 illis
926 649 1040 682 tradita
1065 649 1120 681 ob-

383 705 518 742 servata,
536 703 804 746 exprimerentur,
822 702 1046 746 praesentibus
1061 711 1118 744 pro

383 757 478 799 plene
497 762 528 789 et
547 756 746 790 sufficienter
764 756 924 800 expressis
946 761 977 788 et
994 753 1120 787 insertis

384 809 553 849 habentes,
579 809 644 842 illis
661 810 740 842 alias
768 809 798 841 in
823 820 882 841 suo
904 809 1021 840 robore
1048 816 1119 849 per-

384 861 552 902 mansuris,
568 862 606 894 ad
619 861 876 904 praemissorum
888 860 1048 898 ess‘ectmn,
1062 859 1120 890 liac

383 914 449 947 vice
486 914 661 953 dumtaxat,
695 913 879 957 specialiter
908 918 940 945 et
968 921 1119 954 expresse

383 968 595 1010 derogamus,
631 977 667 998 ac
702 966 891 1009 plenissime
928 966 1118 1006 derogatum

383 1031 452 1053 esse
477 1021 631 1059 volumus3
658 1019 841 1061 ceterisque
864 1017 1033 1051 contrariis
1056 1016 1120 1059 qui-

382 1075 595 1115 buscumque.

426 1127 537 1159 Datum
564 1126 700 1165 Romae,
719 1125 805 1169 apud
823 1125 854 1158 S.
874 1125 1006 1157 Mariam
1025 1123 1122 1156 Maio-

383 1190 464 1220 rem,
485 1181 544 1214 sub
562 1181 684 1212 annulo
706 1179 891 1217 piscatoris,
912 1178 962 1211 die
981 1188 1017 1211 111
1033 1183 1122 1210 octo-

381 1233 449 1266 bris
463 1242 631 1271 nnetxxn‘,
647 1231 853 1276 pontificatus
869 1231 971 1264 nostri
990 1241 1074 1263 anno
1091 1240 1119 1262 v.

791 1286 813 1317 l.
834 1285 870 1318 G.
892 1285 1031 1317 SLrslus.

421 1349 478 1375 nai.
495 1348 540 1375 die
555 1348 571 1374 3
586 1348 703 1375 octobris
721 1348 797 1381 ¹674,
815 1347 912 1382 pontis,
929 1355 1002 1373 anno
1018 1354 1042 1372 v.

418 1411 542 1444 Reyistr.
564 1411 595 1437 in
614 1410 777 1437 Secretarifz
798 1409 946 1441 Brevium,
969 1409 998 1435 in
1020 1408 1091 1436 lt'bro
1107 1414 1121 1433 v

384 1455 573 1488 diversorum,
593 1455 644 1488 fol.
666 1453 728 1480 2235.

692 1568 816 1601 CLXIV.

387 1638 571 1670 Declamlio
601 1639 770 1671 vaninitatis
801 1639 1019 1681 desudationis
1055 1637 1123 1680 offi-

430 1691 566 1723 cialium
591 1692 862 1734 metropolilmme
886 1691 1033 1722 ecclesiae
1054 1691 1124 1723 Cae-

429 1749 697 1786 sarauyuxtmme,
712 1744 782 1776 sede
795 1743 1065 1786 archiepiscopali
1075 1754 1124 1775 ra-

429 1801 530 1835 cante,
545 1796 658 1829 laicali
671 1797 865 1829 auctoritate
877 1796 990 1838 factae,
1008 1800 1035 1829 el
1049 1796 1124 1828 inde

429 1853 619 1888 seculorum,
647 1854 703 1881 ecc.

613 1920 747 1947 Clemens
769 1921 847 1954 Papa
868 1921 901 1953 X,

528 1964 563 1990 ad
583 1964 716 1990 futuram
736 1964 780 1991 rei
801 1965 982 1992 memoriam.

430 2027 593 2059 Romanus
617 2026 762 2059 Pontifex
796 2026 828 2058 in
860 2026 989 2059 sublimi
1021 2027 1125 2070 Apos-

388 2079 503 2113 tolicae
539 2079 632 2112 Sedis
670 2079 802 2122 specula
843 2089 914 2112 cum
955 2080 1124 2122 potestatis

387 2132 589 2177 plenitudine
615 2143 632 2164 a
657 2132 793 2165 Domino
825 2132 1033 2173 constitutus,
1069 2143 1126 2166 sua

388 2191 420 2218 et
444 2186 650 2228 Apes-tolient·
675 2185 767 2219 Sedis
793 2185 1052 2229 inferiorumque
1077 2197 1126 2219 ec-

387 2238 556 2272 clesiarum
581 2238 662 2279 iura,
688 2249 725 2271 ex
750 2239 914 2272 commissi
946 2239 1007 2272 sibi
1033 2239 1127 2272 caeli-

387 2297 437 2324 tus
462 2292 632 2334 pastoralis
655 2292 798 2324 muneris
825 2292 944 2331 debite,
971 2298 1056 2325 sarta
1081 2298 1127 2326 te-

386 2349 437 2377 cta
463 2344 560 2383 tueri,
587 2354 644 2383 ae,
677 2344 702 2377 si
727 2345 856 2387 quando
883 2355 919 2378 ea
947 2345 1126 2378 temerariis

387 2407 689 2441 quorumcumque,
730 2398 922 2441 praesertim
953 2399 1126 2439 laicorum,

388 2461 470 2494 quos
496 2449 528 2482 in
553 2450 651 2482 rebus
677 2450 902 2483 ecelesiasticis
925 2451 1127 2494 obsequendi

388 2508 497 2536 manet
523 2503 709 2544 necessitas,
741 2514 808 2537 non
832 2505 1005 2538 auctoritas
1030 2505 1129 2548 impe-

388 2558 494 2597 randi,
513 2558 644 2590 ausibus
659 2557 778 2592 violata
790 2569 860 2592 esse
874 2559 969 2599 novit,
990 2559 1028 2592 ab
1047 2559 1130 2592 eius-

389 2611 478 2645 modi
505 2611 733 2645 violationibus
763 2622 905 2646 asserere
933 2613 1059 2653 studet,
1089 2613 1129 2645 si-

1160 285 1214 313 cut
1232 280 1384 313 divinitus
1410 290 1563 312 concessa
1583 279 1740 311 Ecclesiae
1761 278 1893 310 libertas

1161 338 1256 376 atquc
1281 333 1460 365 animarum
1486 331 1629 374 pericula
1661 331 1834 373 postirilant,
1860 340 1897 361 ac

1161 386 1315 424 locorum,
1343 390 1523 428 temporum
1550 389 1580 416 et
1599 393 1808 426 personarum
1827 392 1898 424 qua-

1162 439 1305 471 litatibus
1330 443 1472 471 maturae
1494 435 1762 469 considerationis
1782 435 1898 467 trutina

1162 491 1350 534 perpensis,
1382 489 1537 533 aequitati
1573 494 1604 521 et
1629 487 1769 520 iustitiae
1797 492 1900 519 recto-

1161 554 1224 585 quc
1235 544 1340 576 ordini
1355 548 1609 577 consentaneum
1623 551 1693 574 esse
1712 540 1743 572 111
1763 539 1896 572 Domino

1162 596 1345 628 arbitratur.

1206 650 1220 692 ἓ
1246 650 1275 681 ’1.
1304 650 1348 681 ‚td
1377 649 1477 681 nostri
1511 648 1671 691 siquidem
1697 646 1897 689 apostolatus
1944 656 2005 676 ium
2026 656 2092 675 nien<

1163 701 1310 734 notitiam
1344 713 1408 733 nen
1435 701 1504 733 sine
1538 700 1624 743 gravi
1661 699 1759 731 animi
1798 684 2092 733 nostri¹1iiii¹si1⁰10151ffli⁶

1163 755 1311 787 molestia
1332 755 1487 797 pervenit,
1508 754 1596 797 quod
1616 754 1693 786 alias
1713 735 2095 794 (occasioneiii1¹iii¹³¹e³piiiiii

1162 807 1454 839 controversiarum
1487 817 1567 848 quac
1601 816 1699 848 super
1727 794 1952 837 011111011111-[ἐξη
1974 791 1992 808 ⁰¹
2016 788 2095 807 ’ΛΜΨ

1163 859 1251 891 litate
1283 860 1367 891 iuter
1391 860 1532 902 capitula
1563 864 1594 891 et
1625 858 1800 891 canonicos
1833 869 1898 889 me-

1165 912 1435 955 tropolitauarun‘i
1470 907 1679 944 ecelesiarum
1716 911 1746 943 S.
1784 910 1900 942 Mariae

1165 965 1203 997 de
1229 965 1397 1003 Colmnua,
1425 964 1602 1006 vulgariter
1627 964 1679 996 det
1706 963 1797 996 I'z‘lnr
1822 974 1902 995 nun-

1164 1023 1299 1060 cupatae
1316 1044 1323 1056 ‚
1351 1023 1382 1049 et
1404 1017 1436 1050 S.
1464 1017 1640 1050 Salvatoris
1666 1016 1801 1049 civitatis
1826 1016 1902 1049 Cae-

1165 1075 1411 1112 saraugustanae
1449 1075 1525 1101 tuuc
1562 1069 1750 1112 pendebant
1786 1068 1902 1101 iudet-i<

1165 1121 1235 1155 sae¹
1261 1122 1368 1161 curia,
1393 1116 1526 1154 iudices
1543 1121 1684 1154 iustitiae
1712 1120 1899 1163 nuncupati,

1165 1174 1233 1208 vel²
1253 1175 1417 1208 audientia
1436 1175 1524 1217 regia
1537 1174 1627 1217 regni
1643 1174 1833 1216 Arago-niae,
1853 1185 1904 1207 ea-

1165 1238 1299 1271 rumque
1323 1228 1503 1270 respective
1529 1226 1680 1266 ministri,
1707 1226 1903 1259 iurisdietio-

1166 1292 1239 1314 nem
1264 1280 1515 1314 ecclesiasticam
1529 1285 1560 1313 et
1576 1279 1776 1323 spiritualem
1791 1284 1823 1311 et
1842 1279 1903 1311 alia

1165 1334 1235 1366 iura
1258 1333 1480 1367 ecclesiastica
1498 1338 1530 1365 et
1549 1332 1729 1376 spiritualia
1753 1332 1902 1374 capitulis

1167 1394 1198 1420 et
1222 1387 1387 1420 canonicis
1411 1386 1584 1429 praedictis
1610 1385 1828 1429 competentia
1846 1385 1902 1417 sub

1167 1446 1347 1484 sequestro,
1373 1440 1439 1473 sive
1477 1440 1529 1482 (ut
1568 1439 1635 1471 illic
1676 1439 1807 1481 dicunt)
1844 1438 1902 1471 suli

1166 1494 1431 1538 apprehensione
1456 1485 1591 1536 ponere,
1618 1497 1649 1525 et
1673 1503 1779 1535 nuper
1803 1493 1903 1524 ecele-

1166 1547 1211 1579 sia
1241 1546 1495 1589 metropolitana
1519 1545 1815 1587 Caesaraugustana
1845 1555 1903 1587 per

1166 1600 1289 1632 obitum
1322 1600 1426 1631 bonae
1463 1598 1640 1630 memoriae
1675 1597 1778 1630 ultimi
1817 1597 1902 1629 illins

1164 1653 1401 1696 archiepiscopi
1427 1652 1548 1685 solatio
1575 1652 1716 1694 pastoris
1742 1651 1901 1689 destituta,

1166 1707 1198 1738 in
1223 1706 1285 1738 vim
1311 1710 1452 1738 assertae
1489 1704 1760 1748 apprehensionis
1793 1704 1904 1736 liuius-

1166 1760 1254 1792 modi
1282 1769 1412 1792 manum
1444 1758 1476 1790 in
1509 1768 1647 1790 messem
1684 1757 1823 1790 alienam
1859 1762 1904 1789 te-

1166 1823 1252 1846 mere
1278 1813 1455 1852 mittentes,
1483 1811 1703 1855 propriaeque
1736 1811 1904 1843 conscien-

1167 1866 1230 1898 tiae
1256 1870 1288 1898 et
1312 1865 1491 1897 animarum
1522 1874 1650 1896 suarum
1679 1863 1803 1903 salutis,
1828 1874 1904 1896 nec-

1166 1930 1233 1952 non
1256 1919 1415 1952 malorum
1451 1923 1483 1951 et
1520 1917 1753 1957 calamitatum,
1789 1916 1904 1960 quihus

1168 1972 1275 2005 divina
1300 1971 1419 2003 iustitia
1440 1970 1601 2003 eiusmodi
1624 1970 1783 2003 libertatis
1809 1975 1840 2003 et
1859 1970 1905 2002 iu-

1168 2024 1369 2058 risdictionis
1386 2023 1546 2056 Ecclesiae
1568 2023 1742 2056 violatores
1768 2029 1799 2055 et
1824 2023 1905 2055 inva-

1168 2088 1258 2111 sores
1283 2088 1378 2120 saepe
1403 2078 1470 2109 ulta
1502 2082 1558 2115 est,
1593 2076 1811 2116 immemores,
1848 2076 1905 2108 do—

1168 2137 1291 2164 ctorem
1328 2131 1516 2163 Miclia'elem
1551 2130 1681 2162 Martam
1721 2129 1838 2162 Comez
1874 2135 1906 2162 et

1169 2186 1320 2219 Mendoza
1346 2185 1377 2217 in
1403 2185 1556 2218 vicarium
1584 2185 1795 2228 capitularem
1829 2185 1904 2217 ciri—

1170 2239 1241 2272 tatis
1266 2245 1297 2272 et
1321 2238 1482 2271 dioecesis
1518 2238 1832 2280 Caesaraugustanae
1865 2238 1905 2270 ad

1170 2291 1318 2325 etl'ectum
1353 2291 1474 2323 ibidem
1511 2291 1680 2323 exercendi
1713 2290 1905 2323 iurisdietio-

1170 2355 1243 2378 nem
1269 2344 1463 2378 ordinariam
1488 2344 1521 2376 in
1546 2344 1651 2386 prima
1686 2343 1839 2376 instantia
1874 2349 1905 2376 et

1170 2397 1441 2440 metropoliticznn
1466 2396 1498 2428 in
1531 2397 1631 2439 gradu
1663 2396 1904 2439 appellationis,

1171 2461 1205 2483 ae
1231 2451 1397 2484 doctorem
1428 2450 1600 2492 Ioseplunn
1630 2450 1757 2482 Peralta
1782 2449 1813 2481 in
1839 2450 1906 2482 offi-

1208 2534 1217 2557 1
1243 2531 1314 2558 lnfra
1328 2539 1388 2566 pag.
1406 2530 1457 2558 500
1472 2530 1486 2557 b
1502 2534 1528 2556 et
1543 2530 1594 2557 504
1615 2530 1629 2556 b
1649 2530 1746 2563 legitur
1759 2529 1840 2556 curia
1861 2529 1906 2555 iu-

1172 2576 1244 2603 <licis
1261 2578 1300 2610 (u.
1314 2576 1364 2609 1.).

1207 2620 1223 2646 2
1243 2619 1278 2646 Ex
1295 2628 1369 2655 seqq.
1388 2620 1474 2654 potius
1489 2619 1545 2654 lege
1561 2621 1586 2646 c!
1605 2626 1650 2653 pro
1667 2618 1707 2644 rel
1723 2618 1759 2653 (n.
1778 2617 1824 2652 Γ).
