2279 3260
257 218 307 244 An.
325 216 352 244 C.
376 216 443 243 1670

289 1694 382 1720 Ipsorum
406 1696 447 1720 pri-

264 1723 340 1746 vileg-a
357 1722 418 1741 eti-un
431 1722 447 1741 si

264 1749 448 1768 hatuunnuoude-

264 1775 339 1796 serant.

489 206 551 239 lif»

450 265 637 307 quendum,
663 263 775 295 barum
807 263 890 295 serie
924 262 1127 296 absolventes
1154 265 1185 291 et

450 317 615 349 absolutos
642 316 709 349 fore
736 320 913 353 censentes,
933 319 1020 347 motu
1041 312 1182 356 proprio,

451 380 514 401 uon
540 369 578 401 ad
604 369 862 412 supradictarum
891 365 1161 407 Mielmclisangeli
1178 391 1185 403 ‚

450 422 551 461 Pauli,
570 422 748 462 Barnabae,
764 421 878 459 Caroli,
892 418 1049 452 Vincentii
1065 423 1097 449 et
1113 417 1187 449 Phi-

451 474 540 517 lippi,
566 476 614 507 vel
640 474 774 507 alicuius
802 474 953 516 ipsorum,
972 477 1027 504 aut
1050 471 1185 503 aliorum
1206 509 1207 520 ἵ

451 538 511 570 pro
537 528 583 560 eis
608 527 701 559 nobis
726 537 824 569 super
860 526 922 557 boc
954 525 1080 557 oblatae
1106 522 1189 566 peti-

452 580 549 611 tionis
575 579 781 618 instantiam,
809 577 863 609 scd
890 577 929 609 de
966 577 1053 608 mera
1078 576 1189 607 nostra

453 631 688 664 deliberatimie
715 642 749 663 ae
774 632 861 663 certa
886 629 1032 668 scientia,
1060 632 1190 671 aposto-

453 686 511 717 lica
549 684 740 717 auctoritate
760 710 767 723 ,
811 689 921 715 tenore
946 681 1187 724 praesentium,

452 736 805 777 Micliaelemaugelum,
831 735 973 773 Paulum,
999 733 1189 771 Barnabani,

452 790 610 828 Carolum,
625 788 827 820 Vincentiun‘i
847 792 878 819 et
895 787 1080 830 Philippum
1098 796 1192 829 prae—

453 842 565 879 dictos,
592 846 623 872 et
640 841 767 872 illorum
786 840 940 882 singulos,
960 840 992 871 in
1014 844 1142 873 nostros
1161 843 1192 870 et

452 894 543 925 Sedis
559 892 763 935 Apostolicae
782 892 924 925 notarios
953 891 1140 935 recipimus,
1155 901 1191 923 ac

453 946 534 978 sacri
560 945 669 988 palatii
697 951 728 977 et
762 946 855 977 aulae
891 945 1117 978 Lateranensis
1141 954 1193 976 co-

454 998 548 1030 mites
574 998 659 1039 (sine
686 1003 791 1030 tamen
830 997 1024 1030 dilectorum
1053 997 1194 1030 filiorum

454 1051 655 1083 notariorum
682 1051 719 1083 de
753 1061 888 1083 numero
925 1049 1193 1093 participantium

452 1104 678 1146 praeiudicia),
705 1114 835 1136 necnon
862 1103 988 1136 nobiles
1016 1103 1193 1142 Romanos,

455 1161 483 1189 et
509 1156 598 1189 urbis
632 1156 751 1189 Romae
785 1156 993 1199 omniumque
1028 1160 1060 1188 et
1088 1155 1196 1197 singu-

455 1201 557 1241 larum
585 1209 721 1242 aliarum
747 1209 909 1241 civitatum
929 1213 1089 1241 terrarum
1106 1208 1197 1240 etlo-

455 1272 565 1293 corum
591 1261 622 1294 S.
640 1262 678 1293 R.
698 1261 732 1293 E.
760 1261 900 1293 mediate
926 1261 975 1293 vel
1014 1260 1196 1292 immediate

455 1314 677 1346 subiectorum
704 1314 789 1346 cives
814 1323 960 1346 creamus
980 1318 1011 1345 et
1032 1312 1198 1345 eonstitui—

455 1378 535 1407 mus,
560 1378 595 1399 ac
620 1367 652 1399 in
678 1378 851 1399 numerum
877 1371 908 1398 et
942 1365 1140 1399 consortium
1166 1375 1197 1396 a·

456 1419 573 1453 liorum
598 1425 790 1452 nostrorum
809 1424 840 1451 et
865 1418 1012 1451 eiusdem
1031 1417 1122 1450 Sedis
1142 1427 1198 1449 no-

455 1472 622 1513 tariorum,
647 1482 775 1504 necnon
801 1470 911 1514 palatii
931 1475 962 1504 et
987 1471 1079 1502 aulae
1098 1469 1198 1502 comi-

456 1531 523 1558 tum
549 1537 585 1558 ac
609 1526 767 1559 nobilium
793 1526 1013 1558 Romanorum
1046 1525 1199 1557 aliorum-

456 1590 518 1622 que
536 1579 651 1611 civium
666 1579 827 1611 civitatum
842 1584 873 1610 et
890 1578 1088 1621 oppidorum
1109 1588 1199 1621 prae<

458 1632 619 1664 dictorum
645 1631 813 1664 referimus
839 1636 870 1663 et
899 1630 1150 1663 conscribimus.

502 1686 516 1727 ξ
534 1684 563 1716 ⁶2.
588 1685 743 1727 ipsisque,
765 1683 891 1717 etiamsi
916 1683 1062 1715 habitum
1081 1688 1112 1715 et
1128 1693 1198 1715 roc-

459 1738 602 1770 chettum
627 1737 827 1769 notariorum
867 1736 970 1769 dietae
996 1736 1088 1768 Sedis
1112 1735 1198 1767 iuxta

460 1791 626 1822 decretum
651 1789 878 1822 Lateranensis
910 1788 1038 1821 concilii
1064 1788 1198 1821 novissi-

458 1854 508 1876 me
526 1843 681 1875 celebrati
700 1853 763 1875 non
787 1842 952 1881 deserant,
978 1846 1032 1874 aut
1055 1841 1198 1873 civitates
1219 1847 1220 1874 ἶ

457 1895 643 1929 huiusmodi
668 1906 734 1928 non
755 1895 963 1934 incoluerint,
980 1904 1041 1927 nec.
1056 1904 1198 1937 unquam

456 1950 489 1982 in
515 1949 639 1981 eisdem
659 1948 841 1981 civitatibus
861 1947 1060 1981 domicilium
1077 1946 1199 1979 habue-

457 2002 531 2041 rint,
557 2006 592 2033 ut
616 2001 766 2034 omnibus
791 2006 824 2033 et
848 2001 1108 2043 quibuscumque
1134 1999 1199 2042 pri-

458 2054 585 2097 vilegiis
611 2059 642 2086 et
668 2053 889 2093 facultatibus,
916 2052 1197 2095 exemptionibus,

460 2107 736 2146 immimitatibus,
763 2106 965 2139 libertatilnis
987 2133 993 2146 ,
1021 2105 1195 2145 favoribus,

462 2161 573 2203 gratiis
599 2165 630 2192 et
655 2159 798 2199 indultis,
828 2159 946 2202 quibus
965 2157 1063 2191 ceteri
1088 2168 1198 2191 omnes

462 2213 580 2245 notarii
601 2212 711 2252 nostri,
736 2211 830 2245 etiam
854 2211 891 2244 de
912 2221 1050 2244 numero
1071 2211 1200 2254 partiei-

460 2266 618 2309 pantium,
644 2275 774 2297 necnon
800 2265 935 2297 comites
954 2270 986 2296 et
1010 2264 1144 2303 nobiles,
1165 2275 1199 2297 ae

460 2319 544 2351 cives
569 2318 748 2360 originarii,
778 2317 873 2350 etiam
898 2317 931 2349 in
957 2317 1148 2359 dignitatum
1170 2321 1200 2349 et

460 2372 693 2404 beneficiorum
722 2371 1014 2403 ecclesiasticorum
1040 2376 1070 2403 et
1094 2380 1200 2403 saecu-

461 2425 590 2463 larium,
621 2424 717 2456 ctiam
742 2434 777 2456 ex
805 2423 955 2466 personis
980 2423 1199 2456 Romanorum

463 2477 715 2520 originariorum
733 2477 925 2516 vacantium,
944 2477 1147 2509 assecutione
1170 2482 1201 2509 et

464 2530 627 2570 exercitio,
655 2535 717 2562 tam
742 2530 773 2561 in
799 2529 883 2562 Urbe
903 2541 996 2572 quam
1020 2530 1200 2562 civitatibus

464 2583 657 2628 praedietis,
684 2594 720 2616 ac
746 2583 822 2616 alifis
847 2583 966 2627 ubique
1004 2584 1144 2616 locorum
1171 2590 1223 2627 et¹

1030 213 1207 238 nuttimtuu
1232 212 1296 235 ROM
1303 211 1383 235 -tNUM

1228 260 1381 301 gentium,
1408 269 1534 291 necnon
1560 258 1739 290 sessionum
1766 261 1798 289 et
1822 266 1964 288 conven-

1228 316 1326 349 tuum,
1347 316 1487 352 utuntur,
1514 310 1679 354 potiuntur
1704 315 1735 341 et,
1755 309 1908 351 gaudent,
1929 317 1978 340 ac·

1228 363 1285 403 uti,
1312 363 1408 406 potiri
1435 368 1466 395 et
1491 363 1630 405 gaudere
1652 366 1805 405 poterunt
1830 370 1965 403 quomo-

1229 415 1351 447 dolibet
1376 414 1406 446 in
1434 415 1582 453 futurum,
1608 424 1673 447 non
1698 414 1800 447 sotum
1833 412 1872 444 ad
1893 411 1966 444 illo-

1228 476 1297 498 rum
1323 466 1439 507 instar,
1464 467 1519 499 sed
1545 467 1763 509 pariformiter
1795 470 1827 497 et
1858 474 1962 507 aeque

1206 525 1207 528 ’
1229 519 1450 561 principaliter
1473 530 1509 551 ac.
1534 519 1558 551 si
1583 519 1761 561 privilegia,
1783 519 1964 555 facultates,

1231 571 1464 613 exemptiones,
1484 571 1605 613 gratiae
1623 576 1654 604 et
1669 572 1794 604 indulta
1810 580 1869 613 pro
1889 569 1967 612 ipsis

1231 628 1435 655 emanassent
1453 623 1546 665 (eitra
1573 630 1681 656 tamen
1706 623 1928 665 exemptiones
1951 631 1968 653 a

1231 677 1374 710 Concilio
1391 677 1577 710 Tridentino
1595 679 1749 717 sublatas,
1775 677 1819 709 ita
1841 682 1884 715 ut,
1911 686 1968 707 ne-

1233 730 1306 761 dum
1331 730 1434 772 quoad
1459 729 1647 769 criminalia,
1664 730 1719 762 sed
1743 729 1838 761 etiam
1860 728 1967 771 quoad

1233 782 1338 814 civilia
1352 782 1537 814 subiaceant
1560 781 1749 820 Ordinariis,
1768 791 1804 813 ae
1823 781 1904 812 eitra
1924 781 1968 812 ta-

1233 836 1367 867 cultates
1386 835 1602 876 legitimandi,
1628 835 1667 866 ad
1693 834 1811 876 gradus
1835 843 1969 876 promo-

1234 887 1336 926 vendi,
1349 897 1383 918 ac
1393 887 1537 919 notarios
1553 897 1610 919 seu
1624 886 1815 919 tabelliones
1826 884 1969 924 creandi,

1235 939 1359 981 aliaque
1386 939 1571 971 huiusmodi
1600 938 1768 981 privilegia
1793 949 1809 970 a
1834 937 1970 970 notariis

1235 992 1325 1024 Sedis
1351 992 1555 1034 Apostolicae
1577 997 1609 1024 et
1628 991 1800 1024 comitibus
1820 989 1970 1033 palatinis

1237 1050 1415 1088 praetensa,
1432 1045 1474 1078 ita
1491 1052 1526 1077 ut
1542 1045 1605 1078 illis
1623 1043 1888 1087 supramemorati
1903 1054 1973 1085 cap-

1238 1098 1356 1140 pellani
1384 1097 1557 1130 familiares
1583 1098 1683 1129 nostri
1709 1097 1824 1129 nullibi
1850 1096 1895 1128 uti
1921 1106 1973 1127 va-

1239 1151 1378 1189 leant,ae
1400 1150 1527 1182 irritum
1541 1155 1572 1182 et
1593 1150 1689 1182 inane
1709 1149 1823 1181 existat
1840 1148 1863 1180 si
1878 1157 1971 1179 secus

1239 1213 1334 1245 super
1351 1203 1400 1234 his
1418 1213 1433 1234 a
1452 1213 1625 1246 quoquam,
1641 1202 1751 1245 quavis
1769 1201 1974 1240 auctoritate,

1239 1256 1379 1287 scienter
1394 1256 1444 1287 vel
1463 1255 1660 1297 ignoranter,
1680 1254 1853 1296 contigerit
1877 1258 1975 1285 atten-

1240 1308 1322 1351 tari),
1337 1308 1392 1347 uti,
1418 1308 1512 1351 potiri
1540 1313 1571 1340 et
1595 1308 1743 1350 gaudere,
1763 1317 1798 1339 ae
1819 1307 1850 1339 in
1870 1306 1976 1339 omni-

1239 1362 1298 1393 bus
1325 1367 1353 1393 et
1381 1361 1517 1403 siugulis
1542 1361 1748 1403 apostolicis,
1771 1360 1906 1403 aliisque
1925 1359 1976 1392 lit-

1240 1414 1328 1454 teris,
1355 1414 1576 1447 instrumentis
1601 1419 1633 1446 et
1656 1413 1822 1457 scripturis
1839 1412 1976 1456 publicis

1241 1473 1272 1500 et
1296 1468 1425 1511 privatis
1447 1468 1598 1511 deincep:
1618 1478 1730 1500 eorum
1752 1467 1884 1500 nomine
1902 1477 1977 1499 con-

1240 1520 1386 1553 ficiendis
1411 1531 1482 1553 sese
1508 1520 1661 1561 notarios,
1688 1520 1822 1553 comites
1841 1525 1873 1552 et
1888 1519 1975 1552 nobi-

1241 1575 1306 1613 les,
1340 1584 1376 1606 ac
1409 1574 1447 1606 de
1478 1574 1580 1606 nobili
1614 1585 1732 1616 genere
1769 1584 1804 1605 ex
1838 1579 1976 1616 utroque

1239 1632 1371 1669 parente
1396 1632 1593 1670 procreatos,
1620 1637 1745 1659 necnon
1763 1626 1926 1658 Romanae
1945 1631 1977 1658 et,

1241 1680 1376 1712 aliarum
1402 1680 1565 1712 civitatum
1590 1680 1688 1719 cives,
1716 1685 1751 1711 ut
1771 1679 1911 1719 libuerit,
1934 1678 1978 1710 in-

1240 1733 1382 1765 scribere
1408 1738 1440 1765 et
1464 1743 1496 1765 se
1521 1733 1585 1766 illis
1612 1732 1814 1765 subscribere
1839 1732 1978 1771 valeant,

1241 1796 1277 1817 ae
1301 1796 1360 1828 pro
1385 1785 1469 1818 veris
1488 1792 1519 1818 et
1535 1796 1600 1818 non
1617 1785 1698 1817 fictis
1720 1785 1864 1824 notariis,
1883 1784 1978 1817 conssi-

1241 1839 1338 1877 tibus,
1366 1838 1529 1871 nobilibus
1563 1844 1595 1871 et
1627 1838 1750 1871 civibus
1784 1837 1975 1877 habeantur,

1241 1891 1388 1934 nihilque
1414 1893 1649 1934 qualecumque
1676 1891 1755 1923 illud
1789 1890 1884 1922 suerit
1908 1901 1978 1922 eum

1219 1944 1278 1976 stis
1304 1945 1565 1987 expressionibus
1591 1944 1834 1988 subreptitium,
1862 1945 1980 1986 obrep-

1242 1998 1345 2030 titium
1371 2004 1424 2031 aut
1448 1998 1633 2039 invalidum,
1660 1998 1715 2031 sed
1740 1998 1820 2030 illud
1839 1998 1924 2030 idem
1940 1997 1980 2029 ef-

1241 2050 1318 2083 ficax
1345 2051 1376 2083 in
1402 2052 1551 2084 omnibus
1577 2057 1608 2084 et
1632 2062 1691 2095 per
1715 2051 1822 2084 omnia
1847 2041 1979 2083 censea-

1243 2110 1302 2145 tur,
1321 2105 1528 2137 concedimus
1551 2110 1582 2137 et
1605 2105 1821 2146 indulgemus.

1286 2158 1299 2201 ξ
1324 2158 1355 2191 3.
1375 2158 1412 2190 Et
1429 2158 1560 2201 insuper
1580 2158 1664 2197 illoS,
1685 2169 1862 2201 eorumque
1879 2159 1978 2191 bene-

1242 2211 1309 2243 ficia
1332 2215 1363 2243 et
1383 2210 1487 2243 officia
1506 2211 1725 2243 ecclesiastica
1745 2222 1976 2254 quaecumque,

1243 2269 1461 2307 quotcumque
1495 2268 1526 2295 ct
1551 2264 1797 2307 (pialiacumque
1813 2291 1820 2304 ‚
1848 2264 1979 2297 illorum

1243 2318 1378 2357 fructus,
1398 2328 1449 2349 res
1467 2323 1497 2349 et
1518 2318 1594 2355 iura,
1613 2317 1806 2361 ubicumque
1824 2319 1980 2359 locorum,

1243 2371 1411 2412 regionum
1444 2375 1475 2402 et,
1510 2369 1769 2412 provinciarum,
1796 2381 1921 2403 necnon
1948 2371 1981 2403 in

1242 2423 1339 2463 Urbe,
1367 2423 1566 2461 civitatibus,
1594 2423 1688 2455 terris
1715 2428 1746 2456 et
1770 2424 1850 2456 locis
1876 2425 1982 2457 eidem

1243 2477 1406 2509 Romanae
1438 2476 1599 2509 Ecclesiae
1624 2477 1764 2509 mediate
1788 2477 1837 2509 vel
1862 2477 1978 2510 imme-

1244 2530 1327 2563 diate
1353 2530 1506 2561 subiectis
1523 2530 1744 2568 consistentia,
1765 2530 1908 2573 praedia,
1928 2530 1980 2563 do-

1243 2594 1321 2623 mos,
1348 2583 1570 2626 possessiones
1597 2588 1627 2615 et
1652 2583 1737 2615 bona
1768 2582 1980 2626 patrimonia-

1969 199 2017 233 An.
2036 206 2065 232 e.
2090 204 2156 232 1070

2030 2166 2138 2191 Ewmptio
2160 2172 2173 2186 a

1990 2193 2076 2212 alvi-nnn
2091 2196 2108 2212 el
2125 2193 2174 2213 :iltis

1991 2219 2166 2245 impositionibus.
