2279 3260
235 256 270 280 An
300 256 329 280 C.
351 255 414 281 iti-1¹1

261 733 360 752 Hortatur
368 738 387 757 pi
403 740 421 750 11-

240 765 305 784 611115,
321 761 341 778 ut
360 761 422 778 antis-

241 786 298 805 titum
335 785 409 808 »icil-ui

241 814 289 831 tiam
305 811 410 830 adiuvent.

285 2463 431 2489 Traumu-pto-

251 2495 294 2508 tuin
312 2490 370 2509 fides.

462 246 525 279 480

427 308 533 336 autem
558 314 613 336 vos
640 304 736 347 ipsos,
763 302 962 335 venerabiles
988 302 1112 337 fratres,
1132 303 1163 329 et
1184 299 1186 304 '

428 366 560 388 omnem
580 357 703 388 clerum
721 356 902 398 exemplum
923 355 953 386 iu
974 352 1084 396 primis
1105 352 1163 382 bo-

426 419 542 442 norum
571 419 705 451 operum
726 413 757 440 et
777 409 908 439 sormam
928 405 1043 448 gregis,
1060 408 1094 435 nt
1110 414 1162 435 re-

427 466 514 494 strae
541 460 664 492 virtutis
700 466 730 491 et
766 459 932 500 religionis
966 456 1063 489 veluti
1096 456 1160 487 sale

427 512 524 545 ceteri
544 512 744 550 condiantur,
762 516 856 553 atque
883 510 924 541 ita
949 518 1060 541 onmes
1085 517 1161 539 una-

430 565 535 597 nimes
561 565 592 597 in
617 575 679 596 uno
705 562 817 605 spiritu
843 561 1035 593 christianae
1057 558 1162 591 chari-

432 617 505 650 tatis
535 622 629 659 atque
655 616 686 647 in
713 614 798 647 omni
825 613 993 645 sanctitate
1019 616 1049 643 et
1074 610 1163 642 iusti-

437 671 477 702 tia
501 670 566 702 Deo
592 669 779 701 serviamus.

478 724 492 765 ξ
518 722 548 754 7.
576 723 746 753 llortamur
766 728 896 761 quoque
919 724 949 749 et
966 727 1114 759 rogamus
1131 716 1162 748 in

434 775 570 807 Domino
596 773 776 806 carissimos
801 771 832 802 in
859 770 987 803 Christo
1005 769 1086 802 filios
1108 780 1163 802 no-

433 833 516 859 stros
542 825 769 867 imperatorem
796 824 943 861 electum,
961 832 995 853 ac
1017 831 1108 863 reges
1134 825 1164 853 et

432 878 595 922 principes
612 887 723 909 omnes
741 875 931 913 catholicos,
951 879 994 913 ut,
1013 884 1076 916 quo
1094 874 1164 916 plu-

432 942 465 962 ra
483 936 513 963 et
529 929 629 971 magis
648 927 786 961 illustria
802 926 959 960 beneficia
976 927 1013 957 ab
1032 925 1088 965 Eo,
1108 935 1165 968 per

433 993 528 1026 quem
553 992 644 1023 reges
668 985 814 1022 regnant,
841 983 1050 1021 acceperunt,
1077 983 1164 1009 tanto

1007 253 1183 277 Bt't,ttntt'xt

433 1034 605 1073 ardentius,
631 1039 665 1065 ut
693 1044 750 1076 par
780 1038 839 1072 est,
875 1033 914 1064 ad
940 1031 995 1063 Dei
1030 1031 1164 1073 gloriam

433 1089 666 1133 procurandam
686 1087 754 1131 pro¹
773 1088 842 1119 zelo
861 1086 1052 1125 excitentur,
1072 1095 1166 1128 [1136-

434 1204 503 1227 rum
528 1192 796 1236 patriarcl‘iarum,
816 1191 1017 1234 primatuum,
1044 1189 1167 1222 archie-

435 1247 642 1289 piscoporum
670 1249 701 1276 et
725 1243 951 1286 episcoporum
976 1243 1166 1285 pastoralem

436 1298 639 1331 sedulitatem
666 1302 698 1329 et
721 1296 918 1338 vigilantiam
943 1296 1110 1335 adiuvent,
1138 1301 1168 1327 et

436 1363 453 1384 a
477 1351 541 1384 suis
566 1350 810 1393 magistratibus
836 1354 868 1382 et
891 1348 1046 1380 ministris
1078 1348 1168 1380 adiu-

436 1404 501 1437 vari
532 1404 695 1443 mandent,
722 1407 757 1434 ut
785 1401 1007 1444 improborum
1040 1401 1168 1433 lieentia

437 1461 645 1497 coerceatur,
671 1462 703 1489 et
726 1457 886 1488 bonorum
919 1454 1023 1487 studia
1058 1464 1169 1486 eorum

438 1511 526 1553 regia
552 1520 612 1553 ope
634 1514 665 1542 et
690 1508 794 1551 gratia
820 1508 1008 1547 foveantur,
1034 1507 1168 1539 maxime

439 1569 543 1596 autem
561 1573 637 1605 erga
653 1561 848 1605 peregrinos
865 1560 1113 1593 beneficentiam
1139 1564 1171 1591 et

440 1615 665 1649 liberalitatem
708 1618 886 1653 exerceant,
924 1618 1100 1655 curentque
1137 1618 1172 1644 ut

440 1668 514 1700 tutis
540 1667 690 1700 incedant
715 1667 895 1705 itineribus,
915 1671 946 1698 et
963 1667 1051 1698 nulla
1068 1666 1172 1698 homi-

441 1730 516 1752 num
535 1719 732 1763 perditorum
750 1719 917 1751 vexatione
931 1719 1170 1761 perturbentur,

443 1773 499 1804 sed
531 1771 746 1814 hospitalibus
781 1771 930 1803 domibus
971 1776 1002 1803 et
1033 1771 1172 1814 publicis

443 1824 592 1867 hospitiis
617 1830 758 1856 amanter
782 1824 898 1866 excipi,
925 1829 966 1863 ut,
993 1829 1172 1856 commeatu

444 1884 475 1910 et
500 1878 594 1910 rebus
619 1877 657 1909 ad
683 1877 778 1908 vitam
802 1876 992 1909 necessariis
1021 1877 1187 1927 recreatim

443 1931 512 1963 sine
537 1931 602 1962 ulla
627 1929 837 1962 concussione
859 1934 889 1961 et
914 1929 1029 1961 iniuria
1046 1929 1191 1962 instita?

443 1988 508 2014 tum
536 1983 597 2014 iter
622 1982 696 2014 lacti
721 1988 886 2024 peragant,
902 1987 933 2014 et
957 1993 1028 2014 eum
1054 1983 1172 2025 gaudio

443 2036 474 2069 in
493 2035 627 2079 patriam
645 2040 856 2068 revertantur.
876 2034 931 2067 His
956 2035 1041 2068 enim
1059 2037 1173 2070 hostiis

443 2099 537 2131 reges
558 2087 756 2131 potissimum
782 2093 813 2119 et
832 2088 995 2130 principes
1012 2088 1110 2121 Deum
1133 2090 1174 2122 si-

443 2141 473 2173 bi
500 2141 690 2184 placabilem
716 2140 862 2180 reddent,
888 2145 923 2172 ut
947 2140 1000 2172 diu
1021 2141 1053 2174 in
1078 2142 1173 2175 terris

444 2194 554 2226 felices
575 2193 689 2232 vivant,
708 2198 739 2225 et
763 2193 890 2224 denium
917 2194 947 2225 in
974 2199 1104 2227 aeterna
1129 2200 1174 2227 ta-

443 2246 617 2279 bernacula
637 2245 833 2287 recipiantur
857 2245 895 2277 ab
921 2245 982 2278 illis
1002 2246 1078 2289 ipsis
1095 2258 1174 2290 pau-

443 2298 573 2341 peribus
600 2308 674 2339 erga
700 2308 780 2340 quos
805 2297 1057 2331 misericordiam
1084 2310 1174 2333 exer-

443 2350 580 2389 cnm-im,
608 2350 639 2381 in
665 2349 780 2392 quibus
807 2349 950 2383 Christus
977 2352 1119 2394 pascitur
1144 2358 1174 2385 et

443 2403 596 2435 1⁸·t'ti‘iiut'.

488 2456 500 2497 ξ
526 2459 556 2487 ὅ.
584 2455 622 2487 Ut
655 2465 731 2487 vero
764 2461 952 2498 praesentes
984 2457 1108 2490 litterae
1134 2459 1172 2491 ad

443 2508 586 2545 omnium
625 2507 765 2539 fidelium
803 2508 1055 2551 quibuscumque
1092 2511 1172 2543 locis

443 2560 649 2593 existentium
668 2560 811 2592 notitiam
832 2561 953 2593 facilius
972 2573 1042 2604 peri
1052 2562 1171 2603 enituit,
1194 2589 1196 2603 ,

433 1143 525 1186 cipue
543 1151 617 1174 vero
634 1139 869 1172 venerabilium
889 1139 1018 1170 fratrum
1037 1143 1165 1170 nostro·
1186 1113 1190 1164 i

479 2623 490 2650 1
513 2621 611 2648 Forsan
630 2622 679 2657 pio
701 2620 852 2657 legendum,
874 2629 926 2648 non
943 2630 997 2657 pro
1019 2624 1124 2658 (11.1).

1210 252 1358 274 [luitwini

1205 299 1350 330 volumus
1372 309 1479 331 earum
1498 299 1664 342 exemplis,
1683 299 1779 331 etiam
1798 299 1934 340 impres-

1204 350 1254 389 sis,
1281 361 1375 382 manu
1402 351 1518 383 notarii
1537 352 1657 395 publici
1678 350 1882 393 subscriptis,
1900 360 1936 382 ac

1204 412 1363 444 personae
1384 402 1415 434 in
1441 403 1596 445 dignitate
1622 402 1837 436 ecclesiastica
1862 411 1937 434 con-

1204 455 1333 486 stitutae
1351 455 1458 497 sigillo
1475 455 1615 496 munitis,
1635 456 1780 488 eamdem
1800 464 1935 497 prorsus

1204 506 1299 539 fidem
1317 507 1441 547 haberi,
1458 518 1539 550 quae
1558 508 1730 540 haberetur
1750 507 1828 551 ipsis
1845 517 1937 550 prae-

1204 560 1348 592 sentibus
1367 560 1392 591 si
1411 560 1516 592 forent
1529 561 1690 593 exhibitae
1708 562 1757 593 vel
1772 564 1934 592 ostensae.

1249 612 1262 654 ξ
1287 612 1316 644 9.
1342 612 1426 644 Nulli
1452 622 1529 654 ergo
1555 612 1722 644 hominum
1748 611 1879 644 omnino
1900 612 2062 668 Ιί-Μῗειηειῑο
2080 628 2129 648 poe-

1897 665 1903 670 .
1993 654 2008 668 S.

1205 670 1274 697 ceat
1300 665 1383 697 113116
1408 665 1556 707 paginam
1582 670 1711 698 nostrae
1736 665 1938 703 indictionis,

1206 717 1483 759 promulgationis,
1503 717 1731 756 concessionis,
1749 716 1940 759 impartitio-

1206 770 1264 809 nis,
1286 769 1489 809 hortationis,
1512 769 1690 811 rogationis
1715 774 1746 801 et
1769 768 1940 801 voluntatis

1207 822 1394 864 infringere,
1419 823 1469 854 vel
1495 822 1523 854 ei
1549 832 1627 853 ausu
1652 820 1825 854 temerario
1857 830 1939 852 con-

1208 875 1318 907 traire.
1335 874 1366 907 Si
1385 874 1456 917 quis
1475 879 1580 907 autem
1599 874 1661 906 1106
1680 879 1839 906 attentare
1854 883 1942 916 prae-

1208 927 1392 970 sumpserit,
1425 927 1680 969 indignationem
1706 926 1941 970 omnipotentis

1208 980 1262 1012 Dei
1289 991 1323 1012 ac
1347 981 1514 1013 beatorum
1535 980 1620 1012 Petri
1643 984 1674 1012 et
1697 979 1787 1011 Pauli
1813 983 1943 1022 aposto-

1210 1035 1314 1066 lorum
1341 1033 1408 1066 61115
1433 1043 1466 1065 se
1492 1032 1617 1065 noverit
1640 1032 1858 1065 incursurum.

1254 1086 1366 1118 Datum
1400 1085 1528 1124 Romae,
1561 1085 1645 1127 apud
1668 1084 1698 1117 S.
1728 1080 1857 1116 Mariam
1883 1083 1944 1116 Ma-

1211 1140 1333 1179 iorem,
1371 1149 1455 1170 anno
1491 1136 1722 1170 Incarnationis
1759 1136 1943 1169 Dominicae

1211 1202 1377 1230 unctxxm
1395 1201 1445 1224 xvl
1464 1191 1616 1223 kalendas
1635 1190 1718 1230 maii,
1737 1188 1945 1232 pontificatus

1212 1244 1312 1278 nostri
1331 1255 1416 1277 anno
1436 1254 1476 1276 iv.

1344 1306 1379 1339 G.
1399 1305 1491 1338 Card.
1512 1306 1640 1338 Prodat.

1648 1366 1670 1397 1.
1697 1365 1733 1398 G.
1761 1366 1901 1399 Stusms.

1260 1437 1334 1469 Visa
1358 1436 1395 1468 [lc
1417 1436 1516 1469 Curici
1534 1436 1565 1467 S.
1589 1435 1626 1467 cle
1649 1434 1814 1467 Pilaslris.

1658 1496 1692 1528 D.
1720 1495 1901 1529 memus.

1249 1570 1309 1596 Dat.
1327 1568 1372 1595 die
1386 1568 1419 1595 16
1434 1567 1527 1603 aprilis
1544 1567 1620 1600 1675,
1643 1566 1738 1601 pontif.
1755 1573 1825 1593 anno
1841 1572 1879 1593 ιν.

1539 1689 1622 1722 CLV.

1216 1761 1388 1805 Suspensi'o
1423 1770 1702 1804 quarnmcmnque
1733 1759 1952 1801 indulqenlia-

1258 1825 1329 1846 rum
1346 1814 1485 1846 durante
1501 1823 1587 1844 cinno
1604 1812 1800 1844 universalis
1817 1811 1952 1844 iubiluei

1260 1877 1417 1900 MDCLxxx.

1422 1937 1555 1964 Clemens
1576 1936 1742 1970 episcopus,

1399 1988 1504 2008 servus
1525 1987 1678 2007 servorum
1699 1979 1761 2010 Dei,

1364 2026 1400 2052 ad
1420 2026 1550 2052 futuram
1570 2025 1614 2051 rei
1635 2025 1815 2051 memoriam.

1260 2087 1336 2120 Cum
1363 2098 1421 2119 nos
1453 2097 1557 2129 nuper
1582 2085 1683 2118 sancti
1708 2085 1839 2119 iubilaci
1865 2088 1950 2120 celc-
1988 2098 2111 2119 Emi-‹iinm-

1216 2140 1409 2178 brationem,
1437 2150 1453 2171 a
1490 2138 1595 2181 vigilia
1618 2137 1798 2171 Nativitatis
1823 2139 1948 2172 Domini

1217 2191 1321 2225 Nostri
1346 2192 1415 2223 Iesu
1437 2190 1553 2223 Christi
1576 2191 1650 2223 anni
1669 2191 1807 2234 proximi
1824 2192 1951 2224 venturi

1217 2244 1430 2278 inchoandam
1457 2249 1487 2276 et
1511 2254 1610 2286 usque
1630 2244 1667 2276 ad
1690 2243 1786 2276 tinem
1806 2245 1950 2278 eiusdem

1217 2298 1291 2330 anni
1324 2297 1522 2336 duraturam,
1549 2296 1698 2329 universo
1722 2299 1843 2340 populo
1869 2298 1949 2330 chri-

1217 2351 1333 2389 stiano,
1352 2349 1390 2382 (16
1408 2348 1641 2382 venerabilium
1667 2350 1800 2382 fratrum
1825 2356 1954 2385 nostro-

1217 2415 1285 2436 rum
1309 2403 1339 2436 S.
1361 2403 1397 2435 R.
1417 2402 1451 2434 E.
1472 2402 1682 2435 cardinalium
1704 2413 1850 2444 assensu,
1869 2403 1953 2436 indi-

1215 2456 1365 2495 xerimns,
1392 2466 1426 2488 ac
1462 2455 1611 2493 omnibus
1650 2456 1818 2500 utriusque
1853 2467 1949 2490 sexus

1216 2507 1482 2542 christifidelibus
1522 2518 1596 2540 1616
1638 2509 1882 2551 poenitentibus
1920 2515 1952 2542 et

1217 2561 1382 2598 confessis,
1399 2560 1451 2603 qui
1471 2561 1637 2594 beatorum
1656 2563 1880 2604 apostolorum
1894 2562 1952 2596 Pe-

1219 2615 1256 2646 tri
1275 2619 1306 2646 et
1322 2614 1409 2646 Pauli
1429 2614 1585 2655 basilicas,
1605 2615 1852 2651 Lateranenscm
1870 2627 1950 2661 quo-

1947 249 1995 275 Αη.
2014 249 2040 275 C.
2063 249 2125 274 ¹074
