2279 3260
438 236 501 269 3⁶23

403 293 548 325 eiusdem
567 294 698 335 mensis,
716 307 796 339 quae
812 307 870 339 per
884 297 1048 329 decretum
1062 295 1137 328 Con-

402 347 601 388 grcgationis
618 348 851 381 venerabilium
871 350 1002 381 fratrum
1017 353 1139 381 nostro-

402 409 472 431 rum
492 400 523 432 S.
545 401 581 432 R.
602 400 635 433 E.
659 401 873 434 cardinalium
899 401 996 433 sacris
1022 400 1137 432 ritibus

400 453 664 495 praepositorum
686 465 703 486 a
728 454 822 486 nobis
848 454 1061 497 approbatum
1079 464 1138 495 pro

402 504 483 537 festo
510 507 696 539 eorumdem
728 511 913 539 sauctorum
939 506 1136 547 Angelorum

402 556 576 591 Custodum
602 559 765 601 assignata
791 559 860 598 fuit,
881 558 1049 591 transferri
1068 559 1139 601 plu-

401 611 515 643 rimum
543 612 741 644 desiderent:

445 664 503 706 §⁶2.
524 664 595 703 Nos,
611 664 801 697 eorumdem
818 663 1002 696 officialium
1020 669 1050 696 et
1067 674 1138 696 con-

402 717 535 749 fratrum
552 717 632 749 votis
651 717 710 749 hac
736 717 767 749 iu
786 727 819 750 rc
837 717 976 759 benigue
994 727 1136 749 annuere

400 770 557 808 volentes,
582 773 613 801 et
637 779 748 801 eorum
775 769 956 811 singulares
980 779 1135 811 personas

400 831 416 852 a
442 821 607 863 quibusvis
631 821 983 861 excommunicationis,
1003 831 1137 864 suspen-

399 874 500 906 sionis
525 879 557 906 et
581 874 753 914 interdicti,
779 875 916 917 aliisque
942 875 1136 907 ecclesiasti-

398 926 441 958 cis
465 926 646 966 sententiis
666 927 812 959 censuris
839 932 870 959 et
886 927 1010 969 poenis,
1028 938 1045 960 a
1065 927 1134 960 iure

396 981 444 1012 vel
477 979 516 1011 ab
549 979 705 1019 homine,
740 979 850 1023 quavis
885 980 1055 1013 occasione
1086 982 1134 1013 vel

396 1034 493 1064 causa
511 1031 592 1072 latis,
607 1032 632 1064 si
650 1032 766 1075 quibus
785 1033 1033 1075 quomodolibet
1047 1033 1136 1066 inno-

398 1085 490 1117 datae
516 1085 668 1125 existunt,
688 1086 727 1118 ad
745 1084 892 1118 effectum
917 1087 1134 1129 praesentium

398 1138 564 1170 dumtaxat
593 1140 881 1181 consequendum,
912 1140 1027 1172 harum
1052 1140 1135 1172 serie

399 1190 602 1223 absolventes
621 1196 650 1223 et
672 1191 834 1224 absolutas
860 1192 928 1224 fore
947 1197 1133 1232 censentes,
1154 1225 1156 1235 ,

219 1256 388 1285 Ροῃωεκιηρε-
443 1245 457 1287 ξ
481 1244 512 1277 3.
540 1244 837 1287 supplicationibus
867 1256 979 1279 eorum
1004 1246 1133 1279 nomine

206 1283 342 1338 &Tiasslilssl'
359 1289 493 1329 '‘Knobis
520 1307 617 1340 super
638 1298 699 1330 lioc
723 1298 890 1331 humiliter
910 1299 1068 1341 porrectis
1087 1299 1135 1331 in-
1154 1327 1155 1330 ,

206 1336 519 1391 flflllssllffflmtffizclinaii,
534 1350 767 1392 indulgentiam
786 1351 996 1393 praedictam,
1014 1352 1064 1384 die
1084 1353 1135 1384 do·
1154 1376 1156 1408 l

205 1389 515 1443 {{'.'L‘.32'}','³0.u„1?1imimica
529 1403 668 1434 secunda
685 1403 827 1435 octobris
845 1403 949 1436 dictae
967 1403 1134 1436 archicon-
1154 1446 1155 1450 Ἰ

205 1446 289 1460 mmm
398 1455 591 1487 fraternitati
617 1466 815 1495 concessam,
842 1457 882 1488 ad
908 1456 992 1489 diem
1019 1454 1155 1489 secun-⁴1

397 1508 470 1540 dam
495 1508 639 1540 eiusdem
666 1509 797 1548 mensis,
817 1510 942 1541 servata
969 1515 1076 1541 tamen
1100 1509 1132 1542 in
1153 1497 1155 1550 Ξ

396 1560 530 1603 reliquis
557 1561 704 1593 omnibus
734 1561 916 1594 litterarum
940 1562 1130 1604 apostolica·

395 1624 465 1646 rum
491 1614 631 1657 desuper
655 1615 877 1657 expeditarum
894 1615 1008 1655 forma,
1027 1620 1132 1648 aucto-

394 1666 487 1699 ritate
498 1666 683 1709 apostolica,
697 1672 809 1700 tenore
820 1668 1052 1710 praesentium,
1062 1679 1132 1711 per-

395 1724 492 1762 petuo
519 1719 764 1759 transferimus3
787 1726 886 1763 utque
904 1721 1082 1754 confratres
1100 1726 1132 1754 et
1152 1743 1153 1749 η

396 1783 586 1805 consorores
619 1773 985 1807 arcliiconfraternitatis
1023 1766 1153 1814 huius-f

395 1826 491 1865 modi,
517 1825 694 1869 praemissa
719 1826 957 1869 adimplentes,
986 1827 1131 1860 eamdem

394 1889 529 1921 prorsus
565 1878 800 1921 indulgentiam
837 1884 870 1911 et
903 1879 1131 1912 remissionem

394 1937 602 1974 peccatorum
620 1930 670 1963 die
691 1932 830 1964 secunda
849 1932 969 1965 mensis
987 1933 1129 1966 octobris

394 1985 426 2016 in
451 1988 621 2027 posterum
648 1990 907 2027 consequantur,
932 1996 1029 2028 quam
1054 1997 1131 2019 con-

392 2042 610 2080 sequerentur
625 2037 650 2069 si
670 2037 782 2070 eadem
799 2038 977 2080 praemissa
1002 2039 1053 2072 die
1078 2041 1131 2073 do-

393 2090 511 2122 minica
541 2090 682 2122 secunda
716 2090 836 2123 mensis
873 2092 1011 2124 octobris
1036 2104 1130 2136 prae-

395 2142 470 2175 dicti
491 2142 715 2185 adimplerent,
737 2144 946 2177 concedimus
973 2150 1004 2177 et
1028 2146 1131 2180 indul-

395 2207 519 2239 gemus.
545 2196 579 2228 ln
605 2196 803 2229 contrarium
834 2208 899 2230 non
928 2198 1130 2232 obstantibus

396 2250 666 2293 quibuscumque.
1149 2266 1151 2291 ,¹

438 2303 550 2335 Datum
578 2302 706 2341 Romae,
727 2303 812 2346 apud
837 2303 867 2335 S.
887 2304 1015 2336 Mariani
1038 2305 1130 2338 Maio-

394 2367 472 2395 rem,
493 2356 551 2387 sub
566 2357 686 2388 annulo
701 2355 889 2397 piscatoris,
908 2357 959 2390 die
979 2357 1130 2391 xxvniiu-
1149 2357 1151 2377 ”

393 2409 427 2442 lii
452 2419 613 2449 MtujLXXH,
634 2409 840 2451 pontificatus
855 2409 956 2442 nostri
971 2421 1055 2443 anno
1078 2421 1125 2444 111.

796 2462 818 2494 I.
842 2461 878 2495 G.
898 2461 1037 2496 Srusirs.

425 2523 483 2551 Dat.
500 2523 543 2550 die
558 2523 591 2549 28
607 2522 664 2550 iulii
681 2522 760 2555 1672,
777 2523 876 2558 pontif.
897 2531 967 2550 anno
984 2530 1021 2550 111.

209 243 258 268 Λη.
275 242 302 268 C.
328 243 393 270 1072

252 676 355 696 thcolutio
378 682 390 696 a

209 708 310 722 Consulis.

228 2198 339 2225 Obztnfiua
352 2211 382 2225 re-

201 2234 278 2252 Πιοωῑ.

426 2580 586 2621 Regii-strata
603 2585 633 2611 in
649 2585 755 2613 Secret.
772 2585 805 2612 in
822 2586 871 2613 lib.
888 2586 1029 2615 Brevium
1048 2595 1127 2615 men-

391 2631 430 2660 sis
450 2631 529 2665 iulii,
547 2633 628 2665 part.
643 2650 650 2657 .
663 2650 670 2658 .
685 2650 711 2665 .,
732 2630 784 2666 sol.
798 2650 805 2657 .
817 2649 825 2657 .
839 2650 846 2659 .

985 248 1164 273 mmmmm!
1188 248 1339 282 nolumus!

1929 250 1979 277 An.
1992 250 2020 276 c.
2046 249 2111 278 une

1503 298 1588 332 CVII.

1183 366 1386 409 Confirmatio
1399 378 1453 400 seu
1466 370 1607 401 extensio
1620 369 1819 402 decretorum
1832 369 1918 402 alitis

1225 428 1243 450 a
1267 421 1358 451 sacra
1376 420 1630 462 ὣηᾳνεραείοηε
1654 422 1873 464 episcoporum
1890 425 1919 453 et

1226 471 1431 513 reyularium
1462 472 1622 505 editorum
1653 484 1750 516 super
1778 474 1918 506 associa-

1226 523 1309 555 tione
1333 523 1526 556 cadaverum
1551 525 1787 567 defunctorum,
1807 526 1866 569 qui
1882 527 1918 558 in

1224 574 1362 607 ecclesiis
1397 576 1600 618 reqularz'um
1629 578 1855 621 sepeliuntur;
1889 582 1918 610 el

1225 629 1310 660 circa
1334 629 1549 672 eleemosynas
1568 631 1721 672 funerum
1746 635 1774 664 el
1797 632 1917 674 funera

1225 680 1407 713 eorumdem
1432 681 1653 724 defunctorum
1680 683 1828 725 facienda
1857 694 1915 726 per

1224 733 1408 776 reyufflres,
1428 744 1494 766 non
1523 738 1631 766 autum
1657 745 1716 777 per
1744 736 1910 778 parochos,

1222 786 1330 827 farore
1361 786 1530 818 domorum
1561 791 1589 820 el
1621 787 1829 830 colleyio‘rum
1852 787 1912 821 So-

1223 839 1348 871 cz'eeatis
1368 839 1452 872 Iesu.

1394 919 1528 946 Clemens
1550 919 1630 953 Papa
1652 919 1694 952 X,

1297 963 1333 990 ad
1350 966 1526 997 perpetuam
1546 964 1591 990 rei
1613 963 1795 991 memoriam.

1222 1034 1236 1077 ἓ
1264 1033 1294 1067 t.
1322 1033 1440 1077 Nuper,
1461 1044 1521 1077 pro
1541 1039 1631 1078 parte
1652 1034 1762 1068 dilecti
1787 1035 1843 1068 filii
1863 1036 1915 1069 Al·
1961 1048 2052 1081 nstrata
2075 1055 2110 1069 ⁵2-

1178 1087 1296 1130 plionsi
1322 1087 1360 1119 de
1386 1087 1517 1119 Alarcos
1542 1088 1722 1131 presbyteri
1756 1090 1914 1132 regularis
1925 1078 2111 1122 fflsslllfflt'fi

1178 1139 1397 1182 procuratoris
1414 1140 1573 1182 generalis
1588 1140 1826 1183 provinciarum
1844 1143 1915 1175 His·
1926 1130 1947 1148 [ἃ
1962 1128 1988 1148 ‘¹⁶
2004 1128 2044 1148 Μ
2059 1135 2088 1148 ‘⁹'

1177 1192 1354 1235 pania-rum
1381 1197 1413 1225 et
1436 1192 1600 1225 Indiarum
1632 1192 1799 1225 Societatis
1822 1193 1913 1234 Iesu,

1177 1243 1444 1287 Congregationi¹
1462 1245 1695 1278 venerabilium
1711 1245 1841 1278 fratrum
1859 1257 1915 1279 no-

1178 1302 1316 1330 strorum
1341 1297 1371 1330 S.
1388 1297 1425 1329 R.
1445 1297 1479 1329 E.
1497 1297 1708 1331 cardinalium
1727 1299 1866 1340 negotiis
1884 1304 1916 1332 et

1177 1350 1467 1383 consultationibus
1504 1350 1732 1393 episcoporum
1761 1356 1793 1384 et
1817 1362 1914 1395 regu-

1178 1403 1291 1436 larium
1305 1403 1510 1447 praepositae
1527 1403 1684 1446 cxposit0‚
1700 1404 1788 1447 quod
1803 1405 1915 1438 eadem

1176 1455 1389 1499 Congregatio
1408 1456 1459 1489 die
1476 1466 1521 1489 vn
1539 1456 1719 1489 decembris
1738 1466 1855 1497 moen,
1874 1458 1914 1490 ad

1176 1509 1362 1542 instantiam
1395 1509 1607 1541 commissarii
1639 1509 1747 1542 curiae
1778 1510 1913 1543 fratrum

1153 1554 1154 1564 ¹
1175 1561 1303 1594 Ordinis
1323 1561 1480 1594 Minorum
1501 1562 1602 1594 sancti
1619 1562 1779 1595 Francisci
1798 1563 1836 1595 de
1854 1563 1914 1596 Ob-

1153 1614 1335 1647 ‘servantia
1372 1620 1630 1657 nuncupatorum
1647 1642 1654 1656 ,
1693 1615 1914 1648 declaraverat

1175 1668 1336 1711 parochos
1362 1673 1394 1700 et
1416 1668 1624 1711 presbyteros
1649 1668 1765 1701 Terrae
1790 1669 1829 1701 de
1854 1669 1912 1702 Le-

1174 1730 1293 1752 verano
1322 1731 1358 1752 ac
1389 1720 1469 1753 alios
1499 1720 1658 1754 dioecesis
1688 1721 1910 1754 Brundusinae

1174 1784 1239 1807 non
1263 1785 1360 1817 posse
1385 1774 1533 1817 accipere
1558 1774 1713 1808 maiorem
1739 1776 1911 1818 eleemosy-

1151 1834 1153 1856 ι
1174 1838 1247 1859 nam
1272 1838 1331 1871 pro
1357 1827 1516 1860 defunctis
1544 1827 1598 1870 qui
1624 1828 1841 1871 sepelirentur
1877 1827 1909 1860 in

1175 1880 1320 1914 ecclesiis
1357 1880 1518 1913 dictorum
1551 1880 1684 1913 fratrum
1700 1908 1708 1921 ,
1735 1891 1832 1924 quam
1857 1892 1910 1914 ac-

1174 1933 1337 1977 cipiebant
1361 1934 1399 1966 ab
1417 1933 1456 1965 iis
1474 1933 1528 1976 qui
1550 1934 1790 1977 sepeliebantur
1806 1934 1839 1966 in
1858 1944 1909 1967 ec-

1174 1987 1280 2021 clesiis
1315 1987 1474 2019 dictorum
1506 1987 1723 2030 parochorum
1749 1992 1781 2020 et
1812 1998 1910 2031 pres-

1173 2040 1357 2084 byterorum
1383 2040 1614 2080 saecularium3
1641 2045 1673 2072 et
1697 2040 1814 2073 deinde
1838 2051 1908 2074 xxxi

1150 2093 1152 2106 ³
1174 2093 1298 2135 augusti
1324 2102 1468 2132 iioctvn,
1502 2093 1539 2125 ad
1565 2093 1752 2125 instantiam
1777 2094 1907 2126 fratrum

1173 2145 1356 2190 provinciae
1390 2145 1588 2178 Dalmatinae
1628 2146 1774 2179 eiusdem
1809 2146 1908 2179 Ordi—

1173 2199 1244 2239 nis,
1280 2200 1501 2232 declaraverat
1532 2199 1712 2233 functiones
1746 2201 1908 2234 funerales

1173 2263 1269 2296 super
1294 2253 1504 2285 cadaveribus
1520 2253 1747 2286 defunctorum
1763 2265 1844 2297 quae
1858 2265 1908 2287 se-

1173 2306 1353 2349 pelirentur
1375 2304 1407 2337 in
1426 2305 1570 2338 ecclesiis
1595 2307 1804 2348 regularium,
1823 2313 1907 2350 post-

1173 2370 1267 2402 quam
1291 2358 1359 2401 ipsa
1388 2358 1543 2390 cadavera
1576 2359 1614 2391 ad
1647 2359 1797 2392 ecclesias
1823 2362 1907 2403 ipso-

1149 2424 1150 2429 *
1171 2423 1241 2445 rum
1258 2411 1452 2454 regularium
1469 2412 1703 2454 pervenissent,
1720 2413 1759 2445 ad
1774 2413 1907 2446 eosdem

1171 2466 1344 2507 regulares,
1368 2474 1433 2497 non
1459 2470 1564 2497 autem
1589 2465 1629 2497 ad
1653 2465 1810 2508 parochos
1834 2476 1907 2509 per-

1172 2518 1291 2557 tinere;
1317 2516 1529 2560 similiterque
1548 2517 1767 2551 declaraverat
1787 2519 1839 2551 die
1855 2529 1906 2552 xvi

1172 2569 1351 2603 decembris
1387 2580 1505 2603 iimchl
1546 2581 1643 2613 super
1678 2571 1905 2604 controversiis

1208 2633 1218 2658 1
1235 2631 1302 2658 Male
1317 2631 1359 2659 ed.
1377 2631 1455 2659 Main.
1472 2631 1537 2668 legit
1550 2633 1787 2670 Conqreyationis
1803 2636 1839 2667 (n.
1856 2634 1905 2671 ¹12).
