2279 3260
219 224 266 252 Αη.
285 224 312 251 c.
337 223 405 250 ¹07ss
452 214 515 248 64⁶2

994 218 1171 244 BULLARIUM

415 272 530 305 codem
555 275 586 304 et
611 282 627 304 a
652 271 754 305 felicis
784 268 1018 303 recordationis
1049 267 1149 300 Paulo
1170 270 1172 296 1

415 325 499 367 Papa
523 324 546 355 V
578 331 750 365 emanatas,
789 322 948 367 praecipit
979 325 1014 353 ut
1044 320 1168 356 nullus,

416 378 516 411 nostri
531 378 659 411 Ordinis
682 377 855 420 religiosus
877 375 915 407 ad
930 374 1027 406 alium
1043 382 1154 416 quem-

418 441 556 474 cumque
582 430 746 471 Ordinem,
764 428 958 470 religionem
984 425 1049 458 sive
1076 434 1154 458 con-

420 484 641 527 gregationem
666 484 812 527 (excepto
830 480 949 514 Ordine
971 478 1155 512 Cartliusia-

420 537 665 580 norum,petita
691 541 720 569 et
747 535 880 568 obtenta
906 531 1038 566 licentia
1063 542 1079 563 a
1104 541 1156 563 su-

421 590 604 635 perioribus
629 588 729 622 nostri
754 585 924 628 Ordinis),
943 585 1002 617 sub
1028 588 1157 627 aposta-

422 644 488 676 siae
513 649 544 675 et
568 642 717 675 infamiae
741 644 916 683 perpetuae
941 639 1028 677 nota,
1045 647 1081 669 ac
1105 647 1157 668 ex-

422 694 721 730 communicationis
740 694 821 725 latae
847 690 1026 723 sententiae
1045 689 1159 732 poena,

423 750 519 784 etiam
545 746 726 782 emissionis
753 745 857 789 quarti
883 744 947 777 voti
976 753 1031 775 seu
1056 741 1159 785 perfe-

423 802 532 836 ctioris
556 806 587 834 et
607 799 792 833 humilioris
817 797 899 830 vitae
924 793 1161 839 praesumptio-

423 866 474 895 ne,
500 860 552 887 aut
577 852 747 886 strictioris
767 851 898 893 regulae
917 860 972 881 seu
988 849 1162 883 observan-

425 910 487 945 tiae
512 913 681 952 praetextu
707 907 755 939 vel
782 903 1075 947 conten‘iplatione,
1109 904 1162 932 aut

425 961 535 1005 quavis
552 961 645 999 iusta,
662 957 825 1007 probabili
851 961 903 989 aut
928 954 1071 997 legitima
1087 963 1161 985 cau-

425 1017 470 1055 sa,
495 1025 527 1046 se
554 1012 728 1051 transferre
766 1010 906 1049 audeat3
935 1009 1008 1041 ideo
1036 1004 1162 1039 litterae

425 1066 610 1111 praedictae
636 1063 868 1097 inviolabiliter
893 1064 1073 1094 serventur.

470 1131 499 1151 v.
528 1119 701 1163 Apostatae
729 1122 760 1149 et
785 1114 907 1158 fugitivi
926 1124 984 1157 pro
1002 1112 1105 1156 prima
1120 1111 1164 1143 vi-

428 1183 463 1206 ce
490 1177 521 1205 et
546 1173 618 1213 luga
642 1169 818 1214 puniantur
858 1168 944 1200 iuxta
977 1165 1164 1208 gravitatem

429 1226 559 1268 culpae,
578 1228 609 1256 et
625 1223 694 1266 ipso
713 1222 795 1254 facto
814 1218 974 1253 amittant*
995 1217 1166 1260 antiquita-

429 1283 493 1310 tem
518 1277 604 1309 sedis
632 1281 663 1308 et
687 1274 758 1314 loci,
777 1279 807 1306 et
825 1273 857 1305 in
875 1272 1013 1303 futurum
1036 1271 1166 1303 illorum

431 1330 605 1373 antiquitas
639 1328 773 1371 incipiat
797 1338 813 1358 a
845 1326 896 1358 die
926 1334 1096 1367 regressus
1128 1322 1167 1355 ad

430 1384 582 1416 Ordinem
618 1387 692 1424 post
728 1380 843 1412 dictam
875 1378 1011 1421 primam
1047 1376 1165 1417 fugam.

430 1436 489 1474 Qui
503 1435 679 1469 secundam
699 1432 842 1471 fecerint,
858 1432 970 1464 cadem
984 1431 1090 1473 poena
1106 1428 1169 1461 afti-

430 1489 567 1521 ciantur.
596 1488 655 1519 Pro
678 1485 773 1519 tertia
796 1494 871 1517 vero
898 1484 971 1525 fuga
1007 1482 1081 1524 (vel
1110 1491 1169 1524 pro

430 1544 505 1581 una,
533 1541 559 1573 si
585 1550 643 1582 per
667 1548 787 1571 annum
814 1536 1015 1578 duraverit),
1041 1534 1066 1567 si
1091 1535 1170 1567 tales

430 1605 494 1627 non
521 1593 749 1636 expelluntur,
779 1590 894 1633 poenis
926 1588 1087 1632 impositis
1111 1598 1170 1631 pro

431 1647 535 1691 prima
571 1650 602 1677 et
637 1644 780 1677 secunda
817 1643 889 1684 fuga
925 1642 1115 1684 plectantur,
1141 1646 1172 1673 et

431 1704 600 1744 praeterea
625 1696 787 1729 inhabiles
813 1695 876 1727 sint
906 1695 943 1727 ad
969 1694 1170 1738 praelaturas

431 1752 572 1792 Ordinis,
595 1757 625 1784 et
650 1761 727 1783 voce
751 1749 853 1782 activa
874 1753 1014 1781 careant.
1042 1746 1071 1780 Si
1099 1746 1170 1789 quis

432 1816 506 1839 vero
532 1803 710 1847 apostasiae
737 1802 861 1835 ratione
881 1799 1172 1833 excommunicatus

432 1857 655 1896 celebraverit,
693 1855 894 1899 gravioribus
931 1853 1055 1897 poenis,
1083 1863 1172 1886 seve-

432 1912 566 1954 riusque
587 1911 770 1943 mulctetur.

477 1975 520 1998 v1.
548 1963 693 2006 Denique
720 1972 783 1995 non
816 1962 921 1994 solum
946 1960 1092 2004 patribus
1116 1960 1173 1993 mi-

433 2017 551 2057 nistris,
577 2026 687 2048 verum
714 2014 810 2047 etiam
836 2014 984 2047 omnibus
1009 2013 1173 2057 religiosis

434 2071 618 2103 facultatem
643 2074 674 2101 et
700 2067 922 2100 auctoritatem
947 2067 1171 2107 concedimus,

434 2129 468 2156 ut
492 2124 523 2156 in
551 2133 626 2156 casu
657 2120 860 2154 necessitatis
897 2119 1021 2163 possint
1056 2129 1172 2163 capere

435 2188 471 2210 ac
490 2175 773 2219 comprehendere
791 2178 953 2217 apostatas
973 2178 1003 2205 et
1023 2172 1174 2215 fugitivos

436 2230 667 2272 cuiuscumque
700 2226 885 2270 provinciae
911 2231 942 2259 et
963 2227 1075 2259 domus
1101 2226 1173 2267 sint,

436 2284 667 2324 hortannirque
703 2282 735 2313 in
756 2280 893 2312 nomino
931 2279 1117 2322 superiores
1143 2284 1174 2312 et

438 2346 548 2371 eorum
579 2333 792 2368 conscientias
812 2342 985 2366 oneramus
1004 2338 1037 2364 ut
1059 2337 1175 2365 curent

438 2390 612 2432 dilig-*nter
636 2392 668 2420 et
692 2392 780 2419 eante
806 2387 1004 2429 compellere
1030 2391 1061 2418 et
1086 2397 1175 2419 revo-

438 2454 509 2476 care
537 2441 694 2484 fugitivos,
717 2441 777 2473 sub
802 2442 909 2483 poena
934 2439 1039 2483 gravis
1060 2440 1174 2483 culpae

437 2507 496 2541 per
521 2502 584 2529 tres
610 2495 689 2527 dies.

475 2614 484 2639 1
508 2611 578 2639 Edit.
597 2610 673 2637 illain.
692 2609 754 2645 legit
769 2609 901 2637 nminem
915 2610 952 2643 (n.
970 2608 1017 2643 Τ.).

1195 217 1346 244 nonnum

1238 278 1259 300 1.
1279 267 1333 300 llle
1355 267 1527 311 religiosus
1548 266 1742 301 iudicandus
1761 269 1809 299 est
1826 264 1929 297 incor-

1928 214 1977 243 Αη.
1998 215 2026 243 C.
2055 216 2121 243 ¹676

1966 276 1977 303 5
1998 276 2016 296 Ξ,
2039 275 2068 296 D.»

1940 302 2095 327 corrigibilibus
2102 304 2123 322 ul.

2093 277 2122 296 in·

1194 319 1343 361 rigibilis,
1362 321 1415 363 qui
1431 322 1553 354 audens
1571 319 1774 353 committere
1793 323 1825 351 et
1841 327 1929 361 repe·
1941 328 2124 355 oorumoxpumo.

1195 377 1263 405 tere
1285 383 1397 415 graves
1422 374 1549 416 culpas,
1576 372 1746 406 admittere
1772 381 1836 404 non
1862 361 1974 403 viilt''⁶'

1197 424 1428 466 poenitentiam
1453 425 1594 467 legitime
1627 435 1644 457 a
1674 423 1841 467 superiore
1872 432 1930 465 pro

1198 477 1260 509 illis
1281 477 1474 520 impositam.
1494 476 1648 510 Similiter
1665 476 1732 516 ille,
1752 475 1805 519 qui
1828 475 1930 507 tribus

1198 529 1334 562 diversis
1358 530 1480 562 vicibus
1499 529 1628 572 punitus
1645 539 1705 572 pro
1731 528 1834 571 culpis
1861 538 1932 570 gra-

1200 581 1300 622 vibus,
1322 583 1360 615 ad
1386 582 1556 615 meliorem
1581 581 1664 613 vitae
1690 581 1848 613 rationem
1870 590 1933 612 non

1201 635 1296 668 redit.
1323 635 1424 667 Etiam
1456 635 1511 668 ille
1543 633 1630 666 cuius
1662 633 1848 666 emendatio
1881 633 1935 665 de-

1202 693 1354 731 speratur
1369 693 1506 731 propter
1520 686 1623 730 ipsius
1640 685 1890 719 obstinationem
1906 690 1937 718 et

1202 751 1318 783 pravos
1339 750 1457 772 mores.

1247 804 1282 826 11.
1310 792 1562 835 lneorrigibiles‚
1584 792 1634 824 vel
1660 796 1822 834 perpetuo
1848 801 1939 833 erga-

1203 846 1287 878 stulo
1312 850 1387 877 sunt
1411 843 1635 887 mancipandi,
1663 844 1711 876 vel
1738 853 1755 875 a
1780 843 1939 886 religione

1205 897 1401 941 expellendi,
1430 896 1632 930 observando
1654 896 1685 928 in
1711 896 1860 928 omnibus
1888 896 1941 928 de-

1205 956 1292 984 creta
1311 961 1419 983 sacrae
1444 948 1713 992 Congregationis
1731 947 1864 981 Concilii
1885 959 1942 991 pu-

1206 1004 1322 1037 blicata
1341 1004 1379 1036 de
1398 1003 1549 1036 mandato
1577 1002 1680 1034 felicis
1705 1002 1942 1034 recordationis

1208 1057 1323 1090 Urbani
1350 1056 1425 1097 Vlll,
1453 1066 1537 1089 anno
1564 1064 1714 1094 Mncxx1v‚
1737 1055 1788 1087 die
1808 1065 1868 1087 xxu
1895 1064 1944 1086 se-

1209 1111 1388 1155 ptembris·,
1416 1110 1546 1153 quando
1575 1113 1682 1141 autem
1716 1107 1861 1151 expulsio
1887 1107 1944 1140 ali-

1209 1165 1300 1197 cuius
1342 1163 1437 1196 fuerit
1476 1161 1658 1195 executioni
1700 1161 1940 1200 demandanda,

1210 1219 1298 1261 prius
1322 1218 1354 1250 in
1379 1216 1522 1260 capitulo
1555 1214 1759 1248 conventuali
1786 1215 1944 1247 sententia

1211 1273 1346 1313 legatur,
1363 1274 1395 1302 et
1420 1267 1556 1311 flagellis
1588 1277 1701 1300 caesus
1728 1278 1744 1299 a
1769 1266 1947 1299 communi-

1213 1330 1274 1358 tate
1299 1333 1407 1355 coram
1432 1322 1502 1365 ipsa
1528 1320 1690 1364 spolietur
1715 1320 1841 1352 habitu.

1256 1387 1303 1410 111.
1330 1374 1500 1418 Nunquam
1525 1378 1617 1416 pater
1649 1372 1811 1415 generalis
1835 1374 1947 1416 expul-

1213 1429 1254 1461 sis
1280 1428 1402 1461 litteras
1426 1425 1661 1459 testimoniales
1686 1425 1855 1465 concedat,
1876 1425 1948 1458 illos

1214 1482 1251 1515 ad
1268 1480 1383 1514 Sedem
1403 1478 1625 1522 Apostolicatn
1642 1477 1805 1518 reficiens,
1827 1478 1877 1511 vel
1903 1477 1950 1509 iu-

1215 1535 1293 1567 bens
1317 1534 1413 1567 aliam
1436 1532 1563 1576 ingredi
1582 1531 1788 1575 religionem,
1809 1531 1864 1564 sed
1882 1535 1949 1564 tan-

1216 1593 1280 1620 tum
1311 1587 1416 1620 tradat
1441 1586 1566 1619 litteras
1598 1584 1695 1618 fidem
1721 1584 1878 1617 facientes
1911 1584 1949 1617 de

1215 1639 1405 1684 expulsione
1431 1640 1520 1679 facta,
1540 1639 1626 1671 iuxta
1643 1639 1728 1671 dicta
1748 1639 1880 1671 decreta
1903 1648 1952 1670 sa-

1215 1705 1286 1728 crae
1311 1692 1589 1736 Congregationis‚
1607 1696 1640 1725 et
1663 1692 1695 1724 in
1720 1691 1838 1734 quibus
1855 1691 1952 1724 etiam

1216 1747 1438 1790 exprimantur
1451 1756 1576 1789 poenae
1593 1746 1729 1788 expulso
1747 1743 1918 1788 impositae
1936 1753 1953 1776 a

1215 1799 1375 1833 iudicibus
1402 1799 1434 1831 in
1459 1797 1621 1831 sententia
1647 1796 1862 1840 expulsionis.

1259 1863 1301 1886 1v.
1332 1851 1520 1885 Sententiae
1546 1851 1579 1883 in
1603 1850 1708 1884 causis
1730 1849 1953 1883 criminalibus

1216 1907 1374 1949 prolatae,
1405 1910 1437 1938 et
1460 1898 1545 1937 reis¹
1565 1903 1743 1941 intimatae,
1761 1913 1825 1936 non
1844 1902 1952 1935 statim

1216 1957 1397 1992 executioni
1419 1957 1633 1997 mandentur,
1656 1956 1732 2000 quin
1758 1955 1847 1999 prius
1874 1955 1954 1988 revi-

1216 2014 1364 2052 deantur,
1384 2016 1415 2044 et
1439 2011 1557 2044 iterum
1582 2010 1806 2043 examinentur
1827 2020 1952 2048 causae,

1216 2066 1242 2098 si
1260 2065 1306 2098 rei
1324 2064 1386 2108 ipsi
1404 2074 1480 2106 erga
1498 2063 1560 2096 hoc
1580 2062 1852 2105 supplicationem
1870 2063 1954 2096 fece-

1217 2119 1281 2151 rint
1306 2122 1338 2150 et
1362 2116 1531 2149 humiliter
1558 2114 1589 2148 id
1618 2115 1863 2158 postulaverint.

1260 2182 1289 2204 v.
1311 2170 1485 2213 Appellare
1510 2179 1527 2200 a
1552 2167 1762 2211 correptione
1789 2173 1821 2200 et
1844 2168 1955 2211 poeni-

1219 2224 1318 2258 tentia
1353 2222 1496 2266 regulari
1522 2222 1560 2254 ad
1586 2226 1762 2254 extremum
1792 2221 1952 2261 iudicem,

1218 2276 1420 2321 prohibitum
1445 2279 1492 2308 est
1514 2285 1574 2318 per
1593 2274 1694 2306 felicis
1716 2274 1953 2307 recordat-ionis

1217 2331 1340 2364 Sixtum
1364 2329 1395 2370 V,
1434 2327 1624 2370 Gregorium
1649 2327 1715 2359 Xlll
1750 2332 1781 2359 et
1809 2327 1955 2360 Clemen-

1219 2389 1282 2416 tem
1299 2382 1380 2423 vlll,
1406 2392 1514 2425 quare,
1537 2381 1562 2413 si
1584 2380 1656 2423 quis
1675 2381 1713 2412 al]
1735 2380 1790 2413 illa
1811 2381 1955 2423 appella-

1219 2436 1309 2476 verit,
1329 2445 1438 2469 severe
1457 2434 1612 2478 puniatur
1632 2434 1670 2467 ad
1693 2433 1861 2466 arbitrium
1877 2432 1951 2466 defi-

1218 2496 1341 2524 nitorn.

1254 2607 1263 2632 1
1288 2604 1357 2632 Edit.
1374 2604 1450 2632 Μαίη.
1469 2604 1534 2639 legit
1550 2604 1593 2631 rei
1608 2610 1646 2639 tn.
1663 2605 1712 2638 T.)-
