2279 3260
260 264 308 292 An.
326 265 355 292 c.
377 265 443 292 1670
489 255 529 290 72

453 314 538 356 regis
564 320 595 347 et
621 314 800 347 Mai-tannae
821 315 952 357 reginae
974 315 1105 348 nomine
1132 325 1190 356 per

454 366 605 400 dilectum
631 367 729 400 tilium
755 368 899 400 nobilem
924 367 1026 399 virum
1062 367 1190 398 moder-

453 419 763 461 n111n11nai·chionen1
774 419 813 452 de
824 417 1191 461 Astorga‚eiusde1nCa-

453 470 514 504 roli
540 471 625 513 regis
650 472 733 514 apud
759 482 817 503 nos
843 476 874 503 et
899 471 1015 503 Sedent
1036 469 1191 512 Apostoli-

454 534 523 557 cam
548 531 720 563 oratorem,
754 524 847 556 nobis
881 533 984 566 nuper
1009 522 1189 565 expositum

455 576 525 616 suit,
552 576 612 619 ipsi
637 576 768 609 Carolus
801 586 855 608 rex
889 580 919 606 ct
949 574 1111 607 Marianna
1141 584 1191 606 re-

456 630 540 671 gina,
560 640 618 672 pro
637 628 793 671 peculiari
808 638 920 660 eorum
938 627 1058 669 crgaB.
1076 626 1190 658 Rosam

456 682 650 725 praedictam
678 680 855 713 devotionis
880 679 1004 719 aflectu,
1026 690 1061 711 ac
1077 685 1111 711 ut
1128 679 1192 721 spi-

455 734 561 767 rituali
576 734 771 777 populorum
787 732 967 771 Americae,
987 732 1072 764 unde
1090 742 1190 763 novus

456 786 511 819 itte
526 787 582 819 ssos
597 786 774 818 Ecclesiam
789 784 973 817 universam
995 783 1082 816 suavi
1106 783 1192 816 Cliri-

456 839 494 871 sti
513 840 612 872 odore
636 848 788 870 recreans
816 836 946 880 prodiit,
976 836 1190 869 consolationi
1210 849 1212 877 j

456 897 552 935 atque
573 890 787 924 aedificationi
814 889 1012 932 peramplius
1041 890 1191 922 consula-

456 950 516 982 tur,
542 944 704 976 indultum
728 943 929 986 praedictum
960 947 1141 984 opportune
1173 952 1190 974 a

455 998 551 1031 nobis
576 996 703 1029 extendi
729 1001 759 1028 et
779 994 929 1037 ampliari
946 994 1118 1037 plurimum
1140 994 1191 1026 de-

456 1049 620 1082 siderent:
649 1058 718 1086 nes,
737 1046 911 1080 laudabilia
928 1046 1117 1079 eorumdem
1135 1045 1190 1079 Ca-

457 1102 518 1136 roli
536 1101 620 1144 regis
637 1107 669 1134 et
689 1101 870 1133 Mariannae
893 1096 1025 1142 reginae
1044 1110 1121 1142 erga
1138 1110 1189 1132 res

456 1165 561 1187 sacras
587 1154 691 1186 studia
718 1152 891 1195 plurimum
909 1152 941 1184 in
959 1152 1092 1184 Domino
1110 1162 1190 1184 coin-

455 1207 658 1245 niendantes,
673 1205 798 1248 piisque
816 1215 927 1237 corum
941 1205 1091 1248 precibus
1106 1204 1190 1236 savo-

454 1259 600 1293 rabiliter
613 1268 756 1291 annuere
770 1263 864 1301 pate²
889 1260 900 1276 ·“
919 1257 1116 1299 benignitate
1137 1267 1190 1288 cu-

455 1312 602 1355 pientes,
634 1316 667 1342 ut
701 1311 740 1343 de
772 1267 1079 1352 ceteffperpetuis
1107 1309 1190 1341 sutu-

454 1364 498 1396 ris
524 1363 723 1405 temporibus
755 1363 794 1394 ab
826 1361 976 1395 universo
1010 1363 1097 1394 clero
1126 1366 1188 1393 tam

455 1415 613 1449 saeculari
644 1426 737 1458 quain
756 1414 895 1456 regulari
914 1424 1189 1457 quatumcumque

454 1468 692 1511 provinciarum
718 1472 749 1499 et
765 1467 934 1508 regionum
966 1466 1132 1499 Americae
1160 1472 1191 1498 et

453 1521 617 1554 lndiarum
643 1521 728 1553 dieto
752 1520 867 1553 Carolo
888 1519 953 1561 regi
972 1519 1190 1551 subiectarum

453 1573 593 1606 officium
618 1579 649 1606 et
673 1572 771 1605 missa
796 1573 834 1605 de
868 1573 981 1605 eadem
1013 1572 1048 1604 B.
1083 1571 1187 1611 Rosa,

453 1629 580 1660 servata
605 1632 710 1658 tamen
728 1626 760 1657 in
776 1625 928 1657 omnibus
950 1630 981 1657 et
997 1635 1056 1667 per
1082 1623 1191 1657 onmia

454 1679 692 1722 praedictarum
702 1678 883 1710 litterarum
895 1682 1078 1710 nostrarum
1090 1677 1103 1708 Γ
1103 1679 1191 1709 orma

455 1737 487 1764 et
511 1731 732 1774 dispositione,
758 1729 888 1762 recitari
915 1735 946 1762 et
970 1729 1129 1762 celebrari
1147 1739 1192 1761 re-

456 1783 598 1827 spective
622 1783 779 1815 libere³et
803 1782 890 1815 licite
912 1782 1013 1825 possit
1031 1788 1062 1814 et
1079 1783 1189 1821 valeat,

457 1836 540 1869 dicta
571 1835 761 1868 auctoritate
777 1861 784 1874 ‚
810 1840 922 1867 tenore
948 1834 1191 1877 praesentium,

456 1888 663 1922 concedimus
688 1893 717 1920 et
735 1887 955 1929 indulgemus.
975 1886 1045 1919 Non
1061 1887 1193 1920 obstan-

457 1940 541 1973 tibus
565 1940 715 1973 omnibus
742 1945 774 1972 et
801 1939 938 1981 singulis
965 1939 1040 1979 illis,
1060 1938 1192 1982 quaein

457 1993 580 2026 eisdem
606 1992 719 2025 litteris
738 1991 858 2024 nostris
880 1991 1035 2024 voluimus
1054 2002 1119 2024 non
1136 1992 1193 2024 ob-

457 2051 542 2078 stare
558 2072 565 2084 ‚
590 2044 772 2087 ceterisque
798 2043 967 2076 contrariis
992 2044 1193 2087 quibuscum-

458 2109 533 2142 que.
559 2097 711 2130 Volumus
744 2102 849 2129 autem
875 2102 911 2128 ut
942 2097 1020 2139 ipsis
1044 2107 1193 2139 praescn-

458 2152 537 2185 tium
561 2151 738 2184 litterarum
763 2149 984 2192 transumptis,
1012 2160 1067 2181 seu
1088 2160 1194 2182 exeni-

458 2205 542 2249 plis,
573 2203 669 2236 etiam
704 2201 896 2245 impressis,
930 2212 1025 2233 manu
1058 2202 1194 2235 alicuius

459 2256 577 2291 notarii
613 2255 733 2298 publici
768 2254 983 2297 subscriptis,
1022 2260 1053 2287 et
1087 2255 1194 2298 sigillo

459 2319 617 2354 personae
641 2309 674 2341 in
700 2307 917 2341 ecclesiastica
941 2307 1095 2349 dignitate
1120 2319 1195 2341 con·
1215 2311 1216 2314 ’

459 2363 572 2395 titutae
599 2361 737 2401 munitis,
763 2361 878 2394 eadem
902 2371 1033 2404 prorsus
1054 2360 1135 2394 fides
1156 2362 1194 2394 ab

459 2415 609 2449 omnibus
634 2420 666 2447 et
681 2414 801 2457 ubique
819 2419 881 2446 tam
899 2414 930 2446 in
948 2414 1068 2447 iudicio
1099 2425 1194 2457 quam

460 2473 549 2501 extra
573 2467 651 2500 illud
676 2467 847 2507 habeatur,
867 2478 949 2510 (piae
967 2467 1089 2500 eisdem
1106 2479 1194 2511 prac-

460 2521 604 2553 sentibus
637 2520 815 2552 haberetur
840 2519 865 2552 si
895 2520 1001 2552 forent
1030 2517 1217 2553 exhibitae

460 2575 512 2607 vel
536 2578 698 2606 ostensae.

1034 266 1212 291 nt'LLAnit'M
1238 266 1388 291 ROMANI'M

1232 314 1331 340 annoto
1349 314 1501 346 Pis-tatoris,
1518 314 1562 341 die
1577 321 1621 341 xiv
1636 315 1797 351 septembris
1817 321 1962 349 nochum,

1233 357 1400 392 pontificatus
1421 358 1504 384 nostri
1523 367 1592 385 auno
1613 366 1630 385 1.

1276 419 1292 459 ἕ
1317 418 1347 450 *2.
1386 418 1463 451 Cum
1498 424 1623 461 autem,
1661 420 1742 453 sicut
1780 419 1965 463 praedictus

1210 486 1212 493 v
1233 470 1378 503 marcliio
1404 471 1443 503 de
1471 471 1617 513 Astorga,
1644 473 1720 505 dicti
1743 472 1847 506 Caroli
1881 471 1967 514 regis

1209 499 1355 572 ipariter
1380 522 1465 564 apud
1495 533 1553 555 nos
1596 529 1628 556 et
1658 524 1773 557 Sedem
1804 523 1968 567 Apostoli-

1211 575 1213 591 '
1233 584 1300 605 cam
1314 579 1431 614 orator,
1447 581 1700 608 memoratorum
1714 575 1817 609 Caroli
1839 575 1923 618 regis
1937 580 1969 608 et

1233 625 1415 658 Mariannae
1440 626 1571 668 reginae
1596 627 1709 660 viduae
1728 627 1858 661 nomine
1873 627 1969 661 nobis

1233 688 1338 720 nuper
1362 678 1479 720 exponi
1506 678 1591 719 fecit,
1617 679 1782 722 praedicta
1813 679 1899 712 Rosa
1929 679 1969 713 de

1211 722 1213 780 ᾗ
1233 729 1262 761 S.
1280 729 1386 769 Maria,
1401 730 1462 762 iam
1479 730 1622 763 omnium
1635 731 1755 774 ubique
1772 732 1968 774 populorum

1232 782 1371 814 solemni
1397 783 1512 825 plausu
1546 783 1751 816 devotissime
1785 784 1966 825 honorata,

1232 840 1405 877 utrumque
1435 840 1497 867 tam
1541 840 1682 868 veterem
1718 846 1815 879 quam
1851 846 1968 869 novum

1232 887 1344 919 orbem
1370 887 1417 919 sui
1442 887 1551 920 odoris
1570 888 1744 930 fragrantia
1763 888 1797 920 in
1818 887 1886 920 dies
1902 898 1968 920 ma-

1232 940 1279 981 gis
1293 939 1458 982 magisque
1486 940 1628 983 impleat,
1656 940 1852 983 cupiantque
1876 950 1968 983 prop-

1233 997 1318 1024 terea
1343 991 1418 1024 dicti
1444 991 1576 1025 Carolus
1602 1003 1656 1025 rex
1683 998 1713 1024 et
1739 992 1903 1025 Marianna
1916 1003 1969 1025 re-

1231 1043 1313 1085 gina,
1338 1054 1398 1086 pro
1423 1044 1579 1086 singulari
1597 1055 1711 1077 eorum
1726 1055 1803 1087 erga
1820 1045 1966 1078 eamdem

1233 1098 1265 1129 B.
1293 1096 1407 1129 Rosam
1434 1097 1618 1137 devotione,
1642 1097 1804 1130 indultum
1828 1108 1846 1130 a
1876 1108 1968 1140 prae-

1231 1150 1316 1182 dicto
1342 1150 1593 1192 praedecessore
1619 1160 1679 1193 per
1698 1150 1821 1183 litteras
1837 1150 1968 1193 praein-

1230 1208 1331 1235 scrtas
1355 1213 1544 1235 concessum
1570 1203 1608 1235 ad
1634 1203 1867 1236 confovendam
1894 1213 1968 1246 pro-

1230 1256 1489 1298 movendumque
1514 1255 1659 1289 fidelium
1674 1256 1830 1299 pietatem
1848 1265 1968 1298 oppor-

1232 1314 1306 1341 tune
1331 1319 1348 1341 a
1372 1308 1465 1340 nobis
1491 1309 1620 1341 extendi
1646 1314 1677 1341 et
1701 1308 1871 1351 ampliari:
1893 1318 1965 1348 nos,

1210 1379 1212 1391 .
1231 1361 1331 1393 enixis
1348 1360 1539 1404 devotisque
1558 1361 1748 1393 eorumdem
1763 1360 1868 1394 Caroli
1882 1359 1967 1402 regis

1232 1419 1262 1446 ct
1285 1413 1467 1446 Mariannae
1486 1413 1617 1455 reginae
1635 1414 1787 1456 precibus
1804 1413 1898 1446 nobis
1917 1423 1968 1445 su-

1231 1476 1289 1509 per
1316 1466 1376 1498 boc
1401 1466 1569 1498 humiliter
1593 1465 1749 1508 porrectis
1766 1468 1902 1509 paterna
1918 1465 1970 1499 be-

1211 1519 1387 1561 ,nignitate
1414 1524 1606 1559 annuentes,
1632 1530 1668 1552 ac
1695 1519 1864 1551 memorati
1899 1518 1968 1552 Cle-

1210 1571 1349 1612 fmentis
1380 1572 1641 1614 praedecessoris
1677 1571 1822 1614 vestigiis
1858 1571 1970 1604 inhae-

1232 1630 1361 1664 rentes,
1386 1629 1420 1656 ut
1445 1625 1483 1657 de
1510 1629 1618 1657 cetero
1654 1623 1818 1667 perpetuis
1854 1623 1970 1656 suturis

1232 1677 1432 1719 temporibus
1459 1677 1497 1709 ab
1523 1677 1675 1710 universo
1701 1678 1789 1710 clero
1815 1682 1878 1709 tarn
1902 1687 1970 1709 sae-

1233 1730 1332 1762 culari
1368 1740 1462 1773 quam
1494 1730 1635 1772 regulari
1660 1730 1829 1772 utriusque
1854 1738 1970 1770 sexus,

1211 1795 1212 1799 ¹
1233 1793 1291 1825 per
1314 1792 1425 1815 omnes
1446 1782 1643 1825 provincias,
1662 1793 1770 1824 regna,
1789 1787 1902 1822 status,
1921 1792 1971 1814 re-

1234 1835 1344 1877 giones
1370 1839 1401 1866 et
1425 1834 1568 1867 dominia
1592 1834 1696 1867 ubivis
1712 1835 1858 1867 locorum
1877 1834 1971 1866 dictis

1234 1887 1348 1920 Carolo
1372 1887 1439 1929 regi
1465 1892 1497 1919 ct
1521 1887 1714 1919 charissimo
1740 1886 1772 1918 111
1789 1885 1918 1919 Christo
1934 1885 1972 1917 fi-

1234 1939 1277 1972 lio
1302 1944 1413 1972 nostro
1448 1939 1613 1982 Leopoldo
1650 1939 1867 1976 Romanorum
1901 1939 1970 1981 regi

1213 2025 1214 2028 ,
1234 1992 1352 2025 illustri
1371 1992 1403 2024 in
1428 1992 1656 2035 imperatorem
1675 1993 1778 2024 electo
1796 1991 1971 2034 domuique

1212 2083 1214 2087 ¹
1235 2045 1421 2078 Austriacae
1440 2045 1592 2085 subiecta,
1608 2044 1751 2077 officium
1773 2049 1804 2077 et
1821 2044 1917 2076 missa
1931 2045 1971 2077 de

1235 2099 1413 2131 memorata
1437 2097 1470 2129 Β.
1492 2097 1575 2130 Rosa
1592 2097 1716 2140 virgine
1734 2096 1866 2129 Limana
1882 2096 1974 2129 Ordi-

1235 2151 1284 2183 nis
1310 2151 1410 2183 sancti
1434 2149 1592 2182 Dominiei
1617 2149 1802 2192 quotannis,
1827 2148 1877 2182 die
1900 2159 1972 2182 xxw

1236 2204 1371 2247 augusti,
1397 2204 1456 2236 sub
1481 2204 1544 2235 ritu
1571 2203 1702 2247 duplici,
1723 2204 1809 2235 iuxta
1826 2202 1972 2235 rubricas

1236 2256 1389 2289 breviarii
1414 2262 1446 2289 et
1469 2256 1610 2289 missalis
1627 2255 1763 2296 romani,
1791 2255 1921 2288 recitari
1941 2259 1972 2287 et

1236 2309 1394 2343 celebrari
1419 2309 1597 2352 respective
1617 2308 1719 2341 libere
1744 2308 1866 2351 pariter
1889 2312 1921 2341 et
1936 2307 1973 2340 li-

1237 2362 1298 2395 cite
1314 2363 1430 2402 valeat,
1453 2362 1643 2394 auctoritate
1664 2360 1839 2405 praedicta,
1858 2366 1972 2393 tenore

1236 2415 1479 2459 praesentium,
1512 2414 1722 2447 concedimus
1758 2413 1907 2446 similiter
1942 2418 1974 2446 et

1215 2463 1217 2513 1
1237 2468 1455 2509 indulgemus.

1280 2520 1342 2563 §4
1362 2519 1432 2552 Non
1458 2519 1660 2552 obstantibus
1686 2518 1973 2552 constitutionibus

1237 2573 1537 2607 etordinationibus
1547 2572 1744 2617 apostolicis,
1761 2582 1888 2605 necnon
1906 2582 1975 2604 oin-

494 2635 592 2664 Datum
612 2634 710 2662 Romae
730 2633 801 2673 apud
819 2634 845 2662 S.
866 2634 975 2662 Mariam
991 2634 1128 2669 Maiorem,
1145 2635 1193 2663 suh
1236 2627 1329 2660 ilibus
1355 2632 1387 2659 ct
1410 2625 1546 2669 singulis
1573 2625 1645 2666 illis,
1672 2635 1754 2670 quae
1780 2624 1884 2659 dictus
1903 2623 1975 2661 Cle-

1976 267 2025 293 Α11.
2043 267 2069 294 C.
2091 267 2164 294 {²⁶70

2014 433 2112 454 teitan-to
2135 433 2164 454 (lo

1979 465 2021 485 qua
2033 465 2053 479 in
2069 460 2163 481 rubrica.

2050 2523 2170 2549 norogauo

1984 2551 2146 2573 contrariorum.
