2279 3260
139 275 190 304 An.
211 276 240 302 C.
259 276 322 303 ¹671

159 2174 230 2194 Altera
245 2174 317 2195 decla-

131 2204 194 2221 ratio.

954 277 1095 301 CLEMENS
1119 278 1136 301 X
1160 279 1208 301 Pr.

329 324 510 357 decessoris
545 324 661 356 litteris
697 324 858 356 liabentur
894 325 1064 367 sequentia

330 378 441 409 verba:
457 376 689 409 «Concordiam
704 381 809 408 autem
825 376 1062 419 1›=·zwins‹=1·tam

329 429 520 462 auctoritate
545 434 577 461 et
601 434 714 461 tenore
748 429 922 471 praedictis
947 440 1065 472 appro-

328 482 441 514 bamus
466 486 498 514 et
521 481 749 514 confirmamus
780 482 839 513 sub
871 482 931 514 hac
956 482 1065 514 mode-

330 533 455 566 ratione
487 539 521 565 ut
552 544 664 569 omncs
691 533 864 575 dignitates
890 534 1065 566 abbatiales

329 592 360 618 et
383 585 490 619 omnia
515 585 619 618 officia
652 591 714 618 tani
746 585 830 618 intra
856 597 951 629 quam
977 590 1065 618 extra

328 639 503 681 capitulum
523 639 687 680 generale,
708 649 725 670 a
743 639 955 671 reformatore
974 648 1065 680 geno-

328 691 386 723 rali
405 691 508 723 dictae
523 691 790 733 Congregatiouis
805 691 942 723 conserri
961 690 1063 729 solita,

329 743 561 776 distribuantur
595 743 627 775 in
665 743 791 786 aequali
824 743 1001 786 quantitate
1034 747 1066 775 et

329 795 483 838 qualitate
510 796 670 838 religiosis
689 806 725 828 ex
751 799 888 839 utraque
913 801 1004 839 parte
1029 800 1065 827 ut

328 859 425 891 supra
449 848 551 880 divisa
575 848 733 889 oriundis,
765 848 842 880 itaut
871 848 897 880 si
923 848 987 880 sint
1010 857 1065 879 vo-

329 902 415 934 cales
441 901 474 933 in
499 911 633 933 numero
660 900 749 944 pari,
777 905 823 933 tot
848 900 912 932 sint
938 911 975 933 ex
1002 900 1065 931 una

328 959 420 996 parte
442 959 519 996 quot
537 963 573 985 ex
592 952 654 985 alia
672 963 702 984 »t
722 952 911 985 auctoritate
936 957 1066 995 aposto-

328 1005 388 1038 lica
414 1010 526 1037 tenore
546 1004 769 1047 praesentium
794 1005 994 1037 declaramus
1018 1009 1065 1036 at-

329 1068 390 1101 que
426 1057 630 1090 decernimus
666 1057 867 1099 praeinserta
901 1057 1002 1089 verba·
1023 1057 1065 1088 ita

328 1121 398 1143 esse
423 1110 462 1142 ab
487 1109 639 1142 omnibus
661 1110 873 1151 intelligenda
899 1115 930 1142 et
954 1111 1066 1142 obser-

327 1163 431 1195 vanda
448 1168 482 1194 ut
500 1162 608 1195 omnia
634 1161 737 1194 oss'icia
763 1161 964 1204 capitularia,
991 1172 1065 1204 quo-

328 1225 397 1247 rum
410 1215 585 1247 electiones
596 1215 804 1246 celebrantur
818 1214 964 1257 quolibet
974 1215 1066 1247 trien-

328 1267 390 1307 nio,
410 1266 475 1299 sive
496 1266 581 1299 intra
606 1266 670 1299 sive
697 1271 786 1299 extra
812 1266 986 1309 capitulum
1013 1277 1066 1309 ge-

327 1320 449 1358 nerale,
477 1319 713 1352 distribuantur
733 1319 912 1362 aequaliter
936 1319 1066 1361 religio-

327 1372 371 1404 sis
396 1371 543 1404 oriundis
577 1382 614 1404 ex
642 1371 736 1404 terris
768 1373 853 1404 ultra
888 1378 1011 1404 montes
1036 1377 1067 1404 et

327 1425 407 1458 citra
422 1425 604 1468 praedictos
622 1430 749 1457 montes
763 1425 843 1464 sitis,
858 1425 967 1458 taliter
980 1425 1065 1468 quod

326 1478 351 1510 si
378 1478 546 1521 praedicta
570 1478 674 1510 ossicia
699 1478 905 1521 capitularia,
928 1489 1066 1521 quorum

328 1531 506 1563 electiones
524 1530 671 1574 quolibet
690 1531 829 1563 triennio
848 1531 1064 1570 celebrantur,

327 1583 390 1615 sint
406 1583 510 1626 paria,
533 1589 581 1616 tot
602 1583 743 1616 habeant
760 1583 911 1616 monachi
938 1584 1066 1617 oriundi

329 1647 366 1668 ex
382 1636 476 1668 terris
490 1637 575 1668 ultra
588 1641 723 1676 montes,
733 1636 923 1668 etmonaehi
936 1637 1065 1669 oriundi

329 1699 365 1722 ex
391 1689 486 1721 terris
511 1689 591 1721 citra
614 1695 740 1721 montes
759 1689 845 1729 sitis,
864 1689 946 1722 idest
962 1690 1066 1722 ossicia

329 1741 536 1774 definitorum
554 1747 585 1775 et
601 1747 848 1786 procuratorum
870 1743 987 1775 habeat
1004 1754 1066 1775 una

329 1800 361 1827 et
385 1793 467 1834 alia;
495 1804 531 1826 ex
559 1794 653 1826 terris
672 1794 741 1826 sitis
767 1795 851 1827 ultra
875 1800 1002 1827 montes
1026 1795 1067 1827 sit

327 1857 410 1879 unus
432 1846 577 1879 visitator
602 1847 764 1889 generalis
782 1853 813 1879 et
831 1858 914 1879 unus
939 1849 1067 1890 supple-

328 1905 391 1939 tor;
411 1899 494 1931 alius
509 1899 653 1932 visitator
670 1900 831 1941 generalis
849 1905 881 1933 et
898 1900 979 1933 alius
997 1906 1067 1944 sup-

326 1953 435 1996 pletor
454 1962 490 1984 ex
513 1952 608 1985 terris
626 1952 693 1984 sitis
715 1952 794 1984 citra
814 1958 958 1993 inontes;
978 1958 1017 1993 et,
1039 1955 1065 1986 si

328 2009 500 2048 promotor
534 2005 652 2037 fiscalis
686 2006 726 2037 sit
751 2016 786 2038 ex
813 2008 875 2037 una
905 2011 996 2049 parte
1021 2007 1067 2039 sic

328 2057 442 2098 divisa,
464 2057 658 2090 secretarius
684 2058 814 2101 capituli
840 2059 1000 2102 generalis
1025 2060 1068 2093 sit

328 2121 364 2143 ex
390 2111 463 2144 alia.

371 2164 386 2207 g
412 2162 443 2196 3.
463 2163 648 2204 Praeterea,
668 2164 742 2208 quia
759 2165 790 2197 in
809 2147 973 2208 praedisffa
990 2165 1066 2199 slon-

328 2216 518 2259 gregatione
543 2221 617 2250 sunt
654 2218 786 2260 triginta
818 2224 892 2251 octo
917 2220 1064 2253 abbatiae

327 2270 545 2312 capitulares,
573 2281 709 2313 quarum
740 2272 865 2315 aliquae
891 2274 1066 2305 conserun-

328 2327 380 2354 tur
395 2333 455 2365 per
474 2323 667 2356 electionem
687 2324 800 2357 factam
821 2337 837 2357 a
855 2326 996 2368 generali
1018 2337 1065 2359 re-

327 2376 502 2408 formatore
528 2381 559 2408 et
583 2376 808 2410 definitoribus
824 2405 831 2418 ‚
859 2384 894 2410 ut
921 2379 1065 2412 Salman-

329 2428 468 2468 ticensis,
490 2428 684 2463 Matritensis
697 2436 728 2463 et
749 2431 1000 2475 Cmnplutensis,
1014 2443 1064 2465 ce-

327 2487 413 2513 terae
429 2481 524 2514 aliae¹
540 2492 598 2525 per
612 2483 866 2517 nominationem
881 2485 1063 2528 aliquorum

327 2535 561 2567 monachorum
597 2546 656 2578 pro
688 2537 834 2579 quolibet
867 2538 1062 2571 monasterio

326 2588 443 2620 factam
468 2598 485 2620 a
510 2588 682 2631 praedictis
701 2590 844 2632 generali
863 2596 895 2623 et
915 2591 1063 2624 definito-

364 2651 372 2675 1
396 2648 466 2676 Edit.
484 2649 561 2676 Main.
578 2650 643 2685 legit
657 2654 750 2677 cetera
765 2652 825 2677 alia
839 2653 876 2685 (R.
895 2653 944 2686 T.).

433 2704 508 2732 Ball.
526 2705 605 2733 Rom.
622 2720 657 2725 —
676 2706 734 2732 Vol.
752 2707 856 2735 XVIII.
1001 2709 1032 2736 21

1739 273 1795 305 161

1106 324 1192 356 ribus
1217 330 1248 357 ct
1267 335 1326 368 per
1343 326 1532 358 electionem
1553 322 1836 369 uionastei·iorum,

1106 382 1140 408 ut
1160 377 1299 409 strictius
1326 383 1474 410 serretur
1499 380 1674 420 aequalitas
1694 380 1724 411 iu
1744 392 1840 423 quau-

1107 429 1196 461 titatc
1223 430 1430 473 etqualitate
1463 441 1558 472 quain
1593 431 1623 463 in
1656 433 1840 464 nuanoratis

1106 482 1223 515 litteris
1249 482 1392 515 decrevit
1427 483 1511 515 idem
1536 483 1682 516 Clemens
1710 486 1844 527 praede-

1104 543 1226 575 cessor,
1246 535 1445 568 declaramus
1458 546 1494 569 ex
1509 536 1681 579 praedictis
1700 537 1845 578 triginta-

1106 593 1177 621 octo
1202 589 1352 630 abbatiis,
1378 590 1416 621 ad
1441 589 1664 622 novemdecim
1698 590 1842 622 abbatias

1107 642 1341 683 promovendos
1378 651 1448 674 esse
1485 642 1663 674 monachos
1688 642 1843 674 oriundos

1108 703 1144 724 ex
1170 693 1261 725 terris
1286 694 1354 726 sitis
1380 695 1463 726 ultra
1488 699 1627 733 monte&
1649 699 1680 726 et
1701 695 1738 726 ad
1765 694 1843 726 alias

1107 745 1329 777 novemdecim
1347 746 1524 778 monachos
1548 746 1701 778 oriundos
1723 756 1758 778 ex
1782 751 1844 778 ter-

1106 796 1150 828 ris
1175 797 1254 829 citra
1278 802 1402 830 montes
1427 803 1624 830 memoratos
1648 798 1728 830 sitis.

1150 850 1165 892 ἓ
1182 849 1212 881 4.
1232 849 1365 889 Rursus,
1381 855 1416 881 ut
1431 849 1463 882 in
1479 851 1623 893 qualibet
1640 850 1841 883 abbatiarum

1107 960 1172 986 ctas
1197 954 1403 997 trigintaocto
1429 955 1572 999 abbatias
1589 956 1781 999 capitulares
1798 956 1844 989 di-

1107 1007 1261 1040 videndas
1276 1018 1346 1040 esse
1365 1008 1398 1040 iu
1417 1014 1479 1040 tres
1495 1010 1630 1041 classes:
1646 1009 1751 1041 Prima
1765 1010 1845 1041 clas-

1108 1060 1150 1093 sis
1176 1061 1216 1092 sit
1240 1061 1440 1093 abbatiarum
1466 1062 1697 1104 collegiorum,
1727 1062 1848 1115 artiuig

1108 1118 1140 1146 et
1166 1114 1365 1156 theologiae,
1392 1125 1473 1157 quae
1499 1120 1572 1146 sunt
1596 1125 1671 1155 sex,
1697 1114 1846 1147 videlicet

1108 1166 1235 1200 abbatia
1268 1167 1534 1200 Salmanticensis
1549 1194 1556 1208 ,
1583 1167 1820 1211 Complutensis
1834 1195 1841 1208 ,

1108 1219 1313 1260 Matritensis,
1332 1220 1447 1252 Montis
1466 1220 1642 1260 Romemis,
1662 1221 1845 1253 Bellomou-

1110 1273 1218 1313 tensis,
1245 1278 1276 1305 et
1299 1273 1330 1305 S.
1358 1273 1483 1305 Martini
1517 1273 1556 1305 de
1588 1273 1788 1313 Castaneda,
1813 1279 1845 1306 et

1109 1326 1195 1369 quod
1212 1326 1250 1358 ad
1271 1332 1334 1358 tres
1358 1326 1504 1358 abbatias
1522 1336 1556 1359 ex
1576 1326 1751 1369 praedictis
1769 1338 1845 1370 pro-

1110 1385 1299 1412 moveantur
1334 1380 1486 1412 monachi
1519 1379 1645 1412 oriundi
1679 1390 1713 1411 ex
1750 1380 1845 1412 terris

1109 1432 1192 1464 ultra
1216 1437 1352 1472 montes,
1383 1437 1414 1465 et
1438 1432 1477 1466 ad
1502 1432 1580 1465 alias
1607 1438 1669 1464 tres
1695 1432 1844 1465 monachi

1109 1484 1236 1517 oriundi
1264 1496 1298 1517 ex
1326 1485 1420 1517 terris
1446 1485 1526 1518 citra
1552 1491 1678 1518 montes
1704 1484 1785 1518 sitis:

1153 1538 1167 1580 ἓ
1184 1537 1215 1570 5.
1235 1537 1383 1570 Secunda
1401 1538 1512 1571 classis
1533 1538 1733 1570 abbatiarum
1760 1549 1842 1581 quae
1864 1551 1951 1580 ,Quoad
1968 1550 2036 1570 abba-

1110 1596 1337 1633 nuncupantur
1356 1591 1517 1630 matrices,
1540 1592 1604 1623 sive
1630 1580 2037 1624 monasterio-33{1>'1¹32”I.⁰⁰³¹⁶³

1110 1654 1178 1676 rum
1211 1643 1242 1675 in
1270 1644 1387 1687 quibus
1418 1644 1620 1687 recipiuntur
1652 1645 1844 1677 educantur-

1110 1707 1171 1739 que
1196 1696 1324 1737 novitii,
1351 1702 1382 1729 et
1406 1697 1557 1729 emittunt
1580 1697 1821 1739 professionem
1837 1723 1844 1736 ,

1110 1754 1140 1781 et
1165 1749 1263 1792 quod,
1289 1749 1314 1781 si
1341 1749 1526 1792 praedictae
1554 1749 1699 1782 abbatiae
1726 1749 1846 1781 suerint

1109 1813 1215 1845 pares,
1240 1807 1283 1835 tot
1311 1803 1426 1835 dentur
1450 1802 1618 1835 monachis
1645 1802 1792 1835 oriundis
1809 1814 1845 1835 ex

1108 1856 1171 1887 una
1200 1857 1284 1887 terra
1303 1861 1337 1887 ut
1357 1866 1454 1898 supra
1476 1855 1583 1895 divisa,
1603 1860 1681 1898 quot
1698 1855 1845 1888 oriundis

1109 1918 1144 1940 ex
1171 1907 1253 1948 alia;
1281 1908 1308 1939 si
1333 1918 1408 1940 vcro
1435 1908 1554 1940 suerint
1578 1908 1610 1940 iu
1636 1918 1771 1940 numero
1793 1908 1846 1940 im-

1109 1960 1189 2004 pari,
1210 1971 1272 1993 una
1289 1961 1428 2001 abbatia,
1446 1961 1478 1993 in
1496 1972 1559 2004 qua
1583 1971 1665 1993 unus
1690 1972 1843 1993 numerus

1109 2013 1206 2045 alium
1232 2014 1382 2052 excedat,
1409 2014 1447 2046 ad
1473 2013 1597 2046 libitum
1624 2014 1784 2056 generalis
1814 2019 1846 2046 et

1109 2064 1316 2098 definitorum
1342 2066 1441 2108 possit
1465 2066 1606 2099 conferri
1636 2066 1702 2099 sive
1736 2077 1844 2098 mona-

1109 2118 1171 2150 clio
1197 2117 1335 2150 oriundo
1362 2129 1398 2151 ex
1424 2121 1488 2150 una
1513 2120 1597 2151 terra
1617 2119 1680 2151 sive
1706 2129 1743 2151 ex
1769 2120 1840 2159 alia,

1109 2171 1281 2203 dummodo
1301 2171 1421 2204 babeat
1438 2172 1608 2214 qualitates
1626 2171 1711 2204 iuxta
1729 2178 1843 2205 statuta

1108 2223 1373 2267 Congregationis
1397 2224 1581 2267 requisitas,
1608 2225 1651 2257 ita
1676 2230 1783 2257 talueu
1808 2230 1843 2257 ut

1107 2276 1133 2308 si
1156 2277 1219 2308 una
1235 2276 1302 2309 vice
1321 2276 1507 2309 conseratur
1525 2277 1685 2309 monacho
1704 2277 1842 2309 oriundo

1085 2365 1087 2369 .
1108 2339 1144 2361 ex
1170 2330 1255 2361 terra
1280 2330 1364 2361 ultra
1389 2334 1534 2369 montes,
1556 2329 1616 2362 alia
1643 2329 1709 2362 vice
1735 2331 1844 2362 conse-

1108 2387 1195 2414 ratur
1221 2383 1381 2415 monacho
1418 2382 1557 2415 oriundo
1585 2393 1622 2415 ex
1655 2384 1738 2415 terra
1764 2383 1844 2414 citra

1106 2439 1244 2476 montes,
1271 2440 1302 2468 et
1327 2446 1342 2467 e
1369 2440 1482 2468 contra
1508 2435 1531 2467 si
1558 2438 1621 2467 una
1646 2436 1711 2467 viee
1737 2436 1844 2468 conse-

1106 2494 1194 2520 ratur
1219 2489 1380 2521 monacho
1417 2488 1555 2521 oriundo
1582 2500 1619 2520 ex
1646 2491 1730 2521 terra
1763 2489 1843 2521 citra

1106 2547 1251 2582 montes,
1277 2543 1338 2575 alia
1372 2542 1439 2575 vice
1470 2542 1655 2575 conferatur
1679 2542 1840 2574 monacho

1105 2594 1243 2628 oriundo
1269 2605 1305 2627 ex
1338 2596 1422 2628 terra
1453 2595 1536 2627 ultra
1569 2599 1711 2635 montes,
1738 2600 1769 2627 et
1792 2594 1839 2628 sic

1106 2647 1259 2690 deinceps
1285 2647 1419 2680 alternis
1443 2646 1578 2680 vicibus.

1846 283 1895 309 An.
1917 283 1944 309 C.
1961 283 2024 309 itm

1906 866 1979 890 Quoad
2000 872 2034 886 <ox

1852 894 1951 913 abbatias
1977 894 2033 913 [liwi-

1107 908 1254 934 servetur
1279 903 1464 945 aequalitas,
1492 904 1691 936 declaramus
1715 904 1930 946 1111·.¹tedi-1.<‚g.,-‚0,
