2279 3260
425 216 487 249 490

387 273 480 306 dictis
521 273 709 305 eorumdem
754 271 965 305 cardinalium
1005 271 1123 304 litteris

385 325 517 359 uberius
538 325 633 357 etiam
659 324 853 357 continetur.

231 391 324 438 rol-mm
340 392 376 410 nn-
431 379 446 421 ς
470 378 500 410 li.
527 377 604 411 Cum
629 383 746 417 autem,
762 376 841 409 sicut
867 375 1056 418 accepimus,
1076 374 1122 405 di-

193 425 237 439 ΙῚΙΙῙΙ
264 423 312 438 lanc
326 422 376 437 (311²

194 451 237 489 2⁰¹¹*
264 445 376 489 amoliri&
388 432 428 465 cti
453 430 632 464 cardinales
664 430 703 462 ad
737 429 817 462 alios
849 434 936 460 aetus
969 427 1001 459 in
1027 427 1122 459 eausa

194 225 240 252 An.
258 225 287 253 C.
313 225 377 252 tou

209 511 212 516 .
301 483 552 527 ..qum-praedicta
577 481 712 514 subinde
739 479 944 518 devenerint,
971 489 1006 510 ac
1032 488 1122 520 prac-

195 526 285 572 lssff'fl'ua
304 527 376 568 fitemini
389 536 508 569 dictum
533 535 770 567 Emmanuelem
789 543 804 564 e
823 531 1004 564 carceribus
1030 541 1122 573 prac-

193 573 377 629 23⁸³Si¹f³ssssii¹iia²d
390 588 492 627 dictis,
510 586 664 631 praestita
679 591 783 618 tamen
802 594 859 627 per
873 594 945 615 cum
963 582 1120 623 cantione,

193 627 454 677 gi‘issssiifliii'wiii-sive
479 638 692 677 satisdatione,
714 638 752 670 de
773 648 806 669 se
825 637 856 669 in
875 636 991 668 iisdem
1016 646 1122 668 ‹xirco—

199 679 238 699 h¹³'
389 693 488 732 ribus,
505 692 775 735 quandocumque
802 689 879 732 ipsis
906 688 1122 721 cardinalibus

388 746 542 788 placeret,
567 754 623 775 seu
649 743 737 782 alias,
765 741 1050 784 repraesentando,
1078 740 1123 773 di-

388 797 546 836 miserint,
566 795 699 839 ipseque
715 795 901 827 Emmanuel
916 793 1123 837 postmodum

388 850 420 882 in
445 848 652 887 Lusitaniam,
670 858 726 879 seu
753 847 791 879 ad
817 846 896 879 alias
917 850 1023 888 partes
1049 855 1123 888 pro-

388 908 459 946 pter
483 901 613 944 negotia
648 911 704 932 sna
728 900 891 943 profectus
923 899 984 938 sit,
1014 898 1122 941 ibique

389 956 426 988 de
452 954 581 987 licentia
606 953 793 986 eorumdem
823 951 1033 984 cardinalium
1059 961 1125 983 nio-

388 1014 477 1041 rctur
501 1008 540 1040 de
566 1006 747 1050 praesenti:
774 1005 850 1037 binc
874 1010 921 1037 est
945 1005 1031 1047 quod
1055 1014 1123 1045 nos,

389 1062 535 1095 camdem
567 1069 695 1092 causam
729 1070 745 1090 a
771 1058 946 1090 memorata
978 1057 1125 1089 cardina-

390 1115 466 1147 lium
492 1112 749 1155 Congregatione
776 1110 909 1143 omnino
935 1110 1049 1151 audiri,
1072 1110 1126 1142 de-

389 1166 464 1205 cidi,
486 1165 614 1207 fineque
639 1163 748 1196 debito
773 1162 940 1195 terminari
965 1163 1123 1201 volentes,

389 1229 423 1251 ac
445 1228 569 1250 causam
589 1227 644 1249 seu
665 1226 776 1248 causas
797 1214 984 1247 huiusmodi
1002 1225 1018 1246 a
1036 1225 1125 1257 prae-

390 1270 481 1303 dictis
512 1267 755 1312 l'lysstoucnsi
785 1272 815 1300 et
839 1266 1009 1299 Elborensi
1042 1266 1126 1298 aliis-

390 1333 451 1366 que
477 1320 640 1365 quibusvis
665 1319 879 1352 tribunalibus
897 1318 995 1350 Officii
1021 1317 1126 1360 Inqui-

390 1374 516 1407 sitionis
548 1372 731 1405 baereticae
769 1371 933 1414 pravitatis
958 1370 991 1402 in
1016 1370 1126 1402 Portu-

390 1427 505 1470 galliae
520 1431 551 1459 et
565 1425 790 1468 Algarbiorum
810 1424 919 1465 reguis
937 1423 1124 1456 auctoritate

390 1479 568 1524 apostolica
581 1478 735 1511 institutis
751 1477 788 1509 ad
804 1487 861 1509 nos
885 1482 915 1508 et
928 1476 1125 1520 praedictam

391 1533 602 1567 cardinalium
625 1530 914 1573 Congrcgationem
939 1530 1053 1562 harum
1077 1540 1126 1562 se-

390 1586 448 1627 rie,
467 1591 625 1629 quatenus
643 1595 724 1628 opus
742 1584 792 1624 sit,
808 1584 922 1616 iterum
949 1588 1125 1622 avocantes,

391 1644 479 1672 motu
505 1638 661 1682 proprio,
689 1647 723 1669 ac
753 1647 790 1669 ex
822 1639 907 1669 certa
938 1636 1071 1669 seientia
1096 1642 1124 1669 et

392 1694 514 1724 matura
528 1690 765 1724 deliberatione
784 1689 913 1729 nostris,
931 1689 1035 1732 deque
1057 1699 1126 1732 apo-

391 1745 523 1777 stolicae
548 1742 719 1786 potestatis
744 1741 956 1785 plenitudine,
978 1741 1127 1774 commis-

392 1797 516 1830 sionem
534 1805 649 1828 causae
679 1805 734 1827 seu
755 1804 923 1827 causarum
942 1793 1127 1829 huiusmodi

393 1849 485 1882 dietis
519 1847 736 1880 cardinalibus
767 1858 784 1879 a
816 1847 910 1879 nobis
940 1847 1065 1887 saetam,
1093 1852 1127 1879 ut

392 1901 582 1945 praefertur,
601 1905 828 1942 emanatasque
853 1899 938 1932 illius
957 1899 1067 1941 vigore
1089 1899 1127 1931 ab

394 1953 516 1986 eisdem
543 1952 762 1985 cardinalibus
795 1951 919 1984 litteras
946 1951 1125 1992 citatorias,

393 2005 630 2038 inhibitoriales
656 2010 687 2036 et
711 2003 974 2046 compulsoriales
999 2001 1127 2046 praedi-

394 2064 469 2099 ctas,
489 2069 560 2091 cum
576 2057 722 2090 omnibus
741 2063 771 2090 et
785 2057 920 2099 singulis
938 2052 970 2090 in
990 2057 1036 2089 eis
1054 2067 1129 2090 con-

395 2111 513 2150 tentis,
546 2115 577 2143 et
602 2110 676 2142 inde
702 2109 820 2142 secutis
847 2109 1125 2152 quilmseumque,

395 2169 567 2206 ceteraque
593 2161 701 2194 onmia
719 2167 748 2194 et
769 2162 894 2204 singula
911 2161 943 2193 in
962 2164 1055 2194 cansa
1073 2172 1128 2194 seu

396 2217 499 2249 causis
524 2215 711 2248 huiusmodi
743 2226 760 2247 a
789 2214 882 2247 dictis
915 2215 1129 2248 cardinalibus

396 2271 552 2303 hactenns
572 2267 816 2311 quomodolibet
833 2273 910 2308 acta,
927 2268 1016 2307 sacta,
1031 2274 1127 2310 gesta,

397 2323 545 2359 decreta,
573 2321 722 2353 mandata
749 2325 779 2353 et
808 2320 953 2353 ordinata
979 2321 1129 2364 (illorum

397 2375 540 2409 omnium
558 2374 604 2407 et¹
619 2375 821 2417 singulorum
836 2379 966 2407 tenores
981 2379 1012 2407 et
1029 2375 1128 2416 datas,

397 2428 490 2462 etiarn
503 2427 655 2467 veriores,
668 2432 698 2459 et
714 2427 775 2459 alia
789 2437 1020 2470 quaecumque,
1035 2428 1130 2461 etiam

397 2481 579 2525 specificam
601 2485 633 2513 et
653 2479 851 2513 individuam
876 2480 1075 2514 mentionem
1100 2486 1131 2514 et

433 2597 444 2624 1
466 2595 607 2624 Coniunct.
629 2597 655 2624 et
674 2603 722 2623 nos
741 2595 864 2622 addimus
883 2595 920 2630 (a.
940 2594 988 2630 τ.).

958 225 1037 248 mut
1047 225 1136 247 millu
1162 223 1224 249 1}th]
1234 226 1311 250 xxm}

1898 229 1951 260 ᾼιι.
1969 228 1998 254 C.
2024 228 2090 255 1674

1165 273 1405 314 expressionem
1436 276 1644 318 requirentia,
1674 276 1899 319 praesentibus

1166 333 1223 365 pro
1241 325 1338 366 plene
1359 331 1390 358 et
1406 327 1605 361 sufficienter
1622 327 1780 371 expressis
1804 338 1840 360 ac
1860 329 1899 361 de

1165 376 1265 409 verbo
1281 377 1320 409 ad
1338 379 1469 411 verbum
1493 379 1623 413 insertis
1650 386 1681 413 et
1703 379 1902 413 exactissime

1165 427 1355 470 specificatis
1381 430 1550 474 habentes)
1576 433 1761 465 earumdem
1789 438 1903 464 tenore

1164 480 1383 522 praesentium
1401 483 1598 525 appobamus
1616 489 1647 517 et
1664 483 1902 524 confirmamus,

1165 532 1292 576 illisque
1316 534 1467 567 omnibus
1492 540 1524 568 et
1547 536 1683 578 singulis
1708 536 1902 569 inviolabilis

1165 590 1197 617 et
1235 585 1466 628 irrefragabilis
1506 588 1704 630 apostolicae
1743 588 1900 621 firmitatis

1165 637 1236 678 vim,
1255 638 1355 671 robur
1379 644 1411 671 et
1435 639 1608 673 efficaciam
1628 641 1808 674 adjicimus.

1208 690 1278 733 ἓξ).
1307 691 1350 723 Ae
1374 702 1486 724 omnes
1520 698 1552 725 et
1583 693 1726 736 singulos
1760 693 1838 727 iuris
1870 699 1901 727 et

1166 743 1247 783 sacti,
1266 754 1392 776 necnon
1417 745 1654 778 solemnitatum
1675 756 1901 788 quarumcum-

1167 806 1242 838 que,
1275 801 1337 828 tam
1369 806 1404 828 ex
1438 796 1516 829 iuris
1548 797 1729 830 communis
1759 804 1790 830 et
1825 809 1902 841 apo-

1167 847 1350 880 stolicarum
1390 848 1660 881 constitutionum
1702 854 1733 882 et
1772 849 1902 882 ordina-

1168 900 1289 932 tionum
1315 900 1363 932 vcl
1389 900 1631 943 privilegiorum
1652 906 1684 934 et
1705 901 1902 935 indultorum

1168 952 1419 995 apostolicorum
1441 958 1496 985 aut
1517 953 1788 986 consuetudinum
1805 954 1902 987 etiam

1949 709 2035 733 Supplnl
2048 714 2091 729 oni-

1910 740 1947 755 nes
1956 735 2058 755 tlt-sectus.

1159 1005 1470 1040 'immemorabilium
1500 1006 1714 1050 praescripto,
1740 1017 1835 1050 quam
1863 1007 1902 1044 dc

1168 1059 1247 1100 stylo
1271 1059 1321 1091 vel
1346 1058 1425 1091 alias
1457 1059 1705 1101 quomodolibet
1733 1059 1765 1092 in
1790 1060 1903 1092 simili-

1169 1111 1225 1143 bus
1255 1111 1350 1143 etiam
1387 1111 1427 1144 de
1463 1111 1654 1144 necessitate
1686 1112 1904 1145 observanda-

1169 1175 1247 1203 rum,
1274 1165 1300 1196 si
1326 1164 1380 1207 qui
1413 1164 1444 1196 in
1470 1164 1656 1207 praemissis
1681 1165 1905 1208 principaliter

1168 1218 1216 1249 vel
1247 1217 1425 1249 accessorie
1459 1222 1512 1249 aut
1546 1217 1624 1250 alias
1657 1217 1906 1260 quomodolibet

1169 1270 1420 1309 intervenerunt,
1439 1279 1495 1301 seu
1512 1269 1722 1302 intervenisse
1740 1269 1811 1309 dici,
1831 1279 1907 1302 cen-

1169 1321 1239 1361 seri,
1258 1321 1440 1364 praetendi,
1458 1322 1508 1353 vel
1529 1321 1668 1363 intelligi
1688 1326 1836 1364 possent,
1857 1321 1907 1354 iti-

1170 1374 1240 1405 dcm
1266 1378 1424 1415 quatenus
1443 1383 1522 1416 opus
1544 1373 1596 1413 sit,
1614 1373 1806 1416 plenissime
1833 1384 1907 1417 sup-

1170 1427 1293 1468 plemus
1318 1431 1349 1458 et
1373 1435 1535 1458 sanamus.

1212 1480 1227 1521 g
1252 1480 1282 1511 6.
1305 1479 1349 1511 Ae
1366 1478 1503 1521 proinde
1529 1478 1719 1511 fraternitati
1740 1484 1819 1519 tuae,
1843 1479 1904 1512 rra·
1933 1493 2100 1524 iarn-turonu-

1171 1538 1216 1564 ter
1232 1531 1324 1564 Petre
1349 1531 1603 1574 archiepiscope,
1622 1531 1795 1574 inquisitor
1812 1522 1961 1574 gene-83¹5
1984 1521 2100 1573 ρῗὲἷέἦῗὶῖζ

1896 1585 1902 1590 -
1914 1575 1937 1593 ut
1959 1576 2047 1598 pareant
2065 1575 2100 1593 tu-

1172 1585 1257 1625 ralis,
1283 1594 1318 1616 ac
1343 1583 1530 1616 discretioni
1554 1590 1690 1626 vestrae,
1705 1583 1761 1617 filii
1786 1584 1972 1627 reliquimus,
1997 1599 2100 1620 mandans

1170 1637 1394 1680 inquisitores,
1419 1637 1601 1680 vestrisque
1626 1638 1805 1680 respective
1829 1625 2101 1681 con-?.{⁵‘¹⁰‘i{'1‘},¹l{‚1l.¹23

1171 1689 1311 1730 sirianis,
1333 1689 1611 1732 procuratoribus,
1629 1689 1804 1730 fiscalibus,
1824 1684 1956 1723 eom-'²¹⁵'

1171 1741 1336 1782 missariis,
1363 1741 1604 1784 assessoribus,
1633 1742 1774 1782 notariis,
1801 1748 1906 1776 actua-

1171 1795 1241 1836 riis,
1268 1794 1449 1838 cetcrisque
1475 1794 1667 1829 officialibus
1692 1801 1724 1829 et
1748 1795 1905 1829 ministris

1171 1847 1448 1891 quibuscumque,
1481 1839 1596 1880 harum
1625 1847 1718 1888 serie,
1734 1848 1766 1880 in
1790 1848 1906 1881 virtute

1171 1905 1301 1934 sauctae
1331 1900 1551 1941 obedIentiae‚
1579 1901 1723 1934 districte
1748 1901 1908 1944 praecipi-

1171 1964 1241 1986 mus
1265 1959 1296 1986 et
1320 1953 1519 1994 mandamus,
1540 1958 1574 1985 ut
1593 1954 1767 1996 praedictis
1794 1954 1908 1987 citato-

1172 2006 1240 2047 riis,
1258 2006 1535 2039 inbibitorialibus
1556 2011 1587 2038 et
1604 2007 1907 2049 compulsorialibus

1171 2059 1298 2098 litteris,
1324 2058 1459 2101 aliisque
1478 2058 1673 2101 quibuslibet
1697 2059 1857 2092 mandatis
1875 2065 1906 2092 et

1172 2112 1330 2152 decretis,
1358 2122 1374 2144 a
1399 2111 1572 2155 praedictis
1604 2112 1823 2146 cardinalibus
1852 2123 1906 2145 eo-

1173 2175 1308 2207 rumque
1322 2164 1580 2207 Congregatione
1599 2164 1631 2196 in
1649 2167 1745 2197 causa
1763 2176 1819 2198 seu
1833 2175 1906 2198 cau-

1172 2218 1213 2251 sis
1245 2218 1431 2251 huiusmodi
1467 2218 1623 2251 hactenus
1660 2218 1908 2261 quomodolibet

1173 2271 1338 2312 emanatis,
1357 2271 1435 2303 etin
1452 2275 1618 2313 posterum
1639 2281 1739 2315 usque
1755 2272 1794 2305 ad
1809 2271 1908 2304 finem

1173 2329 1204 2356 et
1228 2324 1401 2357 terminum
1426 2323 1571 2358 eiusdem
1607 2335 1720 2358 causae
1751 2336 1808 2358 seu
1833 2336 1907 2359 eau-

1171 2388 1278 2410 sarum
1292 2377 1497 2418 emanaturis,
1512 2377 1600 2409 omni
1619 2380 1719 2418 mora,
1741 2379 1907 2419 dilatione,

1173 2430 1452 2473 tergiversatione,
1478 2430 1754 2472 contradictione,
1783 2433 1908 2475 opposi-

1175 2483 1260 2516 tione
1292 2483 1498 2526 postpositis,
1528 2483 1611 2517 sicut
1645 2485 1778 2518 devotos
1812 2491 1907 2529 atque

1174 2535 1362 2569 obedientes
1403 2535 1497 2568 huius
1533 2542 1662 2570 sanctae
1694 2537 1785 2571 Sedis
1821 2538 1905 2572 filios

1175 2589 1273 2628 decet,
1295 2593 1444 2631 prompte
1469 2590 1619 2633 parcatis,
1644 2601 1713 2632 nee,
1739 2594 1832 2625 causa
1848 2603 1904 2626 seu
