2279 3260
145 245 193 271 Αιι.
212 244 241 272 C.
264 245 329 272 ¹671

169 1199 329 1220 Alexander-Vll

147 1229 275 1282 ‹iiiiiiss'tissff
295 1232 330 1272 <331
341 1236 411 1269 sine
433 1237 521 1279 gravi
547 1238 645 1270 animi
666 1238 768 1270 nostri
788 1239 989 1281 displicentia
1006 1249 1079 1281 per-

146 1281 288 1325 ggiznlstoititur
304 1305 330 1325 es·

147 1331 232 1352 sectum.

275 1284 329 1304 quae

964 244 1105 269 CLEMENS
1128 246 1145 268 Χ
1171 245 1218 268 PP-

339 304 375 325 ex
405 293 538 335 singulis
570 298 709 336 quatuor
734 292 846 325 officiis
872 293 1073 334 singulorum

339 350 478 388 quatuor
502 345 716 383 notariorum,
742 356 851 376 coram
878 345 1013 385 singulis
1038 355 1073 375 cx

339 397 507 430 duodecim
526 397 728 429 auditoribus
745 407 800 428 seu
818 396 1076 428 locatcncutibus

339 450 511 492 praedictis
522 461 580 492 pro
592 455 738 492 tempore
749 450 970 488 scribentium,
979 460 1076 481 unum

340 501 475 534 Romani
497 502 676 541 Pontificis,
697 507 728 534 et
745 502 830 534 aliud
850 502 1076 533 vicecancella-

338 553 385 592 rii,
401 553 487 585 aliud
505 564 579 586 vero
597 554 762 586 camerarii
781 555 811 586 S.
833 554 868 585 R.
890 554 937 593 E„
956 559 987 586 et
1004 553 1076 585 reli-

339 616 435 648 quum
460 606 615 639 auditoris
633 606 737 638 officia
754 608 1012 649 appellarentur,
1035 611 1074 644 et,

340 658 572 691 decedentibus
586 659 749 702 aliquibus
765 670 800 691 ex
818 659 952 692 notariis
971 669 1076 702 supra-

340 710 441 751 dictis,
458 711 512 744 illa
526 723 562 744 ex
580 712 693 745 officiis
709 713 910 745 notariorum
925 713 970 744 sic
985 712 1077 743 dece-

341 763 495 803 dentium,
511 775 593 807 quae
609 765 743 797 Romani
759 764 933 804 Pontinus,
947 775 1004 807 per
1018 764 1077 805 Ro-

340 807 467 848 manum
489 816 689 857 Pontificem,
709 828 789 860 quae
811 816 1075 855 vicecancellarii,

342 878 400 909 per
413 868 722 909 vicecancellarium,
741 880 776 902 ac
794 880 876 912 quae
898 868 1075 907 camerarii,

341 930 400 963 per
416 922 634 962 camerarium,
650 933 730 965 quae
748 933 823 955 vero
837 922 1021 954 auditorum
1034 921 1078 953 os-

340 971 410 1005 ficia
429 973 617 1013 extitissent,
635 984 695 1016 per
712 974 876 1006 auditores
894 973 1076 1016 praedictos

340 1035 400 1068 pro
415 1031 559 1068 tempore
578 1027 752 1059 existentes
770 1027 840 1059 aliis
860 1027 986 1059 idoneis
1002 1037 1078 1058 con-

342 1078 514 1110 ferrentur:
540 1090 576 1110 ac
600 1079 690 1118 alias,
716 1084 815 1122 prout
835 1079 866 1111 in
888 1079 1003 1112 litteris
1024 1079 1078 1111 de-

340 1141 439 1174 super
451 1132 607 1164 consectis
622 1133 718 1165 etiam
730 1133 856 1175 plenius
870 1130 1075 1165 continetur¹.

385 1185 399 1227 ἓ
425 1184 455 1216 ⁶2.
479 1184 556 1217 Cum
573 1190 679 1217 autem
698 1186 735 1217 ad
755 1196 848 1218 aures
866 1191 992 1218 nostras
1013 1196 1077 1217 non

341 1289 465 1322 venerit
487 1290 575 1333 quod
599 1301 615 1322 a
640 1291 798 1333 longaeva
820 1302 977 1323 annorum
995 1291 1077 1323 serie

342 1342 515 1384 collegium
551 1342 710 1374 dictorum
741 1343 941 1375 notariorum
969 1343 1079 1386 13·alatii

342 1395 512 1437 apostolici
536 1395 719 1428 auditorum
737 1396 794 1437 (ob
812 1396 972 1428 desectum
991 1402 1022 1429 et
1039 1397 1080 1429 di-

341 1447 556 1480 minutionem
582 1458 647 1480 non
672 1448 829 1480 modicam
848 1459 1024 1488 causarum,
1044 1449 1081 1481 li-

342 1500 421 1532 tium
446 1506 478 1533 et
502 1501 718 1542 negotiorum,
737 1504 813 1541 ete,
833 1506 1015 1544 temporum
1036 1502 1082 1534 in-

342 1552 434 1585 iuriis
471 1559 503 1585 et
538 1554 775 1586 calamitatibus
812 1554 1079 1597 provenientem,

343 1607 439 1639 etiam
453 1607 578 1639 ratione
593 1617 728 1639 onerum
746 1607 851 1639 eidem
866 1608 1005 1649 collegio
1024 1618 1082 1650 per

343 1659 416 1703 piae
442 1660 619 1692 memoriae
644 1659 777 1691 Paulum
803 1660 921 1702 Papam
942 1661 964 1691 Y
990 1671 1083 1703 prae-

344 1712 554 1744 decessorem
579 1717 723 1744 nostrum
748 1718 836 1744 motu
859 1713 968 1753 simili,
992 1723 1083 1755 prae-

345 1764 393 1796 via
418 1774 696 1807 quarumcumque
720 1766 951 1797 nonnullorum
973 1765 1082 1798 Roma-

344 1828 461 1851 norum
486 1817 677 1849 Pontifieum
709 1818 997 1859 praedecessorum
1028 1829 1084 1851 no-

343 1875 482 1903 strorum
513 1869 792 1910 constitutionum,
824 1870 1003 1902 officiorum
1028 1881 1084 1903 no-

345 1923 500 1955 tariorum
515 1922 702 1955 huiusmodi
720 1922 895 1965 scripturas
913 1934 977 1955 non
996 1934 1085 1955 vaea-

345 1986 379 2008 1·e
400 1975 645 2018 disponentium
674 1975 891 2014 revocatione,
918 1987 1029 2008 omnes
1055 1982 1086 2009 et

345 2028 490 2070 singulas
515 2027 662 2060 omnium
694 2028 873 2060 officiorum
903 2029 1086 2071 praedicto-

346 2091 417 2113 rum
442 2080 628 2123 scripturam,
654 2086 789 2112 eatenus
816 2081 915 2113 factas
941 2082 1021 2113 etin
1044 2083 1086 2114 su-

346 2140 454 2166 turum
479 2133 706 2174 conficiendas,
727 2133 822 2166 etiam
840 2136 902 2166 una
919 2145 991 2167 cum
1015 2135 1086 2167 titu-

345 2189 376 2220 lo
394 2187 553 2219 vacavisse
572 2192 603 2219 et
621 2197 734 2219 vacare
754 2188 902 2220 debuisse
922 2188 1086 2221 declaran-

346 2240 396 2277 do„
413 2250 449 2273 ex
466 2244 538 2272 voto
554 2245 661 2272 tamen
681 2245 755 2272 tunc
773 2240 873 2272 Rotae
892 2241 1083 2282 auditorum,
1106 2236 1108 2250 ¹

347 2293 591 2336 impositorum,
618 2293 820 2336 aliorumque
847 2294 970 2327 eisdem
996 2300 1086 2327 uota—

346 2346 487 2379 riatuum
512 2346 626 2379 officiis
655 2347 933 2389 incumbentium)
969 2349 1084 2381 annuis

347 2402 397 2434 vel
409 2401 586 2434 menstruis
600 2402 876 2444 praestationibus
890 2413 949 2445 per
963 2403 1086 2446 aliquot

347 2465 450 2487 annos
476 2454 619 2487 decursis
636 2481 644 2495 ,
671 2460 703 2486 et
727 2455 836 2487 forsan
862 2466 926 2488 non
946 2456 1059 2488 solutis
1075 2484 1082 2497 ‚

347 2518 407 2550 per
430 2508 561 2541 eosdem
579 2508 658 2540 solvi
676 2508 789 2549 solitis,
808 2509 840 2541 in
859 2509 1085 2552 gravissimum

384 2581 394 2605 1
418 2579 574 2606 Huiusmodi
590 2579 695 2606 litterae
720 2579 787 2606 Sixti
803 2579 821 2605 V
841 2589 894 2607 non
914 2580 1039 2615 leguntur
1058 2581 1085 2607 in

346 2624 482 2651 Butlario
504 2624 542 2659 (R.
559 2625 609 2658 T.),

435 2679 513 2709 Ball,
536 2679 617 2705 Rom.
635 2693 667 2698 -
687 2678 743 2704 Vol.
762 2678 866 2705 XVIII.
955 2697 964 2705 2
1011 2679 1046 2707 34

1757 235 1821 268 265
1867 244 1958 270 An.C.
1983 244 2044 270 um

1116 291 1221 323 dictae
1235 291 1386 323 Gamerae
1405 292 1607 334 aliorumque
1626 293 1781 324 interesse
1801 293 1856 323 lia-

1095 344 1263 376 tentiam
1289 343 1523 386 praeiudicium
1550 349 1581 375 ct.
1607 344 1854 382 detrimentum,

1117 395 1260 438 dIctique
1274 396 1404 438 collegii
1421 395 1605 438 splendoris
1620 395 1714 427 ctiam
1730 396 1856 426 damno-

1118 458 1186 480 sum
1213 448 1444 491 vilipendium,
1477 448 1660 480 satisfacere
1687 453 1718 479 ct
1749 458 1857 479 corre-

1109 502 1280 543 ,spondere
1306 513 1370 534 non
1396 503 1519 541 valeat3
1548 502 1697 544 quodque
1721 501 1856 543 scriptu-

1119 564 1171 585 rae
1190 554 1288 596 (ultra
1306 555 1473 586 continuas
1493 554 1687 596 litigantium
1707 559 1738 586 et
1756 553 1858 585 euria-

1119 606 1197 638 lium
1221 606 1518 646 incommoditates,
1546 617 1625 649 quas
1648 606 1721 649 ipsi,
1747 607 1787 637 ol)
1814 605 1859 637 (li-

1118 669 1225 690 versas
1242 659 1441 692 notariorum
1457 659 1694 702 praedictorum
1713 659 1744 690 in
1763 657 1857 689 variis

1119 715 1150 741 et
1173 711 1306 743 remotis
1325 722 1359 743 ac
1384 712 1423 743 ab
1449 712 1587 744 invicem
1613 710 1771 754 separatis
1801 710 1859 741 Ur-

1097 762 1167 804 ,his
1194 763 1339 805 partibus
1365 764 1443 795 sitas
1468 764 1654 796 mansiones
1687 774 1745 806 per
1770 762 1857 805 ipsos

1118 815 1261 847 notarios
1281 816 1447 855 habitatas,
1467 827 1562 859 saepe
1583 826 1716 848 numero
1736 815 1860 858 patiun-

1119 868 1192 909 tur)⁷
1207 867 1238 898 in
1254 868 1346 900 dictis
1361 869 1561 900 notariorum
1575 868 1720 900 domibus
1734 878 1861 899 conser-

1119 924 1228 959 vatae,
1261 921 1455 963 quandoque
1482 920 1615 963 depcrdi
1641 919 1787 963 possint,
1824 930 1860 951 ac

1120 971 1216 1002 etiam
1243 972 1374 1004 realiter
1399 974 1587 1012 nonnullae,
1610 983 1674 1004 non
1700 972 1769 1004 sine
1796 978 1861 1003 ma-

1120 1023 1204 1056 ximo
1227 1024 1419 1066 litigantium
1446 1025 1654 1067 praeiudicio,
1678 1026 1786 1057 forsan
1809 1025 1861 1057 de-

1121 1077 1266 1120 perditae
1294 1078 1437 1117 suerint;
1465 1083 1703 1121 proptereaque
1730 1078 1761 1110 in
1786 1088 1862 1110 con-

1123 1130 1312 1172 gregatione
1338 1141 1436 1173 super
1461 1131 1649 1173 praemissis
1676 1142 1693 1163 a
1714 1132 1863 1163 recolen-

1122 1183 1180 1214 dae
1195 1182 1372 1215 memoriae
1389 1183 1572 1215 Alexandro
1589 1183 1675 1226 Papa
1688 1183 1737 1215 Vll
1753 1182 1863 1214 simili-

1122 1241 1171 1267 ter
1187 1236 1439 1278 praedecessore
1454 1241 1567 1269 nostro
1583 1236 1743 1279 deputata,
1763 1236 1861 1278 quod,

1123 1289 1252 1321 attentis
1277 1289 1469 1332 supradictis
1495 1289 1652 1329 narratis,
1684 1299 1838 1320 numerus
1853 1287 1861 1303 ¹

1123 1342 1323 1374 notariorum
1348 1342 1535 1374 huiusmodi
1561 1343 1600 1374 ad
1625 1342 1785 1374 minorem
1804 1352 1863 1373 nu-

1123 1405 1246 1427 merum
1271 1395 1500 1435 reduceretur,
1527 1395 1653 1438 ipsique
1680 1394 1793 1427 notarii
1817 1394 1863 1426 sic

1123 1447 1299 1480 reducendi
1325 1447 1358 1479 in
1383 1458 1447 1481 uno
1473 1453 1505 1480 et
1529 1449 1646 1480 eodem
1671 1449 1742 1480 loco
1764 1448 1863 1480 coha-

1124 1500 1227 1532 bitare
1258 1505 1289 1532 et
1313 1500 1392 1533 inibi
1417 1500 1450 1532 in
1475 1500 1619 1533 archivio
1645 1501 1684 1532 ad
1709 1500 1741 1532 id
1767 1499 1864 1532 desti-

1126 1554 1230 1585 nando
1257 1563 1369 1586 omnes
1390 1559 1422 1585 et
1442 1554 1584 1596 singulas
1602 1554 1778 1596 scripturas
1794 1563 1864 1585 con-

1125 1616 1253 1638 servare
1267 1607 1574 1647 tenerentur,salvis
1593 1606 1625 1638 in
1640 1605 1775 1649 reliquis
1794 1617 1864 1638 ere-

1127 1658 1287 1690 ctionibus
1304 1659 1490 1702 praedietis,
1509 1660 1585 1691 lieet
1602 1659 1725 1698 frustra,
1745 1663 1777 1690 et
1793 1658 1864 1689 abs-

1127 1722 1187 1753 que
1213 1712 1278 1743 ullo
1305 1711 1433 1751 effectu,
1459 1712 1622 1744 decretum
1645 1712 1762 1744 suerit:

1170 1766 1184 1807 ᾗ
1205 1764 1236 1797 3.
1264 1765 1325 1797 Nos
1350 1765 1457 1807 igitur,
1484 1766 1603 1808 quibus
1629 1775 1703 1797 cura
1721 1770 1753 1797 et
1777 1765 1864 1797 solli—
1903 1778 2061 1801 Quamnam-

1127 1818 1236 1850 citudo
1258 1818 1333 1851 boni
1350 1818 1471 1861 publicu
1494 1819 1620 1858 insidet,
1638 1818 1711 1850 dicti
1728 1805 2061 1853 Alexan-¹12¹?0nlon13'r553‘211‘

1128 1871 1175 1903 dri
1204 1872 1465 1914 praedecessoris
1500 1872 1641 1914 vestigiis
1668 1872 1700 1903 in
1727 1872 1789 1903 hoc
1817 1872 1864 1903 in-
1877 1859 2060 1904 ilcffs'urffihliZl‘l'f'

1129 1924 1306 1964 haerendo,
1333 1935 1396 1956 non
1422 1925 1525 1957 solum
1547 1925 1734 1967 praedietis,
1752 1935 1865 1957 verum

1129 1976 1223 2008 etiam
1238 1987 1296 2019 pro
1311 1976 1425 2009 maiori
1445 1982 1477 2009 et
1496 1977 1628 2020 publica
1645 1976 1813 2008 curialium
1835 1982 1868 2008 et

1129 2029 1321 2072 litigantium
1349 2029 1483 2062 utilitate
1503 2040 1538 2062 ac
1564 2029 1806 2069 commoditate,
1830 2030 1867 2062 il-

1129 2085 1301 2125 lorumque
1319 2083 1436 2115 minori
1455 2083 1637 2126 dispendio,
1655 2093 1781 2115 necnon
1795 2083 1866 2115 aliis

1129 2136 1374 2168 rationabilibus
1400 2137 1438 2168 de
1460 2136 1573 2176 causis,
1592 2136 1625 2168 in
1644 2136 1868 2178 congregatio-

1130 2200 1168 2221 ne
1194 2190 1363 2222 novissime
1385 2200 1442 2232 per
1467 2200 1525 2222 nos
1551 2189 1787 2232 particulariter
1812 2189 1867 2221 de-

1106 2260 1108 2278 ;
1129 2245 1239 2285 putata
1264 2254 1336 2275 cum
1363 2243 1553 2275 dilectorum
1576 2241 1715 2275 tiliorum
1733 2247 1863 2274 nostro-

1106 2287 1108 2302 *
1129 2307 1199 2328 rum
1224 2295 1400 2339 prodatarii
1419 2306 1454 2327 ac
1471 2295 1728 2328 vicecancellarii
1749 2300 1781 2327 et
1810 2305 1867 2337 pro

1107 2356 1108 2397 ᾗ
1129 2349 1295 2382 camerarii
1313 2350 1344 2382 S.
1369 2350 1406 2381 R.
1425 2349 1459 2381 Ε.
1480 2360 1607 2382 necnon
1627 2349 1721 2380 trium
1742 2354 1869 2391 aposto<

1107 2399 1108 2412 ³
1129 2403 1180 2435 lici
1205 2403 1316 2446 palatii
1342 2402 1530 2435 huiusmodi
1551 2402 1739 2435 auditorum
1758 2402 1796 2433 ab
1816 2403 1868 2433 ea-

1106 2444 1108 2477 ξ
1129 2457 1201 2489 dem
1219 2457 1300 2489 Rota
1324 2457 1363 2489 ad
1385 2456 1533 2489 ellectum
1558 2455 1742 2488 huiusmodi
1764 2455 1867 2497 depu-

1130 2516 1269 2543 tatorum
1295 2510 1477 2542 interventu
1502 2509 1629 2549 habita,
1651 2514 1776 2542 mature
1803 2508 1866 2540 dis-

1106 2224 1108 2232 4

1106 2499 1108 2514 l

1165 2627 1176 2652 1
1199 2624 1265 2650 Mate
1281 2623 1345 2649 edit.
1364 2623 1442 2649 Μαίη.
1459 2622 1523 2657 legit
1538 2630 1693 2649 numerum
1710 2621 1748 2656 (Β.
1765 2620 1814 2655 τ.).
