2279 3260
214 262 262 288 Au.
284 263 310 286 ⁴1.
338 262 403 287 {1373

231 426 337 446 §alumnia
347 427 396 445 hoa·

213 455 292 471 'iic-1¹11
304 459 334 472 ulit
363 458 397 471 rc-

214 480 289 498 tuni-ar·
311 482 396 504 [tim-«unt,

214 512 223 529 ζ·
239 509 272 524 mit
296 511 314 524 ιιι
331 507 395 525 rutm-

241 1216 333 1245 Derogat
348 1220 387 1235 con

213 1245 252 1262 trau
261 1243 293 1262 iis.

264 1424 325 1444 Fides
341 1426 396 1443 tran-

212 1454 351 1475 sumptorum.

450 252 513 286 :¹28

406 310 466 341 sias·
492 309 659 352 religionis
686 316 712 343 et
741 310 869 343 Oidinis
889 308 1073 342 huiusmodi
1092 318 1140 339 re-

407 361 547 405 spective
574 364 825 396 continentibus.

451 416 465 458 ξ
486 416 515 448 5.
540 414 732 459 l‘wpterea‘
752 416 856 458 primo
875 416 1038 447 dumtaxat
1054 424 1139 446 anno

409 480 425 502 a
446 470 527 502 datis
550 470 637 502 hisce
665 470 789 509 litteris,
806 474 837 500 et
862 469 968 511 quoad
995 467 1098 499 ludius
1123 478 1140 499 a

409 522 460 555 ‹lie
475 534 537 565 quo
552 522 820 555 ‹uiedemlitterae
833 522 909 554 illue
923 520 1139 563 pervenerint,

409 575 603 612 inchoando,
622 574 652 606 iu
674 573 820 605 eeclesiis
842 574 988 605 locorum
1011 584 1046 604 ac
1071 572 1141 604 civi-

409 627 501 666 tatis,
530 626 699 669 religionis
719 632 747 657 et
774 625 901 658 Ordinis
924 625 1140 668 praefatorum

407 680 594 722 respective,
611 678 766 711 solemnia
789 677 1039 709 lwatiticationis
1064 677 1142 709 eius-

407 733 478 764 dem
500 732 581 763 servi
607 731 671 769 Dei,
690 741 761 763 cuin
787 730 891 763 ‹ntia-io
910 735 939 762 et
959 729 1064 769 inissa,
1083 729 1140 760 sub

409 784 468 815 ritu
488 783 609 826 dupli‹·i
628 783 752 821 maiori,
771 782 821 814 die
841 782 878 813 ab
896 780 1074 813 Ortlinariis
1093 791 1142 812 re-

408 836 550 879 spectire
577 835 754 867 constituta
773 840 804 866 vt
829 834 911 866 intra
936 845 989 864 sex
1016 843 1141 865 menses

409 887 643 930 promulganda
662 886 846 929 (postquam
873 891 980 918 tamen
1007 885 1037 917 in
1063 884 1143 917 basiss

408 941 466 972 lica
492 939 648 982 Principis
669 939 896 981 Apostolorum
923 938 961 970 de
987 938 1070 970 Urbe
1096 949 1143 971 ce-

409 994 531 1025 lebrata
566 992 685 1024 suerint
710 993 823 1025 eadem
848 992 1019 1031 solemnia,
1048 1002 1142 1034 quam

407 1046 444 1078 ad
473 1056 539 1077 rem
561 1045 645 1077 diem
670 1055 721 1077 xm
743 1045 855 1087 aprilis
881 1044 1025 1086 proxime
1045 1044 1142 1075 futuri

407 1098 620 1140 assignamus)
648 1097 769 1140 pariter
794 1097 979 1130 celebrandi
1009 1096 1143 1129 facimus

409 1156 609 1193 potestatem.

452 1203 514 1246 §ti
541 1203 609 1235 Non
628 1202 832 1235 obstantibus
857 1201 1144 1234 constitutionibus

409 1263 439 1289 et
458 1256 717 1290 ordinationibus
735 1254 932 1298 apostolicis,
953 1266 987 1287 ac
1007 1254 1145 1287 decretis

409 1310 447 1342 de
465 1320 529 1342 non
548 1311 633 1342 cultu
653 1308 759 1348 editis,
776 1307 955 1350 ceterisque
975 1307 1144 1340 contrariis

409 1362 679 1405 ‹piibuscumque.

453 1415 467 1458 ξ
493 1415 523 1447 7.
558 1414 713 1447 Volumus
749 1417 855 1445 autem
888 1417 923 1444 ut
959 1412 1145 1445 earumdem

409 1466 627 1510 praesentium
648 1466 826 1499 litterarum
848 1465 1073 1508 transumptis,
1090 1476 1145 1497 seu

409 1520 574 1563 exemplis,
590 1519 686 1552 etiam
706 1518 880 1562 impressis,
899 1529 995 1550 manu
1013 1523 1147 1550 secreta-

407 1573 445 1605 rii
458 1573 642 1616 praedictae
652 1571 921 1614 Congregationis
936 1571 1146 1604 cardinalium

408 1625 608 1668 subscriptis
625 1630 656 1658 et
679 1625 786 1667 sigillo
816 1625 973 1668 praefecti
1000 1625 1146 1657 eiusdem

409 1677 677 1721 (long-rogationis
702 1677 851 1718 munitis,
877 1678 989 1710 eadem
1013 1688 1144 1721 prorsus

408 1732 488 1765 tides
506 1726 545 1764 al)
567 1731 718 1764 omnibus
737 1736 768 1763 et
784 1731 903 1774 ubique
926 1737 988 1763 tam
1008 1731 1039 1763 in
1065 1731 1147 1764 iudi—

408 1785 458 1819 cio
472 1796 567 1829 quam
585 1790 674 1818 extra
691 1785 771 1817 illud
786 1785 956 1825 habeatur,
973 1795 1054 1827 quae
1069 1784 1146 1827 ipsis

409 1838 634 1881 praesentibus
653 1838 830 1870 haberetur
851 1838 876 1870 si
895 1838 1001 1871 forent
1021 1837 1146 1870 exhibi-

410 1896 461 1924 tae
486 1892 538 1924 vel
565 1896 726 1923 ostensae.

454 1944 565 1976 Datum
589 1944 722 1983 Romae,
751 1943 834 1986 apud
866 1943 896 1976 S.
929 1943 1059 1977 Mariani
1084 1944 1147 1976 Ma-

410 1998 532 2036 iorem,
559 1997 617 2028 sub
643 1997 763 2029 annulo
785 1996 956 2029 piscatoris
971 2023 978 2037 ‚
1011 1997 1062 2030 die
1086 2008 1146 2030 xxx·

410 2049 546 2083 ianuarii
585 2058 731 2082 nnetxxv
750 2076 757 2090 ,
800 2049 1005 2092 pontificatus
1044 2051 1146 2083 nostri

410 2112 496 2135 anno
521 2113 551 2135 v.

812 2154 833 2187 l.
860 2154 895 2188 G.
918 2155 1057 2189 Stestos.

445 2218 503 2245 Dat.
525 2217 568 2244 die
588 2217 621 2244 25
642 2216 757 2244 ianuarii
780 2218 857 2252 1675,
880 2218 973 2252 pontif.
996 2226 1067 2245 anno
1087 2225 1112 2245 v.

411 2280 578 2315 Reyistrata
597 2280 626 2306 in
649 2279 815 2306 Secretarz'a
836 2279 987 2315 Brevium,
1009 2280 1041 2308 in
1063 2281 1112 2308 lib.
1135 2288 1147 2307 v

446 2325 639 2359 diversarum,
659 2324 710 2358 fol.
731 2323 792 2350 299.

708 2448 848 2481 CLXXII.

412 2530 616 2572 Beatificalio
646 2529 732 2562 servi
764 2529 822 2561 Dei
846 2529 1015 2562 Francisci
1038 2529 1153 2564 §iilam

457 2584 591 2618 Ordinis
603 2584 745 2626 fratrum
759 2582 924 2615 Minorum
937 2585 1042 2616 sancte·
1049 2584 1080 2616 F
1081 2595 1152 2616 ran-

449 2648 459 2675 ¹
483 2647 581 2676 Forsan
603 2645 746 2682 legendum
766 2645 923 2674 Praeterea
942 2646 979 2680 (it.
996 2646 1044 2679 τ.).
1170 2623 1176 2673 i

990 261 1042 284 ῘΠἹ
1053 261 1068 283 l.
1078 259 1167 283 trum!
1192 259 1342 284 nOant'w

1225 309 1301 340 εἰει-τ’
1339 308 1375 341 dc
1413 308 1618 342 Observatum
1658 309 1919 350 numupalorum

1223 361 1423 403 professoris.

1403 451 1535 478 clemens
1558 452 1637 484 Papa
1655 452 1692 482 X,

1299 495 1335 521 ad
1356 497 1532 528 perpetuam
1553 495 1597 521 rei
1619 495 1802 521 memoriam.

1227 574 1500 613 Quemadmodum
1518 573 1666 606 caelestis
1687 574 1865 617 imperator
1890 578 1921 605 et.
1960 582 2081 602 Exordium.

1184 627 1337 669 magister
1357 632 1464 659 noster
1481 626 1567 658 lesus
1585 625 1740 665 Christus,
1759 626 1812 668 qui
1829 626 1921 658 sedet

1184 681 1221 713 ad
1241 680 1406 712 dexteram
1424 678 1602 711 maiestatis
1621 678 1652 710 in
1671 678 1817 717 excelsis,
1835 688 1924 720 egre-

1184 732 1234 775 gie
1257 732 1383 764 functos
1410 731 1524 764 militia
1541 740 1641 774 super
1660 735 1778 762 terram
1794 730 1923 773 pugiles

1184 794 1267 823 suos,
1287 783 1351 826 qui,
1370 783 1485 815 virtute
1504 793 1541 815 ex
1560 783 1625 815 alto
1641 780 1789 821 induem,
1809 787 1840 814 et
1861 781 1926 824 spi-

1185 837 1247 869 ritu
1265 837 1345 869 sacta
1362 836 1466 868 earnis
1484 834 1723 874 mortificantes,
1738 844 1803 867 non
1821 835 1926 867 solum

1185 891 1386 923 voluntatem
1410 899 1499 921 suam
1516 898 1589 921 eum
1606 887 1756 920 omnibus
1777 887 1927 930 concupi-

1186 942 1317 975 scentiis
1349 940 1533 974 crucifixam
1558 940 1623 974 Deo
1645 941 1677 973 in
1701 941 1926 973 holocaustum

1166 997 1374 1029 „obtulerunt
1409 994 1441 1027 in
1473 994 1609 1027 odorem
1645 993 1831 1034 suavitatis,
1869 994 1927 1026 sed

1187 1048 1281 1082 etiam
1307 1048 1486 1081 luculentas
1511 1047 1550 1079 de
1589 1046 1752 1089 impietate
1778 1045 1928 1079 victorias

1188 1105 1367 1144 reportare,
1383 1107 1414 1132 et
1427 1105 1554 1142 gentes,
1573 1109 1655 1142 quae
1672 1099 1773 1132 Deum
1786 1109 1852 1132 non
1869 1109 1929 1131 no-

1188 1158 1314 1193 verunt,
1335 1153 1374 1185 ad
1399 1152 1543 1185 veritatis
1564 1151 1763 1194 agnitionem
1788 1161 1825 1184 ae
1844 1152 1929 1184 viam

1189 1206 1300 1239 salutis
1342 1205 1501 1238 adducere
1541 1209 1738 1244 meruerunt,
1777 1204 1930 1247 perennis

1189 1259 1311 1301 gloriae
1337 1258 1458 1290 corona
1483 1257 1583 1289 donat
1607 1257 1639 1289 in
1664 1256 1786 1296 caelis;
1824 1255 1867 1288 ita
1898 1260 1931 1288 et

1190 1322 1258 1352 nos,
1285 1311 1339 1354 qni
1365 1310 1434 1343 eius
1459 1310 1555 1349 vices,
1579 1309 1655 1342 licet
1679 1308 1842 1349 immeriti,
1869 1308 1930 1342 hac

1191 1366 1319 1397 terrena
1338 1362 1476 1395 statione
1495 1362 1647 1404 gerimus,
1667 1360 1811 1403 magistri
1829 1361 1932 1393 nostri

1189 1417 1340 1459 vestigiis,
1367 1421 1521 1458 quantum
1540 1420 1651 1448 nostra
1671 1415 1732 1447 sert
1747 1414 1929 1455 infirmitas,

1189 1470 1411 1510 inhaerentes,
1438 1468 1570 1501 illorum
1595 1468 1716 1501 cultum
1741 1472 1773 1500 et
1797 1477 1932 1500 venera-

1191 1524 1309 1557 tionem
1341 1522 1374 1555 in
1408 1522 1503 1555 terris
1536 1531 1729 1564 promovere
1754 1521 1929 1566 studemus⁷

1189 1577 1273 1610 sieut
1296 1576 1336 1608 ad
1361 1575 1487 1608 divinae
1513 1574 1689 1607 maiestatis
1715 1573 1865 1616 gloriam,
1891 1574 1930 1606 ad

1190 1630 1258 1663 eius
1283 1628 1445 1662 Ecclesiae
1477 1627 1691 1671 praesidium,
1718 1627 1757 1660 ad
1783 1626 1932 1659 aedifica-

1189 1683 1311 1716 tionem
1346 1681 1490 1715 fidelium
1526 1686 1558 1714 et
1589 1680 1767 1713 animarum
1795 1681 1932 1713 salutem

1190 1735 1416 1779 cognoscimus
1441 1735 1474 1766 in
1500 1733 1637 1767 Domino
1663 1732 1829 1776 expedire.

1929 257 1975 282 Αη,
1999 255 2025 281 Γ..
2044 256 2111 282 ΗΠΒ

1233 1789 1247 1832 ξ
1264 1788 1294 1821 1.
1315 1788 1392 1821 Cum
1410 1787 1531 1830 itaque,
1548 1791 1670 1819 mature
1688 1785 1930 1828 diligenterque
1957 1796 2115 1817 Resoluttocon

1191 1896 1311 1928 tionem
1335 1892 1570 1938 venerabilium
1595 1892 1728 1924 fratrum
1744 1896 1932 1925 nostrorum

1190 1948 1221 1981 S.
1241 1948 1278 1980 R.
1298 1947 1333 1979 E.
1360 1945 1572 1978 cardinalium
1589 1944 1687 1977 saeris
1709 1943 1825 1976 ritibus
1842 1954 1934 1986 prae-

1192 1999 1369 2044 positorum
1404 1997 1612 2042 processibus
1652 1997 1691 2029 de
1725 1996 1931 2040 Apostolieae

1191 2052 1282 2086 Sedis
1306 2051 1437 2084 licentia
1463 2049 1616 2083 consectis
1642 2059 1740 2092 super
1758 2049 1840 2082 vitae
1858 2059 1931 2082 san-

1191 2107 1298 2140 ctitate
1316 2109 1347 2138 et
1362 2103 1535 2137 virtutibus
1551 2108 1614 2135 tam
1630 2102 1820 2145 theologicis
1834 2112 1930 2145 quam

1192 2158 1365 2192 moralibus
1390 2157 1421 2189 in
1447 2155 1544 2198 gradu
1567 2155 1710 2195 heroico,
1729 2154 1844 2198 quibus
1869 2165 1931 2188 ser-

1191 2223 1247 2245 vus
1272 2210 1326 2244 Dei
1352 2209 1540 2242 Franciseus
1565 2207 1700 2241 Solanus
1721 2207 1849 2240 Ordinis
1873 2208 1932 2240 t'ra-

1193 2270 1274 2297 trum
1299 2263 1455 2296 Minorum
1481 2260 1581 2293 sancti
1607 2260 1769 2293 Francisci
1801 2260 1839 2293 de
1871 2260 1934 2293 Ob-

1193 2316 1351 2351 servantia
1374 2319 1632 2357 nuncupatorum
1657 2314 1824 2356 professor
1853 2315 1935 2347 mul-

1194 2369 1347 2415 tipliciter
1381 2367 1534 2407 claruisse
1553 2393 1560 2407 ,
1602 2377 1729 2400 necnon
1771 2367 1934 2401 miraculis

1195 2434 1275 2467 quae
1301 2422 1338 2455 ad
1364 2421 1433 2454 eius
1457 2420 1722 2453 intercessionem
1748 2432 1783 2453 ac
1808 2421 1848 2454 ad
1873 2432 1936 2455 ma-

1195 2475 1410 2510 nifestandam
1435 2473 1554 2506 mundo
1580 2473 1667 2506 illius
1688 2474 1890 2507 sanctitatem
1917 2486 1935 2508 a

1196 2530 1258 2563 Deo
1287 2533 1412 2572 patrata
1439 2527 1535 2559 tuisse
1561 2527 1798 2567 asserebantur,
1820 2527 1933 2560 eadem

1196 2581 1409 2625 Congregatio
1431 2591 1540 2613 coram
1560 2580 1655 2613 nobis
1672 2581 1855 2622 constituta,
1881 2591 1934 2614 au-

1230 2645 1243 2671 1
1266 2643 1376 2671 Videtur
1397 2643 1539 2678 legendum
1561 2643 1657 2671 induli
1674 2645 1712 2677 (R.
1729 2643 1778 2679 T.).

1942 1825 2068 1849 gregationis

2091 1830 2114 1843 ἥδ

1191 1841 1339 1875 discussis
1364 1845 1459 1883 atque
1485 1838 1655 1882 perpensis
1673 1849 1731 1882 per
1747 1838 2109 1881 Congrega-croi-ummuum
