<?xml version="1.0" encoding="UTF-8"?>
<!DOCTYPE html PUBLIC "-//W3C//DTD XHTML 1.0 Transitional//EN"
    "http://www.w3.org/TR/xhtml1/DTD/xhtml1-transitional.dtd">
<html xmlns="http://www.w3.org/1999/xhtml" xml:lang="en" lang="en">
 <head>
  <title>
</title>
<meta http-equiv="Content-Type" content="text/html;charset=utf-8" />
  <meta name='ocr-system' content='tesseract 3.04.00' />
  <meta name='ocr-capabilities' content='ocr_page ocr_carea ocr_par ocr_line ocrx_word'/>
</head>
<body>
  <div class='ocr_page' id='page_1' title='image "./bullarumdiplomat18cath_0250.png"; bbox 0 0 2279 3260; ppageno 0'>
   <div class='ocr_carea' id='block_1_1' title="bbox 179 177 1109 545">
    <p class='ocr_par' dir='ltr' id='par_1_1' title="bbox 179 177 1109 545">
     <span class='ocr_line' id='line_1_1' title="bbox 179 177 474 218; baseline -0.01 -2"><span class='ocrx_word' id='word_1_1' title='bbox 179 189 360 218; x_wconf 77' lang='lat' dir='ltr'>An.c.1671</span> <span class='ocrx_word' id='word_1_2' title='bbox 411 177 474 214; x_wconf 58' lang='lat'>⁶:1²2</span> 
     </span>
     <span class='ocr_line' id='line_1_2' title="bbox 372 238 1109 280; baseline 0.001 -11"><span class='ocrx_word' id='word_1_3' title='bbox 372 238 531 280; x_wconf 77' lang='lat' dir='ltr'>susceptis</span> <span class='ocrx_word' id='word_1_4' title='bbox 557 238 719 272; x_wconf 73' lang='lat' dir='ltr'>Ecclesiae</span> <span class='ocrx_word' id='word_1_5' title='bbox 735 239 954 279; x_wconf 76' lang='lat' dir='ltr'>sacramentis,</span> <span class='ocrx_word' id='word_1_6' title='bbox 973 249 1006 271; x_wconf 84' lang='lat' dir='ltr'>se</span> <span class='ocrx_word' id='word_1_7' title='bbox 1025 250 1109 271; x_wconf 87' lang='lat' dir='ltr'>com-</span> 
     </span>
     <span class='ocr_line' id='line_1_3' title="bbox 371 290 1106 334; baseline 0 -12"><span class='ocrx_word' id='word_1_8' title='bbox 371 291 533 323; x_wconf 84' lang='lat' dir='ltr'>mendavit</span> <span class='ocrx_word' id='word_1_9' title='bbox 550 292 732 334; x_wconf 83' lang='lat' dir='ltr'>praedictae</span> <span class='ocrx_word' id='word_1_10' title='bbox 751 291 853 324; x_wconf 81' lang='lat' dir='ltr'>Rosae</span> <span class='ocrx_word' id='word_1_11' title='bbox 872 290 1106 328; x_wconf 71' lang='lat' dir='ltr'>intercessioni,</span> 
     </span>
     <span class='ocr_line' id='line_1_4' title="bbox 369 343 1107 386; baseline 0 -13"><span class='ocrx_word' id='word_1_12' title='bbox 369 343 457 375; x_wconf 89' lang='lat' dir='ltr'>cuius</span> <span class='ocrx_word' id='word_1_13' title='bbox 483 345 630 386; x_wconf 81' lang='lat' dir='ltr'>amplexa</span> <span class='ocrx_word' id='word_1_14' title='bbox 655 349 703 375; x_wconf 85' lang='lat' dir='ltr'>est</span> <span class='ocrx_word' id='word_1_15' title='bbox 728 344 920 385; x_wconf 68' lang='lat' dir='ltr'>imaginem,</span> <span class='ocrx_word' id='word_1_16' title='bbox 946 349 975 376; x_wconf 87' lang='lat' dir='ltr'>et</span> <span class='ocrx_word' id='word_1_17' title='bbox 1002 343 1107 374; x_wconf 79' lang='lat' dir='ltr'>statim</span> 
     </span>
     <span class='ocr_line' id='line_1_5' title="bbox 370 397 1109 438; baseline -0.001 -11"><span class='ocrx_word' id='word_1_18' title='bbox 370 407 447 428; x_wconf 79' lang='lat' dir='ltr'>sana</span> <span class='ocrx_word' id='word_1_19' title='bbox 472 397 535 428; x_wconf 81' lang='lat' dir='ltr'>visa</span> <span class='ocrx_word' id='word_1_20' title='bbox 556 402 604 429; x_wconf 88' lang='lat' dir='ltr'>est</span> <span class='ocrx_word' id='word_1_21' title='bbox 628 408 699 429; x_wconf 85' lang='lat' dir='ltr'>cum</span> <span class='ocrx_word' id='word_1_22' title='bbox 721 398 807 430; x_wconf 83' lang='lat' dir='ltr'>totali</span> <span class='ocrx_word' id='word_1_23' title='bbox 836 397 949 429; x_wconf 85' lang='lat' dir='ltr'>virium</span> <span class='ocrx_word' id='word_1_24' title='bbox 976 405 1109 438; x_wconf 79' lang='lat' dir='ltr'>reeupe-</span> 
     </span>
     <span class='ocr_line' id='line_1_6' title="bbox 371 448 1107 492; baseline -0.001 -12"><span class='ocrx_word' id='word_1_25' title='bbox 371 449 496 482; x_wconf 83' lang='lat' dir='ltr'>ratione</span> <span class='ocrx_word' id='word_1_26' title='bbox 513 477 520 489; x_wconf 94' lang='lat'>,</span> <span class='ocrx_word' id='word_1_27' title='bbox 546 456 642 492; x_wconf 83' lang='lat' dir='ltr'>atque</span> <span class='ocrx_word' id='word_1_28' title='bbox 668 461 684 482; x_wconf 90' lang='lat' dir='ltr'>e</span> <span class='ocrx_word' id='word_1_29' title='bbox 716 451 800 482; x_wconf 82' lang='lat' dir='ltr'>lecto</span> <span class='ocrx_word' id='word_1_30' title='bbox 826 449 993 487; x_wconf 70' lang='lat' dir='ltr'>exsiliens,</span> <span class='ocrx_word' id='word_1_31' title='bbox 1021 448 1107 480; x_wconf 86' lang='lat' dir='ltr'>illico</span> 
     </span>
     <span class='ocr_line' id='line_1_7' title="bbox 372 500 1109 545; baseline -0.003 -12"><span class='ocrx_word' id='word_1_32' title='bbox 372 502 471 534; x_wconf 85' lang='lat' dir='ltr'>altare</span> <span class='ocrx_word' id='word_1_33' title='bbox 504 503 648 541; x_wconf 85' lang='lat' dir='ltr'>ornavit,</span> <span class='ocrx_word' id='word_1_34' title='bbox 675 503 782 545; x_wconf 81' lang='lat' dir='ltr'>ibique</span> <span class='ocrx_word' id='word_1_35' title='bbox 813 501 962 544; x_wconf 85' lang='lat' dir='ltr'>apposuit</span> <span class='ocrx_word' id='word_1_36' title='bbox 999 500 1109 542; x_wconf 80' lang='lat' dir='ltr'>imagi-</span> 
     </span>
    </p>
   </div>
   <div class='ocr_carea' id='block_1_2' title="bbox 372 553 1131 597">
    <p class='ocr_par' dir='ltr' id='par_1_2' title="bbox 372 553 1131 597">
     <span class='ocr_line' id='line_1_8' title="bbox 372 553 1131 597; baseline -0.003 -12"><span class='ocrx_word' id='word_1_37' title='bbox 372 564 458 593; x_wconf 73' lang='lat' dir='ltr'>nem,</span> <span class='ocrx_word' id='word_1_38' title='bbox 487 560 518 587; x_wconf 89' lang='lat' dir='ltr'>et</span> <span class='ocrx_word' id='word_1_39' title='bbox 542 555 583 586; x_wconf 89' lang='lat' dir='ltr'>ob</span> <span class='ocrx_word' id='word_1_40' title='bbox 610 560 829 597; x_wconf 72' lang='lat' dir='ltr'>recuperatam</span> <span class='ocrx_word' id='word_1_41' title='bbox 855 553 1022 585; x_wconf 81' lang='lat' dir='ltr'>sanitatem</span> <span class='ocrx_word' id='word_1_42' title='bbox 1042 562 1131 594; x_wconf 57' lang='lat' dir='ltr'>gra-5</span> 
     </span>
    </p>
   </div>
   <div class='ocr_carea' id='block_1_3' title="bbox 178 606 1110 723">
    <p class='ocr_par' dir='ltr' id='par_1_3' title="bbox 178 606 1110 723">
     <span class='ocr_line' id='line_1_9' title="bbox 373 606 532 649; baseline 0.006 -11"><span class='ocrx_word' id='word_1_43' title='bbox 373 606 430 638; x_wconf 77' lang='lat' dir='ltr'>tias</span> <span class='ocrx_word' id='word_1_44' title='bbox 455 607 532 649; x_wconf 74' lang='lat' dir='ltr'>egit.</span> 
     </span>
     <span class='ocr_line' id='line_1_10' title="bbox 218 657 1110 717; baseline -0.003 -26"><span class='ocrx_word' id='word_1_45' title='bbox 218 672 312 717; x_wconf 39' lang='lat' dir='ltr'>einmekrlu</span> <span class='ocrx_word' id='word_1_46' title='bbox 335 671 360 691; x_wconf 80' lang='lat' dir='ltr'>ix</span> <span class='ocrx_word' id='word_1_47' title='bbox 416 659 430 701; x_wconf 63' lang='grc' dir='ltr'>,ξ</span> <span class='ocrx_word' id='word_1_48' title='bbox 455 659 508 691; x_wconf 72' lang='grc'>59,</span> <span class='ocrx_word' id='word_1_49' title='bbox 538 659 590 691; x_wconf 92' lang='lat' dir='ltr'>llis</span> <span class='ocrx_word' id='word_1_50' title='bbox 618 659 715 701; x_wconf 73' lang='lat' dir='ltr'>igitur</span> <span class='ocrx_word' id='word_1_51' title='bbox 740 664 771 691; x_wconf 88' lang='lat' dir='ltr'>et</span> <span class='ocrx_word' id='word_1_52' title='bbox 797 658 946 701; x_wconf 78' lang='lat' dir='ltr'>plurimis</span> <span class='ocrx_word' id='word_1_53' title='bbox 972 657 1043 690; x_wconf 88' lang='lat' dir='ltr'>aliis</span> <span class='ocrx_word' id='word_1_54' title='bbox 1071 657 1110 688; x_wconf 89' lang='lat' dir='ltr'>si-</span> 
     </span>
     <span class='ocr_line' id='line_1_11' title="bbox 178 703 360 723; baseline -0.005 -5"><span class='ocrx_word' id='word_1_55' title='bbox 178 703 255 723; x_wconf 53' lang='grc' dir='ltr'>ΡΓῚιηικ</span> <span class='ocrx_word' id='word_1_56' title='bbox 304 704 360 717; x_wconf 65' lang='lat' dir='ltr'>osam</span> 
     </span>
    </p>
   </div>
   <div class='ocr_carea' id='block_1_4' title="bbox 178 711 1132 764">
    <p class='ocr_par' dir='ltr' id='par_1_4' title="bbox 178 711 1132 764">
     <span class='ocr_line' id='line_1_12' title="bbox 178 711 1132 764; baseline -0.002 -21"><span class='ocrx_word' id='word_1_57' title='bbox 178 725 203 743; x_wconf 57' lang='lat' dir='ltr'>:ui</span> <span class='ocrx_word' id='word_1_58' title='bbox 227 711 443 753; x_wconf 61' lang='lat' dir='ltr'>araswumgnis</span> <span class='ocrx_word' id='word_1_59' title='bbox 470 717 655 743; x_wconf 80' lang='lat' dir='ltr'>coruscante</span> <span class='ocrx_word' id='word_1_60' title='bbox 690 722 745 753; x_wconf 80' lang='lat' dir='ltr'>per</span> <span class='ocrx_word' id='word_1_61' title='bbox 774 711 885 743; x_wconf 82' lang='lat' dir='ltr'>orbem</span> <span class='ocrx_word' id='word_1_62' title='bbox 912 711 1015 743; x_wconf 77' lang='lat' dir='ltr'>Rosae</span> <span class='ocrx_word' id='word_1_63' title='bbox 1040 720 1132 764; x_wconf 50' lang='lat' dir='ltr'>san-j</span> 
     </span>
    </p>
   </div>
   <div class='ocr_carea' id='block_1_5' title="bbox 177 750 1110 1016">
    <p class='ocr_par' dir='ltr' id='par_1_5' title="bbox 177 750 1110 1016">
     <span class='ocr_line' id='line_1_13' title="bbox 178 750 1108 778; baseline -0.003 -9"><span class='ocrx_word' id='word_1_64' title='bbox 178 754 197 769; x_wconf 72' lang='lat' dir='ltr'>et</span> <span class='ocrx_word' id='word_1_65' title='bbox 214 756 233 769; x_wconf 73' lang='lat' dir='ltr'>u·</span> <span class='ocrx_word' id='word_1_66' title='bbox 250 750 360 770; x_wconf 61' lang='lat' dir='ltr'>Pei-utiam</span> <span class='ocrx_word' id='word_1_67' title='bbox 406 764 410 768; x_wconf 90' lang='lat'>.</span> <span class='ocrx_word' id='word_1_68' title='bbox 571 763 576 768; x_wconf 94' lang='lat'>.</span> <span class='ocrx_word' id='word_1_69' title='bbox 678 763 683 768; x_wconf 90' lang='lat'>.</span> <span class='ocrx_word' id='word_1_70' title='bbox 769 763 773 767; x_wconf 91' lang='lat'>.</span> <span class='ocrx_word' id='word_1_71' title='bbox 930 762 935 767; x_wconf 88' lang='lat'><strong>.</strong></span> <span class='ocrx_word' id='word_1_72' title='bbox 957 762 962 767; x_wconf 92' lang='lat'>.</span> <span class='ocrx_word' id='word_1_73' title='bbox 1055 762 1060 767; x_wconf 66' lang='grc'>,</span> <span class='ocrx_word' id='word_1_74' title='bbox 1086 762 1108 778; x_wconf 25' lang='grc' dir='ltr'>,ἣ</span> 
     </span>
     <span class='ocr_line' id='line_1_14' title="bbox 177 762 1109 827; baseline -0.003 -31"><span class='ocrx_word' id='word_1_75' title='bbox 177 769 529 827; x_wconf 30' lang='lat' dir='ltr'>2&#39;1&#39;.-“,2l.⁹³&#39;“&#39;¹¹³“&#39;mmmm</span> <span class='ocrx_word' id='word_1_76' title='bbox 550 774 617 795; x_wconf 74' lang='lat' dir='ltr'>eius</span> <span class='ocrx_word' id='word_1_77' title='bbox 636 763 837 805; x_wconf 53' lang='lat' dir='ltr'>exigentibus</span> <span class='ocrx_word' id='word_1_78' title='bbox 856 768 989 803; x_wconf 83' lang='lat' dir='ltr'>meritis,</span> <span class='ocrx_word' id='word_1_79' title='bbox 1009 762 1025 793; x_wconf 58' lang='lat' dir='ltr'>sn</span> <span class='ocrx_word' id='word_1_80' title='bbox 1042 763 1109 794; x_wconf 80' lang='lat' dir='ltr'>licis</span> 
     </span>
     <span class='ocr_line' id='line_1_15' title="bbox 371 868 1110 901; baseline -0.001 0"><span class='ocrx_word' id='word_1_81' title='bbox 371 880 480 901; x_wconf 77' lang='lat' dir='ltr'>cessor</span> <span class='ocrx_word' id='word_1_82' title='bbox 506 875 613 901; x_wconf 79' lang='lat' dir='ltr'>noster</span> <span class='ocrx_word' id='word_1_83' title='bbox 633 869 767 901; x_wconf 81' lang='lat' dir='ltr'>indulsit</span> <span class='ocrx_word' id='word_1_84' title='bbox 785 875 815 900; x_wconf 92' lang='lat' dir='ltr'>ut</span> <span class='ocrx_word' id='word_1_85' title='bbox 836 870 917 901; x_wconf 84' lang='lat' dir='ltr'>haec</span> <span class='ocrx_word' id='word_1_86' title='bbox 938 868 992 900; x_wconf 89' lang='lat' dir='ltr'>Dei</span> <span class='ocrx_word' id='word_1_87' title='bbox 1019 879 1110 901; x_wconf 86' lang='lat' dir='ltr'>serva</span> 
     </span>
     <span class='ocr_line' id='line_1_16' title="bbox 370 921 1109 964; baseline -0.001 -11"><span class='ocrx_word' id='word_1_88' title='bbox 370 923 489 964; x_wconf 86' lang='lat' dir='ltr'>ubique</span> <span class='ocrx_word' id='word_1_89' title='bbox 516 927 672 954; x_wconf 81' lang='lat' dir='ltr'>terrarum</span> <span class='ocrx_word' id='word_1_90' title='bbox 698 922 810 954; x_wconf 83' lang='lat' dir='ltr'>Beatae</span> <span class='ocrx_word' id='word_1_91' title='bbox 838 921 967 953; x_wconf 80' lang='lat' dir='ltr'>nomine</span> <span class='ocrx_word' id='word_1_92' title='bbox 993 932 1109 953; x_wconf 85' lang='lat' dir='ltr'>nuncn-</span> 
     </span>
     <span class='ocr_line' id='line_1_17' title="bbox 368 974 1108 1016; baseline 0 -11"><span class='ocrx_word' id='word_1_93' title='bbox 368 980 512 1016; x_wconf 83' lang='lat' dir='ltr'>paretur,</span> <span class='ocrx_word' id='word_1_94' title='bbox 538 981 568 1006; x_wconf 83' lang='lat' dir='ltr'>et</span> <span class='ocrx_word' id='word_1_95' title='bbox 600 975 763 1007; x_wconf 73' lang='lat' dir='ltr'>celebrata</span> <span class='ocrx_word' id='word_1_96' title='bbox 789 974 927 1007; x_wconf 77' lang='lat' dir='ltr'>solemni</span> <span class='ocrx_word' id='word_1_97' title='bbox 952 974 1014 1006; x_wconf 83' lang='lat' dir='ltr'>ritu</span> <span class='ocrx_word' id='word_1_98' title='bbox 1040 974 1108 1006; x_wconf 84' lang='lat' dir='ltr'>eius</span> 
     </span>
    </p>
   </div>
   <div class='ocr_carea' id='block_1_6' title="bbox 368 1026 1131 1075">
    <p class='ocr_par' dir='ltr' id='par_1_6' title="bbox 368 1026 1131 1075">
     <span class='ocr_line' id='line_1_18' title="bbox 368 1026 1131 1075; baseline 0.001 -18"><span class='ocrx_word' id='word_1_99' title='bbox 368 1026 609 1059; x_wconf 71' lang='lat' dir='ltr'>beatificatione</span> <span class='ocrx_word' id='word_1_100' title='bbox 636 1038 705 1059; x_wconf 88' lang='lat' dir='ltr'>eam</span> <span class='ocrx_word' id='word_1_101' title='bbox 725 1027 861 1059; x_wconf 83' lang='lat' dir='ltr'>civitatis</span> <span class='ocrx_word' id='word_1_102' title='bbox 882 1027 988 1059; x_wconf 89' lang='lat' dir='ltr'>Limae</span> <span class='ocrx_word' id='word_1_103' title='bbox 1014 1032 1045 1059; x_wconf 85' lang='lat' dir='ltr'>et</span> <span class='ocrx_word' id='word_1_104' title='bbox 1066 1033 1110 1059; x_wconf 90' lang='lat' dir='ltr'>to-</span> <span class='ocrx_word' id='word_1_105' title='bbox 1130 1069 1131 1075; x_wconf 12' lang='grc' dir='ltr'>ἵ</span> 
     </span>
    </p>
   </div>
   <div class='ocr_carea' id='block_1_7' title="bbox 369 1079 1109 1122">
    <p class='ocr_par' dir='ltr' id='par_1_7' title="bbox 369 1079 1109 1122">
     <span class='ocr_line' id='line_1_19' title="bbox 369 1079 1109 1122; baseline 0.001 -12"><span class='ocrx_word' id='word_1_106' title='bbox 369 1079 430 1110; x_wconf 90' lang='lat' dir='ltr'>tius</span> <span class='ocrx_word' id='word_1_107' title='bbox 450 1079 542 1121; x_wconf 78' lang='lat' dir='ltr'>regni</span> <span class='ocrx_word' id='word_1_108' title='bbox 562 1079 698 1111; x_wconf 83' lang='lat' dir='ltr'>Peruani</span> <span class='ocrx_word' id='word_1_109' title='bbox 718 1079 985 1122; x_wconf 63' lang='lat' dir='ltr'>principaliorem</span> <span class='ocrx_word' id='word_1_110' title='bbox 1004 1085 1109 1122; x_wconf 84' lang='lat' dir='ltr'>patro-</span> 
     </span>
    </p>
   </div>
   <div class='ocr_carea' id='block_1_8' title="bbox 367 1132 1131 1174">
    <p class='ocr_par' dir='ltr' id='par_1_8' title="bbox 367 1132 1131 1174">
     <span class='ocr_line' id='line_1_20' title="bbox 367 1132 1131 1174; baseline -0.001 -11"><span class='ocrx_word' id='word_1_111' title='bbox 367 1142 441 1164; x_wconf 84' lang='lat' dir='ltr'>nam</span> <span class='ocrx_word' id='word_1_112' title='bbox 473 1132 666 1164; x_wconf 80' lang='lat' dir='ltr'>auctoritate</span> <span class='ocrx_word' id='word_1_113' title='bbox 699 1133 878 1174; x_wconf 75' lang='lat' dir='ltr'>apostolica</span> <span class='ocrx_word' id='word_1_114' title='bbox 911 1132 1053 1165; x_wconf 86' lang='lat' dir='ltr'>decrevit</span> <span class='ocrx_word' id='word_1_115' title='bbox 1078 1137 1131 1164; x_wconf 48' lang='lat' dir='ltr'>etx</span> 
     </span>
    </p>
   </div>
   <div class='ocr_carea' id='block_1_9' title="bbox 366 1184 1109 1699">
    <p class='ocr_par' dir='ltr' id='par_1_9' title="bbox 366 1184 1109 1699">
     <span class='ocr_line' id='line_1_21' title="bbox 368 1184 1107 1227; baseline 0 -11"><span class='ocrx_word' id='word_1_116' title='bbox 368 1184 564 1224; x_wconf 81' lang='lat' dir='ltr'>declaravit,</span> <span class='ocrx_word' id='word_1_117' title='bbox 592 1184 727 1227; x_wconf 79' lang='lat' dir='ltr'>eiusque</span> <span class='ocrx_word' id='word_1_118' title='bbox 754 1185 867 1217; x_wconf 77' lang='lat' dir='ltr'>festum</span> <span class='ocrx_word' id='word_1_119' title='bbox 893 1185 931 1217; x_wconf 88' lang='lat' dir='ltr'>ab</span> <span class='ocrx_word' id='word_1_120' title='bbox 958 1185 1107 1217; x_wconf 86' lang='lat' dir='ltr'>omnibus</span> 
     </span>
     <span class='ocr_line' id='line_1_22' title="bbox 368 1237 1107 1280; baseline 0 -11"><span class='ocrx_word' id='word_1_121' title='bbox 368 1237 435 1269; x_wconf 88' lang='lat' dir='ltr'>illic</span> <span class='ocrx_word' id='word_1_122' title='bbox 467 1237 658 1279; x_wconf 76' lang='lat' dir='ltr'>degentibus</span> <span class='ocrx_word' id='word_1_123' title='bbox 695 1237 733 1269; x_wconf 86' lang='lat' dir='ltr'>de</span> <span class='ocrx_word' id='word_1_124' title='bbox 770 1244 946 1280; x_wconf 84' lang='lat' dir='ltr'>praecepto</span> <span class='ocrx_word' id='word_1_125' title='bbox 988 1239 1107 1270; x_wconf 78' lang='lat' dir='ltr'>servari</span> 
     </span>
     <span class='ocr_line' id='line_1_23' title="bbox 368 1290 1109 1334; baseline 0.001 -13"><span class='ocrx_word' id='word_1_126' title='bbox 368 1291 533 1322; x_wconf 85' lang='lat' dir='ltr'>mandavit</span> <span class='ocrx_word' id='word_1_127' title='bbox 559 1296 590 1323; x_wconf 87' lang='lat' dir='ltr'>et</span> <span class='ocrx_word' id='word_1_128' title='bbox 608 1290 677 1323; x_wconf 88' lang='lat' dir='ltr'>eius</span> <span class='ocrx_word' id='word_1_129' title='bbox 696 1301 812 1323; x_wconf 89' lang='lat' dir='ltr'>nomen</span> <span class='ocrx_word' id='word_1_130' title='bbox 831 1291 952 1334; x_wconf 86' lang='lat' dir='ltr'>apponi</span> <span class='ocrx_word' id='word_1_131' title='bbox 974 1290 1006 1323; x_wconf 88' lang='lat' dir='ltr'>in</span> <span class='ocrx_word' id='word_1_132' title='bbox 1027 1301 1109 1323; x_wconf 89' lang='lat' dir='ltr'>mar-</span> 
     </span>
     <span class='ocr_line' id='line_1_24' title="bbox 369 1343 1108 1386; baseline 0.001 -12"><span class='ocrx_word' id='word_1_133' title='bbox 369 1343 528 1385; x_wconf 74' lang='lat' dir='ltr'>tyrologio</span> <span class='ocrx_word' id='word_1_134' title='bbox 548 1353 695 1375; x_wconf 87' lang='lat' dir='ltr'>romano.</span> <span class='ocrx_word' id='word_1_135' title='bbox 717 1343 778 1375; x_wconf 88' lang='lat' dir='ltr'>Nos</span> <span class='ocrx_word' id='word_1_136' title='bbox 801 1354 939 1386; x_wconf 83' lang='lat' dir='ltr'>quoque,</span> <span class='ocrx_word' id='word_1_137' title='bbox 962 1343 1108 1376; x_wconf 79' lang='lat' dir='ltr'>videntes</span> 
     </span>
     <span class='ocr_line' id='line_1_25' title="bbox 369 1395 1106 1438; baseline 0 -11"><span class='ocrx_word' id='word_1_138' title='bbox 369 1405 438 1427; x_wconf 85' lang='lat' dir='ltr'>eam</span> <span class='ocrx_word' id='word_1_139' title='bbox 457 1395 576 1438; x_wconf 84' lang='lat' dir='ltr'>ubique</span> <span class='ocrx_word' id='word_1_140' title='bbox 592 1395 735 1427; x_wconf 87' lang='lat' dir='ltr'>omnium</span> <span class='ocrx_word' id='word_1_141' title='bbox 755 1397 950 1437; x_wconf 83' lang='lat' dir='ltr'>populorum</span> <span class='ocrx_word' id='word_1_142' title='bbox 969 1395 1106 1428; x_wconf 76' lang='lat' dir='ltr'>solemni</span> 
     </span>
     <span class='ocr_line' id='line_1_26' title="bbox 368 1448 1107 1489; baseline 0.004 -12"><span class='ocrx_word' id='word_1_143' title='bbox 368 1449 482 1489; x_wconf 86' lang='lat' dir='ltr'>plausu</span> <span class='ocrx_word' id='word_1_144' title='bbox 510 1448 718 1480; x_wconf 68' lang='lat' dir='ltr'>devotissime</span> <span class='ocrx_word' id='word_1_145' title='bbox 752 1448 969 1489; x_wconf 87' lang='lat' dir='ltr'>honoratam,</span> <span class='ocrx_word' id='word_1_146' title='bbox 998 1449 1107 1480; x_wconf 79' lang='lat' dir='ltr'>liuius-</span> 
     </span>
     <span class='ocr_line' id='line_1_27' title="bbox 367 1500 1107 1544; baseline 0.003 -13"><span class='ocrx_word' id='word_1_147' title='bbox 367 1500 454 1532; x_wconf 89' lang='lat' dir='ltr'>modi</span> <span class='ocrx_word' id='word_1_148' title='bbox 480 1506 686 1543; x_wconf 88' lang='lat' dir='ltr'>patronatum</span> <span class='ocrx_word' id='word_1_149' title='bbox 707 1511 765 1543; x_wconf 92' lang='lat' dir='ltr'>pro</span> <span class='ocrx_word' id='word_1_150' title='bbox 794 1501 946 1533; x_wconf 87' lang='lat' dir='ltr'>omnibus</span> <span class='ocrx_word' id='word_1_151' title='bbox 976 1501 1107 1544; x_wconf 90' lang='lat' dir='ltr'>provin—</span> 
     </span>
     <span class='ocr_line' id='line_1_28' title="bbox 366 1553 1104 1596; baseline 0.003 -12"><span class='ocrx_word' id='word_1_152' title='bbox 366 1553 432 1592; x_wconf 81' lang='lat' dir='ltr'>ciis,</span> <span class='ocrx_word' id='word_1_153' title='bbox 458 1553 577 1596; x_wconf 76' lang='lat' dir='ltr'>regnis,</span> <span class='ocrx_word' id='word_1_154' title='bbox 600 1553 714 1585; x_wconf 88' lang='lat' dir='ltr'>insulis</span> <span class='ocrx_word' id='word_1_155' title='bbox 739 1559 770 1585; x_wconf 89' lang='lat' dir='ltr'>et</span> <span class='ocrx_word' id='word_1_156' title='bbox 795 1554 981 1596; x_wconf 73' lang='lat' dir='ltr'>regionibus</span> <span class='ocrx_word' id='word_1_157' title='bbox 1000 1560 1104 1587; x_wconf 85' lang='lat' dir='ltr'>terrae</span> 
     </span>
     <span class='ocr_line' id='line_1_29' title="bbox 366 1604 1106 1651; baseline 0.003 -14"><span class='ocrx_word' id='word_1_158' title='bbox 366 1604 479 1638; x_wconf 85' lang='lat' dir='ltr'>firmae</span> <span class='ocrx_word' id='word_1_159' title='bbox 506 1606 603 1638; x_wconf 86' lang='lat' dir='ltr'>totins</span> <span class='ocrx_word' id='word_1_160' title='bbox 630 1606 795 1639; x_wconf 75' lang='lat' dir='ltr'>Americae</span> <span class='ocrx_word' id='word_1_161' title='bbox 821 1612 915 1649; x_wconf 80' lang='lat' dir='ltr'>atque</span> <span class='ocrx_word' id='word_1_162' title='bbox 948 1607 1106 1651; x_wconf 83' lang='lat' dir='ltr'>Philippi-</span> 
     </span>
     <span class='ocr_line' id='line_1_30' title="bbox 368 1658 1103 1699; baseline 0.003 -10"><span class='ocrx_word' id='word_1_163' title='bbox 368 1668 481 1690; x_wconf 85' lang='lat' dir='ltr'>narum</span> <span class='ocrx_word' id='word_1_164' title='bbox 506 1664 538 1690; x_wconf 88' lang='lat' dir='ltr'>et</span> <span class='ocrx_word' id='word_1_165' title='bbox 563 1658 724 1691; x_wconf 85' lang='lat' dir='ltr'>lndiarum</span> <span class='ocrx_word' id='word_1_166' title='bbox 751 1658 886 1691; x_wconf 78' lang='lat' dir='ltr'>fecimus</span> <span class='ocrx_word' id='word_1_167' title='bbox 913 1664 1103 1699; x_wconf 74' lang='lat' dir='ltr'>extensum,</span> 
     </span>
    </p>
   </div>
   <div class='ocr_carea' id='block_1_10' title="bbox 174 1751 1103 1807">
    <p class='ocr_par' dir='ltr' id='par_1_10' title="bbox 174 1751 1103 1807">
     <span class='ocr_line' id='line_1_31' title="bbox 174 1751 1103 1807; baseline 0.011 -19"><span class='ocrx_word' id='word_1_168' title='bbox 174 1751 228 1769; x_wconf 70' lang='lat'><strong>⁰⁰¹³*</strong></span> <span class='ocrx_word' id='word_1_169' title='bbox 368 1763 512 1796; x_wconf 83' lang='lat' dir='ltr'>cessibus</span> <span class='ocrx_word' id='word_1_170' title='bbox 546 1765 585 1796; x_wconf 89' lang='lat' dir='ltr'>de</span> <span class='ocrx_word' id='word_1_171' title='bbox 619 1764 667 1797; x_wconf 84' lang='lat' dir='ltr'>liis</span> <span class='ocrx_word' id='word_1_172' title='bbox 705 1775 785 1807; x_wconf 81' lang='lat' dir='ltr'>quae</span> <span class='ocrx_word' id='word_1_173' title='bbox 823 1771 1103 1807; x_wconf 79' lang='lat' dir='ltr'>supervenerant,</span> 
     </span>
    </p>
   </div>
   <div class='ocr_carea' id='block_1_11' title="bbox 367 1818 1127 1904">
    <p class='ocr_par' dir='ltr' id='par_1_11' title="bbox 367 1818 1127 1904">
     <span class='ocr_line' id='line_1_32' title="bbox 368 1818 1127 1862; baseline 0.001 -13"><span class='ocrx_word' id='word_1_174' title='bbox 368 1828 542 1860; x_wconf 82' lang='lat' dir='ltr'>eorumque</span> <span class='ocrx_word' id='word_1_175' title='bbox 568 1818 732 1851; x_wconf 74' lang='lat' dir='ltr'>validitate</span> <span class='ocrx_word' id='word_1_176' title='bbox 758 1819 948 1861; x_wconf 77' lang='lat' dir='ltr'>approbata,</span> <span class='ocrx_word' id='word_1_177' title='bbox 976 1825 1008 1852; x_wconf 89' lang='lat' dir='ltr'>et</span> <span class='ocrx_word' id='word_1_178' title='bbox 1032 1830 1127 1862; x_wconf 69' lang='lat' dir='ltr'>per-1</span> 
     </span>
     <span class='ocr_line' id='line_1_33' title="bbox 367 1871 1127 1904; baseline 0.001 -2"><span class='ocrx_word' id='word_1_179' title='bbox 367 1871 630 1903; x_wconf 76' lang='lat' dir='ltr'>crebescentibus</span> <span class='ocrx_word' id='word_1_180' title='bbox 645 1871 863 1903; x_wconf 85' lang='lat' dir='ltr'>venerationis</span> <span class='ocrx_word' id='word_1_181' title='bbox 879 1877 910 1904; x_wconf 89' lang='lat' dir='ltr'>et</span> <span class='ocrx_word' id='word_1_182' title='bbox 924 1872 1105 1904; x_wconf 84' lang='lat' dir='ltr'>devotionis</span> <span class='ocrx_word' id='word_1_183' title='bbox 1125 1890 1127 1903; x_wconf 68' lang='grc'>·,</span> 
     </span>
    </p>
   </div>
   <div class='ocr_carea' id='block_1_12' title="bbox 366 1923 1105 2284">
    <p class='ocr_par' dir='ltr' id='par_1_12' title="bbox 366 1923 1105 2221">
     <span class='ocr_line' id='line_1_34' title="bbox 366 1923 1104 1966; baseline 0.003 -11"><span class='ocrx_word' id='word_1_184' title='bbox 366 1924 563 1966; x_wconf 88' lang='lat' dir='ltr'>populorum</span> <span class='ocrx_word' id='word_1_185' title='bbox 588 1923 650 1966; x_wconf 88' lang='lat' dir='ltr'>piis</span> <span class='ocrx_word' id='word_1_186' title='bbox 677 1923 850 1964; x_wconf 74' lang='lat' dir='ltr'>affectibus,</span> <span class='ocrx_word' id='word_1_187' title='bbox 878 1925 968 1957; x_wconf 84' lang='lat' dir='ltr'>novis</span> <span class='ocrx_word' id='word_1_188' title='bbox 996 1930 1104 1957; x_wconf 89' lang='lat' dir='ltr'>osten-</span> 
     </span>
     <span class='ocr_line' id='line_1_35' title="bbox 367 1976 1103 2020; baseline 0.003 -13"><span class='ocrx_word' id='word_1_189' title='bbox 367 1976 411 2008; x_wconf 87' lang='lat' dir='ltr'>sis</span> <span class='ocrx_word' id='word_1_190' title='bbox 428 1980 460 2007; x_wconf 90' lang='lat' dir='ltr'>et</span> <span class='ocrx_word' id='word_1_191' title='bbox 477 1976 639 2008; x_wconf 75' lang='lat' dir='ltr'>miraculis</span> <span class='ocrx_word' id='word_1_192' title='bbox 659 1977 895 2017; x_wconf 84' lang='lat' dir='ltr'>accedentibus,</span> <span class='ocrx_word' id='word_1_193' title='bbox 919 1987 954 2009; x_wconf 81' lang='lat' dir='ltr'>ex</span> <span class='ocrx_word' id='word_1_194' title='bbox 977 1978 1103 2020; x_wconf 87' lang='lat' dir='ltr'>quibus,</span> 
     </span>
     <span class='ocr_line' id='line_1_36' title="bbox 368 2029 1104 2073; baseline 0.003 -13"><span class='ocrx_word' id='word_1_195' title='bbox 368 2034 442 2072; x_wconf 90' lang='lat' dir='ltr'>post</span> <span class='ocrx_word' id='word_1_196' title='bbox 458 2034 615 2061; x_wconf 85' lang='lat' dir='ltr'>maturam</span> <span class='ocrx_word' id='word_1_197' title='bbox 633 2029 878 2069; x_wconf 85' lang='lat' dir='ltr'>discussionem,</span> <span class='ocrx_word' id='word_1_198' title='bbox 896 2035 1034 2073; x_wconf 89' lang='lat' dir='ltr'>quatuor</span> <span class='ocrx_word' id='word_1_199' title='bbox 1050 2031 1104 2062; x_wconf 89' lang='lat' dir='ltr'>ad-</span> 
     </span>
     <span class='ocr_line' id='line_1_37' title="bbox 367 2082 1104 2125; baseline 0.001 -11"><span class='ocrx_word' id='word_1_200' title='bbox 367 2082 465 2114; x_wconf 79' lang='lat' dir='ltr'>missa</span> <span class='ocrx_word' id='word_1_201' title='bbox 497 2082 586 2114; x_wconf 87' lang='lat' dir='ltr'>suere</span> <span class='ocrx_word' id='word_1_202' title='bbox 603 2108 611 2122; x_wconf 89' lang='lat'>,</span> <span class='ocrx_word' id='word_1_203' title='bbox 638 2083 702 2114; x_wconf 86' lang='lat' dir='ltr'>duo</span> <span class='ocrx_word' id='word_1_204' title='bbox 733 2082 856 2115; x_wconf 88' lang='lat' dir='ltr'>scilicet</span> <span class='ocrx_word' id='word_1_205' title='bbox 886 2093 923 2115; x_wconf 80' lang='lat' dir='ltr'>ex</span> <span class='ocrx_word' id='word_1_206' title='bbox 948 2093 1104 2125; x_wconf 84' lang='lat' dir='ltr'>processu</span> 
     </span>
     <span class='ocr_line' id='line_1_38' title="bbox 369 2134 1105 2178; baseline 0 -11"><span class='ocrx_word' id='word_1_207' title='bbox 369 2134 540 2176; x_wconf 78' lang='lat' dir='ltr'>Suessano,</span> <span class='ocrx_word' id='word_1_208' title='bbox 556 2140 587 2168; x_wconf 87' lang='lat' dir='ltr'>et</span> <span class='ocrx_word' id='word_1_209' title='bbox 601 2135 664 2168; x_wconf 91' lang='lat' dir='ltr'>duo</span> <span class='ocrx_word' id='word_1_210' title='bbox 682 2135 743 2168; x_wconf 85' lang='lat' dir='ltr'>alia</span> <span class='ocrx_word' id='word_1_211' title='bbox 757 2145 793 2168; x_wconf 78' lang='lat' dir='ltr'>ex</span> <span class='ocrx_word' id='word_1_212' title='bbox 810 2146 969 2178; x_wconf 86' lang='lat' dir='ltr'>processu</span> <span class='ocrx_word' id='word_1_213' title='bbox 991 2136 1105 2168; x_wconf 78' lang='lat' dir='ltr'>Panor-</span> 
     </span>
     <span class='ocr_line' id='line_1_39' title="bbox 370 2187 513 2221; baseline 0.007 -2"><span class='ocrx_word' id='word_1_214' title='bbox 370 2187 513 2221; x_wconf 86' lang='lat' dir='ltr'>mitano:</span> 
     </span>
    </p>

    <p class='ocr_par' dir='ltr' id='par_1_13' title="bbox 414 2240 1105 2284">
     <span class='ocr_line' id='line_1_40' title="bbox 414 2240 1105 2284; baseline 0.001 -11"><span class='ocrx_word' id='word_1_215' title='bbox 414 2240 498 2284; x_wconf 60' lang='lat' dir='ltr'>§6st</span> <span class='ocrx_word' id='word_1_216' title='bbox 521 2241 661 2273; x_wconf 86' lang='lat' dir='ltr'>Primum</span> <span class='ocrx_word' id='word_1_217' title='bbox 681 2240 714 2273; x_wconf 91' lang='lat' dir='ltr'>in</span> <span class='ocrx_word' id='word_1_218' title='bbox 738 2244 879 2284; x_wconf 79' lang='lat' dir='ltr'>persona</span> <span class='ocrx_word' id='word_1_219' title='bbox 900 2242 1026 2274; x_wconf 86' lang='lat' dir='ltr'>Ioannis</span> <span class='ocrx_word' id='word_1_220' title='bbox 1050 2242 1105 2274; x_wconf 85' lang='lat' dir='ltr'>Ze-</span> 
     </span>
    </p>
   </div>
   <div class='ocr_carea' id='block_1_13' title="bbox 176 2251 359 2298">
    <p class='ocr_par' dir='ltr' id='par_1_14' title="bbox 176 2251 359 2298">
     <span class='ocr_line' id='line_1_41' title="bbox 214 2251 359 2272; baseline -0.014 0"><span class='ocrx_word' id='word_1_221' title='bbox 214 2252 236 2272; x_wconf 82' lang='lat' dir='ltr'>ln</span> <span class='ocrx_word' id='word_1_222' title='bbox 261 2251 359 2272; x_wconf 79' lang='lat' dir='ltr'>extremis</span> 
     </span>
     <span class='ocr_line' id='line_1_42' title="bbox 176 2278 358 2298; baseline -0.005 0"><span class='ocrx_word' id='word_1_223' title='bbox 176 2278 276 2298; x_wconf 77' lang='lat' dir='ltr'>laborans</span> <span class='ocrx_word' id='word_1_224' title='bbox 302 2279 358 2298; x_wconf 73' lang='lat' dir='ltr'>illico</span> 
     </span>
    </p>
   </div>
   <div class='ocr_carea' id='block_1_14' title="bbox 175 2293 1125 2338">
    <p class='ocr_par' dir='ltr' id='par_1_15' title="bbox 175 2293 1125 2338">
     <span class='ocr_line' id='line_1_43' title="bbox 175 2293 1125 2338; baseline 0.003 -14"><span class='ocrx_word' id='word_1_225' title='bbox 175 2306 288 2326; x_wconf 65' lang='lat' dir='ltr'>sanitatem</span> <span class='ocrx_word' id='word_1_226' title='bbox 304 2294 428 2326; x_wconf 63' lang='lat' dir='ltr'>rect-lilli</span> <span class='ocrx_word' id='word_1_227' title='bbox 447 2295 486 2326; x_wconf 86' lang='lat' dir='ltr'>ab</span> <span class='ocrx_word' id='word_1_228' title='bbox 504 2293 685 2327; x_wconf 83' lang='lat' dir='ltr'>imminenti</span> <span class='ocrx_word' id='word_1_229' title='bbox 699 2299 801 2327; x_wconf 89' lang='lat' dir='ltr'>morte</span> <span class='ocrx_word' id='word_1_230' title='bbox 814 2294 1104 2338; x_wconf 85' lang='lat' dir='ltr'>mirabiliterprae-</span> <span class='ocrx_word' id='word_1_231' title='bbox 1123 2326 1125 2337; x_wconf 31' lang='grc' dir='ltr'><em>Α</em></span> 
     </span>
    </p>
   </div>
   <div class='ocr_carea' id='block_1_15' title="bbox 176 2334 1102 2390">
    <p class='ocr_par' dir='ltr' id='par_1_16' title="bbox 176 2334 1102 2390">
     <span class='ocr_line' id='line_1_44' title="bbox 176 2334 1102 2390; baseline 0 -10"><span class='ocrx_word' id='word_1_232' title='bbox 176 2334 212 2358; x_wconf 73' lang='lat' dir='ltr'>pn.</span> <span class='ocrx_word' id='word_1_233' title='bbox 370 2348 500 2380; x_wconf 87' lang='lat' dir='ltr'>servati.</span> <span class='ocrx_word' id='word_1_234' title='bbox 520 2348 611 2380; x_wconf 83' lang='lat' dir='ltr'>Hunc</span> <span class='ocrx_word' id='word_1_235' title='bbox 631 2347 716 2380; x_wconf 88' lang='lat' dir='ltr'>enim</span> <span class='ocrx_word' id='word_1_236' title='bbox 734 2358 792 2390; x_wconf 86' lang='lat' dir='ltr'>per</span> <span class='ocrx_word' id='word_1_237' title='bbox 813 2352 952 2390; x_wconf 83' lang='lat' dir='ltr'>quatuor</span> <span class='ocrx_word' id='word_1_238' title='bbox 974 2358 1102 2380; x_wconf 88' lang='lat' dir='ltr'>menses</span> 
     </span>
    </p>
   </div>
   <div class='ocr_carea' id='block_1_16' title="bbox 320 2400 1104 2604">
    <p class='ocr_par' dir='ltr' id='par_1_17' title="bbox 320 2400 1104 2604">
     <span class='ocr_line' id='line_1_45' title="bbox 370 2400 1103 2445; baseline -0.001 -11"><span class='ocrx_word' id='word_1_239' title='bbox 370 2406 578 2445; x_wconf 72' lang='lat' dir='ltr'>oppresserat</span> <span class='ocrx_word' id='word_1_240' title='bbox 591 2401 687 2433; x_wconf 78' lang='lat' dir='ltr'>febris</span> <span class='ocrx_word' id='word_1_241' title='bbox 708 2400 831 2433; x_wconf 83' lang='lat' dir='ltr'>liectica</span> <span class='ocrx_word' id='word_1_242' title='bbox 851 2401 964 2433; x_wconf 80' lang='lat' dir='ltr'>tertiae</span> <span class='ocrx_word' id='word_1_243' title='bbox 982 2402 1103 2444; x_wconf 85' lang='lat' dir='ltr'>speciei</span> 
     </span>
     <span class='ocr_line' id='line_1_46' title="bbox 320 2453 1103 2497; baseline 0 -11"><span class='ocrx_word' id='word_1_244' title='bbox 320 2458 325 2464; x_wconf 96' lang='grc'><strong>’</strong></span> <span class='ocrx_word' id='word_1_245' title='bbox 370 2454 551 2497; x_wconf 69' lang='lat' dir='ltr'>progressa¹</span> <span class='ocrx_word' id='word_1_246' title='bbox 569 2454 602 2486; x_wconf 90' lang='lat' dir='ltr'>in</span> <span class='ocrx_word' id='word_1_247' title='bbox 617 2453 808 2497; x_wconf 81' lang='lat' dir='ltr'>exquisitum</span> <span class='ocrx_word' id='word_1_248' title='bbox 824 2464 1017 2486; x_wconf 85' lang='lat' dir='ltr'>marasmum</span> <span class='ocrx_word' id='word_1_249' title='bbox 1033 2465 1103 2486; x_wconf 88' lang='lat' dir='ltr'>cnm</span> 
     </span>
     <span class='ocr_line' id='line_1_47' title="bbox 369 2507 1104 2551; baseline 0.001 -12"><span class='ocrx_word' id='word_1_250' title='bbox 369 2508 479 2540; x_wconf 80' lang='lat' dir='ltr'>ulcere</span> <span class='ocrx_word' id='word_1_251' title='bbox 504 2507 677 2551; x_wconf 76' lang='lat' dir='ltr'>pulmonis,</span> <span class='ocrx_word' id='word_1_252' title='bbox 705 2507 780 2539; x_wconf 83' lang='lat' dir='ltr'>tussi</span> <span class='ocrx_word' id='word_1_253' title='bbox 806 2507 982 2540; x_wconf 82' lang='lat' dir='ltr'>marcidum</span> <span class='ocrx_word' id='word_1_254' title='bbox 1011 2517 1104 2540; x_wconf 86' lang='lat' dir='ltr'>cruo-</span> 
     </span>
     <span class='ocr_line' id='line_1_48' title="bbox 369 2559 1103 2604; baseline -0.003 -9"><span class='ocrx_word' id='word_1_255' title='bbox 369 2572 438 2595; x_wconf 85' lang='lat' dir='ltr'>rem</span> <span class='ocrx_word' id='word_1_256' title='bbox 463 2565 643 2601; x_wconf 77' lang='lat' dir='ltr'>exereante,</span> <span class='ocrx_word' id='word_1_257' title='bbox 671 2572 706 2594; x_wconf 88' lang='lat' dir='ltr'>ac</span> <span class='ocrx_word' id='word_1_258' title='bbox 731 2559 863 2593; x_wconf 83' lang='lat' dir='ltr'>rosione</span> <span class='ocrx_word' id='word_1_259' title='bbox 889 2560 1025 2603; x_wconf 79' lang='lat' dir='ltr'>gutturis</span> <span class='ocrx_word' id='word_1_260' title='bbox 1050 2571 1103 2604; x_wconf 84' lang='lat' dir='ltr'>pa-</span> 
     </span>
    </p>
   </div>
   <div class='ocr_carea' id='block_1_17' title="bbox 947 191 1886 335">
    <p class='ocr_par' dir='ltr' id='par_1_18' title="bbox 947 191 1886 335">
     <span class='ocr_line' id='line_1_49' title="bbox 947 191 1300 229; baseline 0 -14"><span class='ocrx_word' id='word_1_261' title='bbox 947 192 1125 229; x_wconf 62' lang='lat' dir='ltr'>BULLMUtiM</span> <span class='ocrx_word' id='word_1_262' title='bbox 1150 191 1300 216; x_wconf 58' lang='lat' dir='ltr'>RUMANUM</span> 
     </span>
     <span class='ocr_line' id='line_1_50' title="bbox 1128 239 1886 289; baseline 0.004 -18"><span class='ocrx_word' id='word_1_263' title='bbox 1128 239 1229 289; x_wconf 62' lang='lat' dir='ltr'>¹riter</span> <span class='ocrx_word' id='word_1_264' title='bbox 1251 240 1404 279; x_wconf 70' lang='lat' dir='ltr'>ulcerati,</span> <span class='ocrx_word' id='word_1_265' title='bbox 1432 240 1549 283; x_wconf 84' lang='lat' dir='ltr'>quibus</span> <span class='ocrx_word' id='word_1_266' title='bbox 1581 246 1759 273; x_wconf 79' lang='lat' dir='ltr'>accesserat</span> <span class='ocrx_word' id='word_1_267' title='bbox 1789 240 1886 274; x_wconf 80' lang='lat' dir='ltr'>febris</span> 
     </span>
     <span class='ocr_line' id='line_1_51' title="bbox 1129 290 1886 335; baseline 0.007 -14"><span class='ocrx_word' id='word_1_268' title='bbox 1129 326 1130 332; x_wconf 12' lang='grc' dir='ltr'>ἵ</span> <span class='ocrx_word' id='word_1_269' title='bbox 1151 290 1276 332; x_wconf 86' lang='lat' dir='ltr'>putrida</span> <span class='ocrx_word' id='word_1_270' title='bbox 1301 296 1331 324; x_wconf 90' lang='lat' dir='ltr'>et</span> <span class='ocrx_word' id='word_1_271' title='bbox 1356 293 1513 333; x_wconf 69' lang='lat' dir='ltr'>maligna;</span> <span class='ocrx_word' id='word_1_272' title='bbox 1541 293 1626 325; x_wconf 86' lang='lat' dir='ltr'>unde</span> <span class='ocrx_word' id='word_1_273' title='bbox 1655 303 1761 335; x_wconf 77' lang='lat' dir='ltr'>aeger,</span> <span class='ocrx_word' id='word_1_274' title='bbox 1778 303 1886 326; x_wconf 84' lang='lat' dir='ltr'>susce-</span> 
     </span>
    </p>
   </div>
   <div class='ocr_carea' id='block_1_18' title="bbox 373 811 1887 912">
    <p class='ocr_par' dir='ltr' id='par_1_19' title="bbox 373 811 1887 912">
     <span class='ocr_line' id='line_1_52' title="bbox 373 811 1132 859; baseline -0.003 -11"><span class='ocrx_word' id='word_1_275' title='bbox 373 816 608 848; x_wconf 72' lang='lat' dir='ltr'>recordationis</span> <span class='ocrx_word' id='word_1_276' title='bbox 633 816 782 848; x_wconf 78' lang='lat' dir='ltr'>Clemens</span> <span class='ocrx_word' id='word_1_277' title='bbox 809 816 892 859; x_wconf 82' lang='lat' dir='ltr'>Papa</span> <span class='ocrx_word' id='word_1_278' title='bbox 918 816 954 848; x_wconf 77' lang='lat' dir='ltr'>IX</span> <span class='ocrx_word' id='word_1_279' title='bbox 980 811 1132 859; x_wconf 45' lang='lat' dir='ltr'>praedeg¹</span> 
     </span>
     <span class='ocr_line' id='line_1_53' title="bbox 1130 861 1887 912; baseline 0.007 -16"><span class='ocrx_word' id='word_1_280' title='bbox 1130 861 1183 897; x_wconf 62' lang='lat' dir='ltr'>&#39;in</span> <span class='ocrx_word' id='word_1_281' title='bbox 1209 866 1350 898; x_wconf 82' lang='lat' dir='ltr'>Candida</span> <span class='ocrx_word' id='word_1_282' title='bbox 1383 867 1534 908; x_wconf 75' lang='lat' dir='ltr'>Rosetta,</span> <span class='ocrx_word' id='word_1_283' title='bbox 1561 868 1733 900; x_wconf 78' lang='lat' dir='ltr'>vexilliferi</span> <span class='ocrx_word' id='word_1_284' title='bbox 1765 869 1887 912; x_wconf 82' lang='lat' dir='ltr'>Aloysii</span> 
     </span>
    </p>
   </div>
   <div class='ocr_carea' id='block_1_19' title="bbox 1130 334 1133 1511">
    <p class='ocr_par' dir='ltr' id='par_1_20' title="bbox 1130 334 1133 1511">
     <span class='ocr_line' id='line_1_54' title="bbox 1130 334 1133 1511; baseline 0 0"><span class='ocrx_word' id='word_1_285' title='bbox 1130 334 1133 1511; x_wconf 95' lang='lat' dir='ltr'> </span> 
     </span>
    </p>
   </div>
   <div class='ocr_carea' id='block_1_20' title="bbox 1124 1749 1128 2472">
    <p class='ocr_par' dir='ltr' id='par_1_21' title="bbox 1124 1749 1128 2472">
     <span class='ocr_line' id='line_1_55' title="bbox 1124 1749 1128 2472; baseline 0 0"><span class='ocrx_word' id='word_1_286' title='bbox 1124 1749 1128 2472; x_wconf 95' lang='lat' dir='ltr'> </span> 
     </span>
    </p>
   </div>
   <div class='ocr_carea' id='block_1_21' title="bbox 1887 192 2075 220">
    <p class='ocr_par' dir='ltr' id='par_1_22' title="bbox 1887 192 2075 220">
     <span class='ocr_line' id='line_1_56' title="bbox 1887 192 2075 220; baseline 0.005 -1"><span class='ocrx_word' id='word_1_287' title='bbox 1887 192 1941 220; x_wconf 82' lang='grc' dir='ltr'>Αη.</span> <span class='ocrx_word' id='word_1_288' title='bbox 1958 193 1988 220; x_wconf 88' lang='lat' dir='ltr'>C.</span> <span class='ocrx_word' id='word_1_289' title='bbox 2011 193 2075 220; x_wconf 71' lang='lat'>¹⁶71</span> 
     </span>
    </p>
   </div>
   <div class='ocr_carea' id='block_1_22' title="bbox 1151 343 1888 493">
    <p class='ocr_par' dir='ltr' id='par_1_23' title="bbox 1151 343 1888 493">
     <span class='ocr_line' id='line_1_57' title="bbox 1151 343 1884 385; baseline 0.005 -12"><span class='ocrx_word' id='word_1_290' title='bbox 1151 343 1212 384; x_wconf 82' lang='lat' dir='ltr'>ptis</span> <span class='ocrx_word' id='word_1_291' title='bbox 1237 343 1396 377; x_wconf 76' lang='lat' dir='ltr'>Ecclesiae</span> <span class='ocrx_word' id='word_1_292' title='bbox 1414 346 1631 385; x_wconf 72' lang='lat' dir='ltr'>sacramentis,</span> <span class='ocrx_word' id='word_1_293' title='bbox 1647 346 1684 378; x_wconf 86' lang='lat' dir='ltr'>ad</span> <span class='ocrx_word' id='word_1_294' title='bbox 1704 351 1884 378; x_wconf 84' lang='lat' dir='ltr'>extremum</span> 
     </span>
     <span class='ocr_line' id='line_1_58' title="bbox 1151 395 1888 440; baseline 0.005 -14"><span class='ocrx_word' id='word_1_295' title='bbox 1151 395 1231 427; x_wconf 80' lang='lat' dir='ltr'>ritae</span> <span class='ocrx_word' id='word_1_296' title='bbox 1259 396 1410 437; x_wconf 68' lang='lat' dir='ltr'>fugientis</span> <span class='ocrx_word' id='word_1_297' title='bbox 1431 408 1568 439; x_wconf 77' lang='lat' dir='ltr'>agonem</span> <span class='ocrx_word' id='word_1_298' title='bbox 1592 399 1764 440; x_wconf 87' lang='lat' dir='ltr'>perductus</span> <span class='ocrx_word' id='word_1_299' title='bbox 1788 398 1888 430; x_wconf 81' lang='lat' dir='ltr'>iacuit</span> 
     </span>
     <span class='ocr_line' id='line_1_59' title="bbox 1151 447 1884 493; baseline 0.008 -17"><span class='ocrx_word' id='word_1_300' title='bbox 1151 447 1220 479; x_wconf 62' lang='lat' dir='ltr'>siae</span> <span class='ocrx_word' id='word_1_301' title='bbox 1245 454 1357 488; x_wconf 73' lang='lat' dir='ltr'>motu,</span> <span class='ocrx_word' id='word_1_302' title='bbox 1385 449 1520 481; x_wconf 84' lang='lat' dir='ltr'>cessavit</span> <span class='ocrx_word' id='word_1_303' title='bbox 1552 451 1742 482; x_wconf 82' lang='lat' dir='ltr'>arteriarum</span> <span class='ocrx_word' id='word_1_304' title='bbox 1774 451 1884 493; x_wconf 88' lang='lat' dir='ltr'>pulsus</span> 
     </span>
    </p>
   </div>
   <div class='ocr_carea' id='block_1_23' title="bbox 1130 500 1885 535">
    <p class='ocr_par' dir='ltr' id='par_1_24' title="bbox 1130 500 1885 535">
     <span class='ocr_line' id='line_1_60' title="bbox 1130 500 1885 535; baseline 0.007 -5"><span class='ocrx_word' id='word_1_305' title='bbox 1130 506 1131 524; x_wconf 50' lang='grc' dir='ltr'>ἑ</span> <span class='ocrx_word' id='word_1_306' title='bbox 1151 504 1182 530; x_wconf 89' lang='lat' dir='ltr'>et</span> <span class='ocrx_word' id='word_1_307' title='bbox 1206 502 1350 531; x_wconf 74' lang='lat' dir='ltr'>consona</span> <span class='ocrx_word' id='word_1_308' title='bbox 1378 500 1472 533; x_wconf 88' lang='lat' dir='ltr'>trium</span> <span class='ocrx_word' id='word_1_309' title='bbox 1493 502 1693 535; x_wconf 82' lang='lat' dir='ltr'>medicorum</span> <span class='ocrx_word' id='word_1_310' title='bbox 1719 513 1797 535; x_wconf 84' lang='lat' dir='ltr'>voee</span> <span class='ocrx_word' id='word_1_311' title='bbox 1821 502 1885 535; x_wconf 87' lang='lat' dir='ltr'>iam</span> 
     </span>
    </p>
   </div>
   <div class='ocr_carea' id='block_1_24' title="bbox 1151 549 1887 858">
    <p class='ocr_par' dir='ltr' id='par_1_25' title="bbox 1151 549 1887 858">
     <span class='ocr_line' id='line_1_61' title="bbox 1151 549 1887 587; baseline 0.008 -6"><span class='ocrx_word' id='word_1_312' title='bbox 1151 549 1182 581; x_wconf 90' lang='lat' dir='ltr'>in</span> <span class='ocrx_word' id='word_1_313' title='bbox 1210 550 1353 582; x_wconf 79' lang='lat' dir='ltr'>saucibus</span> <span class='ocrx_word' id='word_1_314' title='bbox 1378 552 1488 584; x_wconf 89' lang='lat' dir='ltr'>mortis</span> <span class='ocrx_word' id='word_1_315' title='bbox 1507 553 1641 586; x_wconf 82' lang='lat' dir='ltr'>haerere</span> <span class='ocrx_word' id='word_1_316' title='bbox 1667 556 1887 587; x_wconf 79' lang='lat' dir='ltr'>conclamaba-</span> 
     </span>
     <span class='ocr_line' id='line_1_62' title="bbox 1153 603 1887 650; baseline 0.008 -17"><span class='ocrx_word' id='word_1_317' title='bbox 1153 608 1213 634; x_wconf 73' lang='lat' dir='ltr'>turt</span> <span class='ocrx_word' id='word_1_318' title='bbox 1237 603 1303 642; x_wconf 80' lang='lat' dir='ltr'>sed,</span> <span class='ocrx_word' id='word_1_319' title='bbox 1323 603 1493 645; x_wconf 85' lang='lat' dir='ltr'>implorato</span> <span class='ocrx_word' id='word_1_320' title='bbox 1512 606 1625 638; x_wconf 84' lang='lat' dir='ltr'>beatae</span> <span class='ocrx_word' id='word_1_321' title='bbox 1641 606 1745 639; x_wconf 67' lang='lat' dir='ltr'>Besae</span> <span class='ocrx_word' id='word_1_322' title='bbox 1762 607 1887 650; x_wconf 86' lang='lat' dir='ltr'>potenti</span> 
     </span>
     <span class='ocr_line' id='line_1_63' title="bbox 1152 655 1886 702; baseline 0.01 -17"><span class='ocrx_word' id='word_1_323' title='bbox 1152 655 1269 687; x_wconf 52' lang='lat' dir='ltr'>anxilio</span> <span class='ocrx_word' id='word_1_324' title='bbox 1287 682 1293 694; x_wconf 88' lang='lat'>,</span> <span class='ocrx_word' id='word_1_325' title='bbox 1324 656 1486 688; x_wconf 82' lang='lat' dir='ltr'>modicum</span> <span class='ocrx_word' id='word_1_326' title='bbox 1517 659 1657 700; x_wconf 85' lang='lat' dir='ltr'>pulveris</span> <span class='ocrx_word' id='word_1_327' title='bbox 1689 669 1705 691; x_wconf 90' lang='lat' dir='ltr'>e</span> <span class='ocrx_word' id='word_1_328' title='bbox 1734 661 1886 702; x_wconf 83' lang='lat' dir='ltr'>sepulcro</span> 
     </span>
     <span class='ocr_line' id='line_1_64' title="bbox 1152 707 1887 754; baseline 0.01 -17"><span class='ocrx_word' id='word_1_329' title='bbox 1152 707 1297 739; x_wconf 79' lang='lat' dir='ltr'>eiusdem</span> <span class='ocrx_word' id='word_1_330' title='bbox 1318 708 1432 741; x_wconf 75' lang='lat' dir='ltr'>Beatae</span> <span class='ocrx_word' id='word_1_331' title='bbox 1455 709 1563 741; x_wconf 82' lang='lat' dir='ltr'>hausit</span> <span class='ocrx_word' id='word_1_332' title='bbox 1583 720 1600 742; x_wconf 89' lang='lat' dir='ltr'>e</span> <span class='ocrx_word' id='word_1_333' title='bbox 1618 711 1779 743; x_wconf 82' lang='lat' dir='ltr'>cochleari</span> <span class='ocrx_word' id='word_1_334' title='bbox 1805 714 1887 754; x_wconf 70' lang='lat' dir='ltr'>aqua</span> 
     </span>
     <span class='ocr_line' id='line_1_65' title="bbox 1153 761 1887 805; baseline 0.005 -14"><span class='ocrx_word' id='word_1_335' title='bbox 1153 761 1341 799; x_wconf 72' lang='lat' dir='ltr'>resolutum,</span> <span class='ocrx_word' id='word_1_336' title='bbox 1358 766 1388 792; x_wconf 88' lang='lat' dir='ltr'>et</span> <span class='ocrx_word' id='word_1_337' title='bbox 1406 761 1493 794; x_wconf 90' lang='lat' dir='ltr'>illico</span> <span class='ocrx_word' id='word_1_338' title='bbox 1509 763 1644 794; x_wconf 86' lang='lat' dir='ltr'>salutem</span> <span class='ocrx_word' id='word_1_339' title='bbox 1660 773 1732 795; x_wconf 89' lang='lat' dir='ltr'>cum</span> <span class='ocrx_word' id='word_1_340' title='bbox 1751 763 1887 805; x_wconf 85' lang='lat' dir='ltr'>pristino</span> 
     </span>
     <span class='ocr_line' id='line_1_66' title="bbox 1152 813 1887 858; baseline 0.005 -14"><span class='ocrx_word' id='word_1_341' title='bbox 1152 813 1262 855; x_wconf 68' lang='lat' dir='ltr'>vigore</span> <span class='ocrx_word' id='word_1_342' title='bbox 1289 814 1499 856; x_wconf 73' lang='lat' dir='ltr'>integerrime</span> <span class='ocrx_word' id='word_1_343' title='bbox 1516 816 1733 858; x_wconf 80' lang='lat' dir='ltr'>recuperavit:</span> <span class='ocrx_word' id='word_1_344' title='bbox 1752 817 1887 848; x_wconf 85' lang='lat' dir='ltr'>alterum</span> 
     </span>
    </p>
   </div>
   <div class='ocr_carea' id='block_1_25' title="bbox 1151 919 1890 964">
    <p class='ocr_par' dir='ltr' id='par_1_26' title="bbox 1151 919 1890 964">
     <span class='ocr_line' id='line_1_67' title="bbox 1151 919 1890 964; baseline 0.004 -14"><span class='ocrx_word' id='word_1_345' title='bbox 1151 919 1190 950; x_wconf 90' lang='lat' dir='ltr'>de</span> <span class='ocrx_word' id='word_1_346' title='bbox 1215 919 1357 951; x_wconf 80' lang='lat' dir='ltr'>Carvaial</span> <span class='ocrx_word' id='word_1_347' title='bbox 1384 920 1517 962; x_wconf 80' lang='lat' dir='ltr'>Hispani</span> <span class='ocrx_word' id='word_1_348' title='bbox 1535 931 1646 955; x_wconf 79' lang='lat' dir='ltr'>uxore.</span> <span class='ocrx_word' id='word_1_349' title='bbox 1666 921 1728 961; x_wconf 86' lang='lat' dir='ltr'>cui,</span> <span class='ocrx_word' id='word_1_350' title='bbox 1747 921 1778 953; x_wconf 86' lang='lat' dir='ltr'>in</span> <span class='ocrx_word' id='word_1_351' title='bbox 1798 932 1890 964; x_wconf 80' lang='lat' dir='ltr'>prae-</span> 
     </span>
    </p>
   </div>
   <div class='ocr_carea' id='block_1_26' title="bbox 1141 972 1888 1016">
    <p class='ocr_par' dir='ltr' id='par_1_27' title="bbox 1141 972 1888 1016">
     <span class='ocr_line' id='line_1_68' title="bbox 1141 972 1888 1016; baseline 0.003 -12"><span class='ocrx_word' id='word_1_352' title='bbox 1141 972 1267 1015; x_wconf 88' lang='lat' dir='ltr'>mortui</span> <span class='ocrx_word' id='word_1_353' title='bbox 1301 973 1402 1003; x_wconf 81' lang='lat' dir='ltr'>soetus</span> <span class='ocrx_word' id='word_1_354' title='bbox 1436 973 1611 1006; x_wconf 81' lang='lat' dir='ltr'>miserabili</span> <span class='ocrx_word' id='word_1_355' title='bbox 1636 979 1744 1016; x_wconf 85' lang='lat' dir='ltr'>partu,</span> <span class='ocrx_word' id='word_1_356' title='bbox 1771 974 1888 1006; x_wconf 88' lang='lat' dir='ltr'>nimius</span> 
     </span>
    </p>
   </div>
   <div class='ocr_carea' id='block_1_27' title="bbox 1149 1026 1889 1639">
    <p class='ocr_par' dir='ltr' id='par_1_28' title="bbox 1149 1026 1889 1639">
     <span class='ocr_line' id='line_1_69' title="bbox 1150 1026 1889 1069; baseline 0.004 -13"><span class='ocrx_word' id='word_1_357' title='bbox 1150 1036 1208 1068; x_wconf 89' lang='lat' dir='ltr'>pro</span> <span class='ocrx_word' id='word_1_358' title='bbox 1232 1026 1447 1057; x_wconf 81' lang='lat' dir='ltr'>secundarum</span> <span class='ocrx_word' id='word_1_359' title='bbox 1474 1026 1647 1058; x_wconf 85' lang='lat' dir='ltr'>emissione</span> <span class='ocrx_word' id='word_1_360' title='bbox 1674 1033 1809 1059; x_wconf 82' lang='lat' dir='ltr'>conatus</span> <span class='ocrx_word' id='word_1_361' title='bbox 1831 1037 1889 1069; x_wconf 83' lang='lat' dir='ltr'>per</span> 
     </span>
     <span class='ocr_line' id='line_1_70' title="bbox 1152 1077 1889 1111; baseline 0.003 -2"><span class='ocrx_word' id='word_1_362' title='bbox 1152 1077 1291 1109; x_wconf 87' lang='lat' dir='ltr'>triduum</span> <span class='ocrx_word' id='word_1_363' title='bbox 1317 1077 1482 1109; x_wconf 80' lang='lat' dir='ltr'>adhibitus</span> <span class='ocrx_word' id='word_1_364' title='bbox 1508 1081 1570 1110; x_wconf 77' lang='lat' dir='ltr'>una</span> <span class='ocrx_word' id='word_1_365' title='bbox 1595 1089 1666 1110; x_wconf 89' lang='lat' dir='ltr'>cum</span> <span class='ocrx_word' id='word_1_366' title='bbox 1692 1079 1756 1111; x_wconf 87' lang='lat' dir='ltr'>illis</span> <span class='ocrx_word' id='word_1_367' title='bbox 1782 1079 1889 1111; x_wconf 87' lang='lat' dir='ltr'>matri-</span> 
     </span>
     <span class='ocr_line' id='line_1_71' title="bbox 1150 1131 1889 1174; baseline 0.003 -12"><span class='ocrx_word' id='word_1_368' title='bbox 1150 1141 1221 1163; x_wconf 85' lang='lat' dir='ltr'>cem</span> <span class='ocrx_word' id='word_1_369' title='bbox 1248 1132 1331 1163; x_wconf 78' lang='lat' dir='ltr'>soras</span> <span class='ocrx_word' id='word_1_370' title='bbox 1358 1136 1556 1171; x_wconf 71' lang='lat' dir='ltr'>extruserat,</span> <span class='ocrx_word' id='word_1_371' title='bbox 1582 1142 1664 1174; x_wconf 86' lang='lat' dir='ltr'>quae</span> <span class='ocrx_word' id='word_1_372' title='bbox 1690 1132 1807 1164; x_wconf 89' lang='lat' dir='ltr'>deinde</span> <span class='ocrx_word' id='word_1_373' title='bbox 1833 1131 1889 1163; x_wconf 87' lang='lat' dir='ltr'>sri-</span> 
     </span>
     <span class='ocr_line' id='line_1_72' title="bbox 1150 1184 1884 1225; baseline 0.003 -10"><span class='ocrx_word' id='word_1_374' title='bbox 1150 1184 1282 1225; x_wconf 72' lang='lat' dir='ltr'>goribus</span> <span class='ocrx_word' id='word_1_375' title='bbox 1319 1185 1351 1215; x_wconf 90' lang='lat' dir='ltr'>in</span> <span class='ocrx_word' id='word_1_376' title='bbox 1388 1189 1470 1216; x_wconf 83' lang='lat' dir='ltr'>statu</span> <span class='ocrx_word' id='word_1_377' title='bbox 1502 1185 1675 1217; x_wconf 86' lang='lat' dir='ltr'>marmoris</span> <span class='ocrx_word' id='word_1_378' title='bbox 1707 1184 1884 1225; x_wconf 84' lang='lat' dir='ltr'>obduruit,</span> 
     </span>
     <span class='ocr_line' id='line_1_73' title="bbox 1150 1236 1887 1280; baseline 0.003 -13"><span class='ocrx_word' id='word_1_379' title='bbox 1150 1237 1259 1278; x_wconf 74' lang='lat' dir='ltr'>nigra,</span> <span class='ocrx_word' id='word_1_380' title='bbox 1286 1236 1422 1278; x_wconf 79' lang='lat' dir='ltr'>visuque</span> <span class='ocrx_word' id='word_1_381' title='bbox 1458 1236 1591 1269; x_wconf 80' lang='lat' dir='ltr'>horrida</span> <span class='ocrx_word' id='word_1_382' title='bbox 1616 1242 1648 1269; x_wconf 90' lang='lat' dir='ltr'>et</span> <span class='ocrx_word' id='word_1_383' title='bbox 1675 1237 1887 1280; x_wconf 77' lang='lat' dir='ltr'>praegrandis</span> 
     </span>
     <span class='ocr_line' id='line_1_74' title="bbox 1150 1289 1884 1334; baseline 0.007 -17"><span class='ocrx_word' id='word_1_384' title='bbox 1150 1290 1276 1331; x_wconf 80' lang='lat' dir='ltr'>(utpote</span> <span class='ocrx_word' id='word_1_385' title='bbox 1299 1289 1394 1320; x_wconf 83' lang='lat' dir='ltr'>trium</span> <span class='ocrx_word' id='word_1_386' title='bbox 1413 1289 1567 1321; x_wconf 87' lang='lat' dir='ltr'>librarum</span> <span class='ocrx_word' id='word_1_387' title='bbox 1589 1290 1733 1332; x_wconf 86' lang='lat' dir='ltr'>pondere</span> <span class='ocrx_word' id='word_1_388' title='bbox 1753 1290 1884 1334; x_wconf 80' lang='lat' dir='ltr'>gravis).</span> 
     </span>
     <span class='ocr_line' id='line_1_75' title="bbox 1150 1341 1888 1385; baseline 0.003 -12"><span class='ocrx_word' id='word_1_389' title='bbox 1150 1341 1374 1374; x_wconf 81' lang='lat' dir='ltr'>Molestissimo</span> <span class='ocrx_word' id='word_1_390' title='bbox 1400 1342 1545 1374; x_wconf 86' lang='lat' dir='ltr'>cruciatu</span> <span class='ocrx_word' id='word_1_391' title='bbox 1569 1342 1615 1375; x_wconf 87' lang='lat' dir='ltr'>sic</span> <span class='ocrx_word' id='word_1_392' title='bbox 1639 1343 1818 1385; x_wconf 77' lang='lat' dir='ltr'>permansit</span> <span class='ocrx_word' id='word_1_393' title='bbox 1842 1344 1888 1376; x_wconf 86' lang='lat' dir='ltr'>so-</span> 
     </span>
     <span class='ocr_line' id='line_1_76' title="bbox 1150 1394 1887 1436; baseline 0.005 -12"><span class='ocrx_word' id='word_1_394' title='bbox 1150 1394 1192 1425; x_wconf 85' lang='lat' dir='ltr'>ris</span> <span class='ocrx_word' id='word_1_395' title='bbox 1218 1405 1277 1436; x_wconf 74' lang='lat' dir='ltr'>per</span> <span class='ocrx_word' id='word_1_396' title='bbox 1302 1395 1499 1433; x_wconf 79' lang='lat' dir='ltr'>octennium,</span> <span class='ocrx_word' id='word_1_397' title='bbox 1525 1396 1627 1428; x_wconf 90' lang='lat' dir='ltr'>donec</span> <span class='ocrx_word' id='word_1_398' title='bbox 1652 1396 1765 1428; x_wconf 81' lang='lat' dir='ltr'>Beatae</span> <span class='ocrx_word' id='word_1_399' title='bbox 1792 1396 1887 1428; x_wconf 84' lang='lat' dir='ltr'>huius</span> 
     </span>
     <span class='ocr_line' id='line_1_77' title="bbox 1150 1446 1885 1492; baseline 0.005 -15"><span class='ocrx_word' id='word_1_400' title='bbox 1150 1446 1212 1489; x_wconf 77' lang='lat' dir='ltr'>(eui</span> <span class='ocrx_word' id='word_1_401' title='bbox 1239 1447 1381 1489; x_wconf 78' lang='lat' dir='ltr'>impense</span> <span class='ocrx_word' id='word_1_402' title='bbox 1405 1448 1545 1480; x_wconf 81' lang='lat' dir='ltr'>Candida</span> <span class='ocrx_word' id='word_1_403' title='bbox 1571 1458 1603 1480; x_wconf 87' lang='lat' dir='ltr'>se</span> <span class='ocrx_word' id='word_1_404' title='bbox 1629 1449 1885 1492; x_wconf 83' lang='lat' dir='ltr'>commendarat)</span> 
     </span>
     <span class='ocr_line' id='line_1_78' title="bbox 1149 1499 1887 1544; baseline 0.005 -14"><span class='ocrx_word' id='word_1_405' title='bbox 1149 1499 1288 1541; x_wconf 74' lang='lat' dir='ltr'>imagine</span> <span class='ocrx_word' id='word_1_406' title='bbox 1315 1502 1498 1542; x_wconf 68' lang='lat' dir='ltr'>papyraeea</span> <span class='ocrx_word' id='word_1_407' title='bbox 1514 1500 1615 1533; x_wconf 90' lang='lat' dir='ltr'>ventri</span> <span class='ocrx_word' id='word_1_408' title='bbox 1636 1501 1800 1544; x_wconf 76' lang='lat' dir='ltr'>applicita,</span> <span class='ocrx_word' id='word_1_409' title='bbox 1815 1512 1887 1534; x_wconf 87' lang='lat' dir='ltr'>sen-</span> 
     </span>
     <span class='ocr_line' id='line_1_79' title="bbox 1149 1552 1884 1596; baseline 0.005 -13"><span class='ocrx_word' id='word_1_410' title='bbox 1149 1552 1190 1584; x_wconf 92' lang='lat' dir='ltr'>sit</span> <span class='ocrx_word' id='word_1_411' title='bbox 1215 1553 1428 1585; x_wconf 85' lang='lat' dir='ltr'>incontinenti</span> <span class='ocrx_word' id='word_1_412' title='bbox 1448 1564 1544 1596; x_wconf 80' lang='lat' dir='ltr'>aegra</span> <span class='ocrx_word' id='word_1_413' title='bbox 1558 1554 1721 1587; x_wconf 82' lang='lat' dir='ltr'>matricem</span> <span class='ocrx_word' id='word_1_414' title='bbox 1736 1555 1767 1587; x_wconf 90' lang='lat' dir='ltr'>in</span> <span class='ocrx_word' id='word_1_415' title='bbox 1782 1556 1884 1587; x_wconf 82' lang='lat' dir='ltr'>alvum</span> 
     </span>
     <span class='ocr_line' id='line_1_80' title="bbox 1149 1605 1884 1639; baseline 0.005 -4"><span class='ocrx_word' id='word_1_416' title='bbox 1149 1605 1301 1637; x_wconf 85' lang='lat' dir='ltr'>rediisse:</span> <span class='ocrx_word' id='word_1_417' title='bbox 1321 1606 1405 1638; x_wconf 89' lang='lat' dir='ltr'>unde</span> <span class='ocrx_word' id='word_1_418' title='bbox 1425 1606 1593 1638; x_wconf 81' lang='lat' dir='ltr'>confestim</span> <span class='ocrx_word' id='word_1_419' title='bbox 1612 1617 1690 1638; x_wconf 84' lang='lat' dir='ltr'>sana</span> <span class='ocrx_word' id='word_1_420' title='bbox 1703 1613 1735 1639; x_wconf 91' lang='lat' dir='ltr'>et</span> <span class='ocrx_word' id='word_1_421' title='bbox 1755 1607 1884 1639; x_wconf 85' lang='lat' dir='ltr'>robusta</span> 
     </span>
    </p>
   </div>
   <div class='ocr_carea' id='block_1_28' title="bbox 213 1658 1885 1755">
    <p class='ocr_par' dir='ltr' id='par_1_29' title="bbox 213 1658 1885 1755">
     <span class='ocr_line' id='line_1_81' title="bbox 1126 1658 1885 1701; baseline 0.004 -12"><span class='ocrx_word' id='word_1_422' title='bbox 1126 1658 1233 1698; x_wconf 60' lang='lat' dir='ltr'>⁴lecto</span> <span class='ocrx_word' id='word_1_423' title='bbox 1263 1658 1399 1699; x_wconf 85' lang='lat' dir='ltr'>exsiliit,</span> <span class='ocrx_word' id='word_1_424' title='bbox 1427 1669 1463 1691; x_wconf 86' lang='lat' dir='ltr'>ac</span> <span class='ocrx_word' id='word_1_425' title='bbox 1495 1670 1556 1701; x_wconf 90' lang='lat' dir='ltr'>per</span> <span class='ocrx_word' id='word_1_426' title='bbox 1585 1659 1715 1692; x_wconf 81' lang='lat' dir='ltr'>domum</span> <span class='ocrx_word' id='word_1_427' title='bbox 1739 1660 1806 1693; x_wconf 83' lang='lat' dir='ltr'>visa</span> <span class='ocrx_word' id='word_1_428' title='bbox 1838 1665 1885 1692; x_wconf 89' lang='lat' dir='ltr'>est</span> 
     </span>
     <span class='ocr_line' id='line_1_82' title="bbox 213 1705 1128 1755; baseline 0.004 -14"><span class='ocrx_word' id='word_1_429' title='bbox 213 1721 270 1742; x_wconf 64' lang='lat' dir='ltr'>Nova</span> <span class='ocrx_word' id='word_1_430' title='bbox 294 1711 580 1753; x_wconf 66' lang='lat' dir='ltr'>mira-sormatisque</span> <span class='ocrx_word' id='word_1_431' title='bbox 607 1711 796 1744; x_wconf 84' lang='lat' dir='ltr'>auctoritate</span> <span class='ocrx_word' id='word_1_432' title='bbox 822 1713 1001 1754; x_wconf 79' lang='lat' dir='ltr'>apostolica</span> <span class='ocrx_word' id='word_1_433' title='bbox 1032 1723 1106 1755; x_wconf 90' lang='lat' dir='ltr'>pro·</span> <span class='ocrx_word' id='word_1_434' title='bbox 1127 1705 1128 1746; x_wconf 50' lang='lat' dir='ltr'>f</span> 
     </span>
    </p>
   </div>
   <div class='ocr_carea' id='block_1_29' title="bbox 1146 1712 2078 2548">
    <p class='ocr_par' dir='ltr' id='par_1_30' title="bbox 1147 1712 1539 1754">
     <span class='ocr_line' id='line_1_83' title="bbox 1147 1712 1539 1754; baseline 0.005 -12"><span class='ocrx_word' id='word_1_435' title='bbox 1147 1722 1224 1754; x_wconf 87' lang='lat' dir='ltr'>prae</span> <span class='ocrx_word' id='word_1_436' title='bbox 1242 1712 1357 1753; x_wconf 76' lang='lat' dir='ltr'>gaudio</span> <span class='ocrx_word' id='word_1_437' title='bbox 1377 1712 1539 1745; x_wconf 83' lang='lat' dir='ltr'>saltitare:</span> 
     </span>
    </p>

    <p class='ocr_par' dir='ltr' id='par_1_31' title="bbox 1146 1764 2078 2548">
     <span class='ocr_line' id='line_1_84' title="bbox 1191 1764 2076 1806; baseline 0.003 -11"><span class='ocrx_word' id='word_1_438' title='bbox 1191 1764 1283 1806; x_wconf 64' lang='lat' dir='ltr'>gol.</span> <span class='ocrx_word' id='word_1_439' title='bbox 1316 1764 1386 1796; x_wconf 89' lang='lat' dir='ltr'>Alia</span> <span class='ocrx_word' id='word_1_440' title='bbox 1410 1765 1522 1797; x_wconf 85' lang='lat' dir='ltr'>itidem</span> <span class='ocrx_word' id='word_1_441' title='bbox 1554 1765 1630 1797; x_wconf 88' lang='lat' dir='ltr'>bina</span> <span class='ocrx_word' id='word_1_442' title='bbox 1663 1766 1821 1799; x_wconf 85' lang='lat' dir='ltr'>miracula</span> <span class='ocrx_word' id='word_1_443' title='bbox 1846 1777 1882 1799; x_wconf 76' lang='lat' dir='ltr'>ex</span> <span class='ocrx_word' id='word_1_444' title='bbox 1917 1778 2076 1799; x_wconf 55' lang='lat' dir='ltr'>Ammiteano-</span> 
     </span>
     <span class='ocr_line' id='line_1_85' title="bbox 1147 1805 2078 1859; baseline 0.003 -10"><span class='ocrx_word' id='word_1_445' title='bbox 1147 1827 1298 1859; x_wconf 87' lang='lat' dir='ltr'>processu</span> <span class='ocrx_word' id='word_1_446' title='bbox 1324 1818 1562 1858; x_wconf 83' lang='lat' dir='ltr'>Panormitano,</span> <span class='ocrx_word' id='word_1_447' title='bbox 1589 1819 1756 1851; x_wconf 84' lang='lat' dir='ltr'>videlicet:</span> <span class='ocrx_word' id='word_1_448' title='bbox 1783 1805 2078 1859; x_wconf 49' lang='lat' dir='ltr'>un11m35l⁶f¹2233&#39;til³‚&#39;.&#39;3</span> 
     </span>
     <span class='ocr_line' id='line_1_86' title="bbox 1147 1857 1972 1914; baseline 0.002 -13"><span class='ocrx_word' id='word_1_449' title='bbox 1147 1870 1178 1901; x_wconf 90' lang='lat' dir='ltr'>in</span> <span class='ocrx_word' id='word_1_450' title='bbox 1205 1870 1372 1902; x_wconf 85' lang='lat' dir='ltr'>sanatione</span> <span class='ocrx_word' id='word_1_451' title='bbox 1397 1870 1536 1903; x_wconf 87' lang='lat' dir='ltr'>mirabili</span> <span class='ocrx_word' id='word_1_452' title='bbox 1569 1871 1673 1903; x_wconf 83' lang='lat' dir='ltr'>fratris</span> <span class='ocrx_word' id='word_1_453' title='bbox 1708 1857 1972 1914; x_wconf 53' lang='lat' dir='ltr'>Seraphinimdst&#39;</span> 
     </span>
     <span class='ocr_line' id='line_1_87' title="bbox 1147 1923 1881 1965; baseline 0.001 -10"><span class='ocrx_word' id='word_1_454' title='bbox 1147 1923 1265 1965; x_wconf 78' lang='lat' dir='ltr'>Puglisi</span> <span class='ocrx_word' id='word_1_455' title='bbox 1280 1934 1315 1955; x_wconf 78' lang='lat' dir='ltr'>ex</span> <span class='ocrx_word' id='word_1_456' title='bbox 1330 1923 1447 1956; x_wconf 88' lang='lat' dir='ltr'>Ordine</span> <span class='ocrx_word' id='word_1_457' title='bbox 1463 1924 1578 1955; x_wconf 80' lang='lat' dir='ltr'>Beatae</span> <span class='ocrx_word' id='word_1_458' title='bbox 1595 1923 1708 1956; x_wconf 83' lang='lat' dir='ltr'>Mariae</span> <span class='ocrx_word' id='word_1_459' title='bbox 1724 1924 1762 1957; x_wconf 91' lang='lat' dir='ltr'>de</span> <span class='ocrx_word' id='word_1_460' title='bbox 1777 1925 1881 1956; x_wconf 82' lang='lat' dir='ltr'>Monte</span> 
     </span>
     <span class='ocr_line' id='line_1_88' title="bbox 1146 1975 1884 2019; baseline 0 -10"><span class='ocrx_word' id='word_1_461' title='bbox 1146 1976 1305 2009; x_wconf 82' lang='lat' dir='ltr'>Carmelo.</span> <span class='ocrx_word' id='word_1_462' title='bbox 1333 1976 1385 2007; x_wconf 85' lang='lat' dir='ltr'>Vir</span> <span class='ocrx_word' id='word_1_463' title='bbox 1409 1977 1468 2008; x_wconf 82' lang='lat' dir='ltr'>iste</span> <span class='ocrx_word' id='word_1_464' title='bbox 1494 1975 1664 2018; x_wconf 75' lang='lat' dir='ltr'>religiosus</span> <span class='ocrx_word' id='word_1_465' title='bbox 1681 1976 1823 2019; x_wconf 77' lang='lat' dir='ltr'>maligna</span> <span class='ocrx_word' id='word_1_466' title='bbox 1841 1978 1884 2009; x_wconf 79' lang='lat' dir='ltr'>se·</span> 
     </span>
     <span class='ocr_line' id='line_1_89' title="bbox 1146 2029 1882 2073; baseline 0.001 -12"><span class='ocrx_word' id='word_1_467' title='bbox 1146 2029 1195 2061; x_wconf 91' lang='lat' dir='ltr'>bri</span> <span class='ocrx_word' id='word_1_468' title='bbox 1208 2029 1372 2062; x_wconf 88' lang='lat' dir='ltr'>lethaliter</span> <span class='ocrx_word' id='word_1_469' title='bbox 1387 2034 1524 2067; x_wconf 78' lang='lat' dir='ltr'>exustus,</span> <span class='ocrx_word' id='word_1_470' title='bbox 1548 2039 1583 2061; x_wconf 82' lang='lat' dir='ltr'>ac</span> <span class='ocrx_word' id='word_1_471' title='bbox 1604 2029 1731 2062; x_wconf 88' lang='lat' dir='ltr'>decimo</span> <span class='ocrx_word' id='word_1_472' title='bbox 1745 2030 1882 2073; x_wconf 88' lang='lat' dir='ltr'>septimo</span> 
     </span>
     <span class='ocr_line' id='line_1_90' title="bbox 1146 2081 1882 2114; baseline 0 -1"><span class='ocrx_word' id='word_1_473' title='bbox 1146 2093 1222 2114; x_wconf 82' lang='lat' dir='ltr'>suae</span> <span class='ocrx_word' id='word_1_474' title='bbox 1248 2081 1441 2114; x_wconf 82' lang='lat' dir='ltr'>infirmitatis</span> <span class='ocrx_word' id='word_1_475' title='bbox 1473 2082 1524 2114; x_wconf 91' lang='lat' dir='ltr'>die</span> <span class='ocrx_word' id='word_1_476' title='bbox 1550 2081 1682 2114; x_wconf 88' lang='lat' dir='ltr'>omnino</span> <span class='ocrx_word' id='word_1_477' title='bbox 1708 2081 1882 2114; x_wconf 77' lang='lat' dir='ltr'>derelictus</span> 
     </span>
     <span class='ocr_line' id='line_1_91' title="bbox 1146 2135 1883 2167; baseline 0 -1"><span class='ocrx_word' id='word_1_478' title='bbox 1146 2147 1163 2167; x_wconf 86' lang='lat' dir='ltr'>a</span> <span class='ocrx_word' id='word_1_479' title='bbox 1176 2135 1309 2167; x_wconf 87' lang='lat' dir='ltr'>medicis</span> <span class='ocrx_word' id='word_1_480' title='bbox 1323 2139 1508 2167; x_wconf 87' lang='lat' dir='ltr'>constanter</span> <span class='ocrx_word' id='word_1_481' title='bbox 1521 2135 1777 2167; x_wconf 86' lang='lat' dir='ltr'>asseverantibus</span> <span class='ocrx_word' id='word_1_482' title='bbox 1803 2135 1883 2167; x_wconf 78' lang='lat' dir='ltr'>hora</span> 
     </span>
     <span class='ocr_line' id='line_1_92' title="bbox 1146 2187 1882 2230; baseline 0.003 -12"><span class='ocrx_word' id='word_1_483' title='bbox 1146 2188 1258 2230; x_wconf 74' lang='lat' dir='ltr'>quinta</span> <span class='ocrx_word' id='word_1_484' title='bbox 1281 2192 1336 2219; x_wconf 89' lang='lat' dir='ltr'>aut</span> <span class='ocrx_word' id='word_1_485' title='bbox 1367 2189 1456 2220; x_wconf 73' lang='lat' dir='ltr'>sexta</span> <span class='ocrx_word' id='word_1_486' title='bbox 1488 2187 1592 2219; x_wconf 84' lang='lat' dir='ltr'>noctis</span> <span class='ocrx_word' id='word_1_487' title='bbox 1625 2187 1769 2230; x_wconf 77' lang='lat' dir='ltr'>proxime</span> <span class='ocrx_word' id='word_1_488' title='bbox 1795 2188 1882 2220; x_wconf 85' lang='lat' dir='ltr'>inse-</span> 
     </span>
     <span class='ocr_line' id='line_1_93' title="bbox 1147 2238 1882 2283; baseline 0.001 -12"><span class='ocrx_word' id='word_1_489' title='bbox 1147 2240 1274 2283; x_wconf 82' lang='lat' dir='ltr'>quentis</span> <span class='ocrx_word' id='word_1_490' title='bbox 1301 2240 1530 2282; x_wconf 79' lang='lat' dir='ltr'>expiraturum,</span> <span class='ocrx_word' id='word_1_491' title='bbox 1557 2238 1686 2282; x_wconf 84' lang='lat' dir='ltr'>iamque</span> <span class='ocrx_word' id='word_1_492' title='bbox 1703 2240 1819 2272; x_wconf 74' lang='lat' dir='ltr'>amissa</span> <span class='ocrx_word' id='word_1_493' title='bbox 1835 2240 1882 2273; x_wconf 94' lang='lat' dir='ltr'>lo-</span> 
     </span>
     <span class='ocr_line' id='line_1_94' title="bbox 1147 2292 1878 2335; baseline 0.003 -12"><span class='ocrx_word' id='word_1_494' title='bbox 1147 2294 1250 2335; x_wconf 80' lang='lat' dir='ltr'>quela,</span> <span class='ocrx_word' id='word_1_495' title='bbox 1267 2297 1299 2324; x_wconf 88' lang='lat' dir='ltr'>et</span> <span class='ocrx_word' id='word_1_496' title='bbox 1316 2293 1386 2324; x_wconf 88' lang='lat' dir='ltr'>visu</span> <span class='ocrx_word' id='word_1_497' title='bbox 1401 2293 1524 2324; x_wconf 87' lang='lat' dir='ltr'>luctans</span> <span class='ocrx_word' id='word_1_498' title='bbox 1542 2302 1614 2323; x_wconf 87' lang='lat' dir='ltr'>cum</span> <span class='ocrx_word' id='word_1_499' title='bbox 1631 2292 1744 2324; x_wconf 87' lang='lat' dir='ltr'>ultimo</span> <span class='ocrx_word' id='word_1_500' title='bbox 1762 2303 1878 2335; x_wconf 79' lang='lat' dir='ltr'>agone,</span> 
     </span>
     <span class='ocr_line' id='line_1_95' title="bbox 1146 2344 1879 2387; baseline 0.003 -11"><span class='ocrx_word' id='word_1_501' title='bbox 1146 2356 1217 2378; x_wconf 80' lang='lat' dir='ltr'>mox</span> <span class='ocrx_word' id='word_1_502' title='bbox 1241 2350 1276 2377; x_wconf 84' lang='lat' dir='ltr'>ut</span> <span class='ocrx_word' id='word_1_503' title='bbox 1300 2355 1394 2387; x_wconf 90' lang='lat' dir='ltr'>opem</span> <span class='ocrx_word' id='word_1_504' title='bbox 1423 2344 1535 2377; x_wconf 81' lang='lat' dir='ltr'>beatae</span> <span class='ocrx_word' id='word_1_505' title='bbox 1562 2344 1665 2376; x_wconf 81' lang='lat' dir='ltr'>Rosae</span> <span class='ocrx_word' id='word_1_506' title='bbox 1690 2349 1757 2378; x_wconf 86' lang='lat' dir='ltr'>toto</span> <span class='ocrx_word' id='word_1_507' title='bbox 1781 2346 1879 2378; x_wconf 87' lang='lat' dir='ltr'>corde</span> 
     </span>
     <span class='ocr_line' id='line_1_96' title="bbox 1146 2397 1880 2442; baseline 0.004 -13"><span class='ocrx_word' id='word_1_508' title='bbox 1146 2398 1352 2442; x_wconf 85' lang='lat' dir='ltr'>imploravit,</span> <span class='ocrx_word' id='word_1_509' title='bbox 1387 2399 1534 2430; x_wconf 84' lang='lat' dir='ltr'>eamdem</span> <span class='ocrx_word' id='word_1_510' title='bbox 1567 2397 1679 2430; x_wconf 86' lang='lat' dir='ltr'>hahuit</span> <span class='ocrx_word' id='word_1_511' title='bbox 1710 2398 1880 2432; x_wconf 76' lang='lat' dir='ltr'>manifeste</span> 
     </span>
     <span class='ocr_line' id='line_1_97' title="bbox 1146 2451 1879 2495; baseline -0.001 -11"><span class='ocrx_word' id='word_1_512' title='bbox 1146 2452 1363 2495; x_wconf 83' lang='lat' dir='ltr'>conspicuam,</span> <span class='ocrx_word' id='word_1_513' title='bbox 1379 2451 1550 2494; x_wconf 84' lang='lat' dir='ltr'>subitoque</span> <span class='ocrx_word' id='word_1_514' title='bbox 1563 2452 1680 2491; x_wconf 80' lang='lat' dir='ltr'>valens,</span> <span class='ocrx_word' id='word_1_515' title='bbox 1699 2451 1879 2493; x_wconf 83' lang='lat' dir='ltr'>incolumis,</span> 
     </span>
     <span class='ocr_line' id='line_1_98' title="bbox 1146 2504 1834 2548; baseline -0.001 -10"><span class='ocrx_word' id='word_1_516' title='bbox 1146 2511 1274 2548; x_wconf 81' lang='lat' dir='ltr'>vegetus</span> <span class='ocrx_word' id='word_1_517' title='bbox 1299 2516 1369 2538; x_wconf 92' lang='lat' dir='ltr'>cum</span> <span class='ocrx_word' id='word_1_518' title='bbox 1396 2510 1528 2547; x_wconf 83' lang='lat' dir='ltr'>stupore</span> <span class='ocrx_word' id='word_1_519' title='bbox 1554 2505 1696 2537; x_wconf 86' lang='lat' dir='ltr'>omnium</span> <span class='ocrx_word' id='word_1_520' title='bbox 1722 2504 1834 2538; x_wconf 87' lang='lat' dir='ltr'>evasit:</span> 
     </span>
    </p>
   </div>
   <div class='ocr_carea' id='block_1_30' title="bbox 1182 2567 1750 2603">
    <p class='ocr_par' dir='ltr' id='par_1_32' title="bbox 1182 2567 1750 2603">
     <span class='ocr_line' id='line_1_99' title="bbox 1182 2567 1750 2603; baseline 0 -9"><span class='ocrx_word' id='word_1_521' title='bbox 1182 2569 1192 2595; x_wconf 87' lang='lat'>1</span> <span class='ocrx_word' id='word_1_522' title='bbox 1216 2568 1284 2594; x_wconf 86' lang='lat' dir='ltr'>Edit.</span> <span class='ocrx_word' id='word_1_523' title='bbox 1303 2567 1381 2594; x_wconf 61' lang='grc' dir='ltr'><strong>Μαίη.</strong></span> <span class='ocrx_word' id='word_1_524' title='bbox 1399 2567 1464 2603; x_wconf 82' lang='lat' dir='ltr'>legit</span> <span class='ocrx_word' id='word_1_525' title='bbox 1476 2576 1631 2602; x_wconf 69' lang='lat' dir='ltr'>2›royv&#39;essu</span> <span class='ocrx_word' id='word_1_526' title='bbox 1645 2568 1686 2603; x_wconf 79' lang='lat' dir='ltr'>(n.</span> <span class='ocrx_word' id='word_1_527' title='bbox 1702 2569 1750 2602; x_wconf 87' lang='grc' dir='ltr'><strong>Τ.).</strong></span> 
     </span>
    </p>
   </div>
  </div>
 </body>
</html>
