2279 3260
158 241 210 268 An.
228 240 259 268 C.
280 241 349 269 1674

985 243 1126 269 CLEMENS
1148 244 1165 267 X
1190 245 1238 268 ΡΡ.

353 296 512 335 ponentes
538 292 688 336 specialis
726 291 833 326 favore
867 293 987 336 gratiae
1013 303 1083 336 pro·
1128 292 1166 324 ab
1184 292 1338 325 exercitio
1365 302 1643 336 quorumcumque
1670 291 1860 331 officiorum,

353 345 443 388 sequi
468 346 669 386 volentes,et
686 356 798 379 eorum
815 345 994 388 singulares
1012 356 1086 389 per·
1128 356 1163 377 ac
1187 345 1363 388 privatione
1389 345 1475 377 vocis
1500 345 1620 377 activae
1647 349 1678 377 et
1703 344 1858 387 passivae,

353 408 446 430 sonas
483 410 499 430 a
531 398 695 442 quibusvis
730 398 1083 438 excommnuicationis,

354 450 574 495 suspensionis
600 457 632 484 ct
656 452 826 492 interdicti,
864 452 1000 496 aliisque
1037 462 1087 484 ec-

353 504 539 538 clesiasticis
552 505 729 546 sententiis,
749 505 892 539 censuris
910 511 941 538 et.
958 505 1084 549 poenis,

354 567 371 589 a
395 556 465 590 11110
489 559 537 591 vel
563 558 602 590 ab
628 558 769 599 homine,
788 558 900 602 quavis
918 557 1087 591 occasione

354 611 402 643 vel
427 612 520 643 causa
544 610 624 650 latis,
650 611 675 643 si
701 611 817 654 quibus
843 610 1089 654 quomodolibet

353 661 499 695 innodati
524 663 676 702 existunt,
701 664 738 696 ad
764 664 911 696 elsccunn
936 663 1089 706 praemis-

354 725 460 747 sorum
484 715 649 748 dumtaxat
673 717 951 760 consequendum,
973 716 1087 748 harum

355 767 437 799 serie
452 767 658 801 absolventes
674 774 704 802 et
721 768 904 802 absolutos¹
925 769 992 801 sore
1014 778 1088 800 cen-

354 826 472 860 5011105,
498 820 787 865 supplicationibus
813 832 924 854 eorum
958 820 1087 853 nomine

354 873 447 906 nobis
472 884 570 917 super
595 874 657 907 1100
682 874 847 907 humiliter
869 873 1026 917 porrectis
1044 872 1089 905 in-

353 927 483 967 clinati,
517 927 707 960 fraternitati
742 933 813 960 tuae
846 937 905 970 per
936 937 1089 970 praesen-

354 984 401 1012 tes
426 979 656 1012 committimus
682 984 713 1012 et
736 980 936 1019 mandamus,
955 984 998 1018 ut,
1013 988 1089 1011 con-

353 1032 429 1064 stito
455 1032 512 1064 tibi
537 1032 576 1064 de
601 1031 748 1072 narratis,
784 1032 914 1065 eosdem
948 1031 1086 1064 Marcum

354 1084 393 1117 de
418 1085 620 1122 Walimbcrt,
636 1084 788 1117 loannem
806 1084 979 1127 Cassignet‚
1002 1084 1088 1117 Clau-

353 1137 440 1169 dium
466 1136 670 1169 Franciscum
691 1137 821 1170 Dorinal
847 1143 878 1170 et
902 1137 1087 1180 Philippum

352 1189 522 1229 Louvet,si
548 1190 610 1222 hoc
637 1200 654 1222 a
681 1195 709 1222 te
735 1190 900 1223 humiliter
924 1191 1087 1233 petierint,

353 1241 504 1285 imposita
529 1252 638 1275 eorum
664 1243 798 1286 singulis
824 1254 884 1286 pro
902 1243 1087 1287 praemissis

311 1300 315 1304 “
353 1294 486 1327 arbitrio
512 1299 566 1328 tuo
591 1296 699 1339 aliqua
724 1296 924 1339 poenitentia
944 1295 1088 1335 salutari,

353 1347 555 1390 repetitaque
595 1358 654 1390 per
697 1348 830 1381 eosdem
874 1349 1013 1381 Marcum
1053 1359 1087 1381 ac

353 1399 505 1433 Ioannem
550 1405 582 1432 et
614 1400 781 1434 Claudium
813 1401 1027 1440 Franciscnm,
1054 1412 1088 1434 ac

353 1453 435 1485 sacta
458 1463 517 1496 per
542 1453 661 1486 dictum
693 1453 877 1497 Philippum
910 1454 1087 1497 respective

353 1516 458 1538 coram
486 1511 516 1538 te
542 1506 760 1539 declaratione
798 1506 1018 1549 poenitentiae
1049 1507 1087 1539 de

354 1559 438 1592 dicta
463 1559 619 1593 electione
656 1570 714 1602 per
749 1570 804 1593 eos
838 1565 873 1592 ut
907 1560 1089 1603 praefertur

354 1612 445 1653 facta,
484 1612 618 1656 ipsaque
650 1612 809 1646 electione
835 1624 905 1645 cum
940 1613 1089 1646 omnibus

353 1665 428 1697 inde
469 1670 582 1697 contra
617 1664 720 1697 dit-tac
756 1665 847 1698 Sedis
883 1666 1087 1708 Apostolicae

354 1717 443 1750 iussa
467 1718 583 1750 secutis
619 1718 767 1750 damnata
792 1723 823 1750 et
847 1720 1031 1761 reprobata,
1058 1723 1089 1751 et

354 1770 566 1813 quantumin
600 1770 677 1813 ipsis
716 1770 809 1802 fuerit
843 1773 1024 1811 retractata,
1053 1781 1089 1803 ac

354 1823 508 1865 praestito
533 1833 593 1866 per
618 1833 674 1855 eos
710 1823 740 1854 in
774 1823 920 1855 manibus
947 1824 1008 1856 tuis
1042 1824 1089 1856 iu-

354 1881 500 1908 ramento
531 1875 615 1918 1111011
648 1876 849 1918 praedictum
881 1876 1087 1909 Guillelmum

354 1929 566 1961 Ilumbertum
591 1939 607 1960 a
633 1928 843 1971 Praeeipiano
868 1929 899 1961 in
931 1930 1087 1962 decanum

354 1982 456 2015 dictae
482 1982 637 2015 ecclesiae
663 1982 848 2015 Bisuntinae
873 1993 1037 2026 nunqnam
1059 1994 1089 2016 a—

354 2033 508 2076 gnitum‘2,
527 2035 581 2067 sed
598 2034 717 2066 dictum
740 2035 891 2067 Ioannem
910 2035 948 2067 de
970 2036 1089 2068 Watte-

354 2088 432 2120 nille
446 2098 506 2130 pro
525 2087 669 2130 legitimo
684 2088 808 2120 decano
823 2088 970 2121 eiusdem
989 2090 1089 2121 eccle-

353 2140 418 2172 siae
440 2140 578 2182 agnituri
599 2140 671 2180 sint,
690 2140 903 2184 confectoque
922 2152 1019 2185 super
1038 2142 1087 2174 his

355 2193 484 2235 publice
508 2193 740 2233 instrumento,
764 2194 850 2235 quod
876 2194 953 2226 sno³
980 2194 1088 2236 sigillo

355 2246 497 2277 clausum
515 2251 546 2277 et
570 2245 773 2288 obsignatum
800 2247 839 2279 ad
864 2257 923 2279 nos
949 2253 979 2280 et
1006 2248 1087 2279 hanc

353 2298 500 2332 Sanctam
520 2299 635 2332 Sedem
652 2301 889 2343 quamprimum
915 2301 1086 2334 transmitti

354 2352 481 2392 debeat,
500 2352 539 2384 ab
554 2353 940 2392 excommunicationem
955 2365 1088 2397 snspen-

354 2404 446 2438 sione
458 2405 498 2438 ab
509 2406 699 2439 executione
714 2417 880 2440 sacrorum
894 2407 1042 2440 ordinum
1056 2413 1085 2441 et

389 2496 400 2521 1
424 2494 518 2529 Aptius
538 2493 595 2528 lege
615 2494 758 2521 absolutas
778 2500 814 2525 (a.
831 2496 880 2529 1.).

386 2539 402 2565 ‘2
417 2539 472 2565 Vox
488 2538 617 2572 aquilum
630 2538 772 2573 redundat,
790 2540 829 2566 vel
847 2540 988 2575 legendum
1005 2542 1087 2575 aqizi-

353 2583 423 2617 turi,
441 2588 467 2609 ut
484 2586 575 2618 postea
589 2586 626 2615 (n.
643 2584 691 2615 1.).

387 2629 404 2654 3
419 2626 518 2654 Forsan
535 2625 674 2662 legendum
691 2629 738 2654 tuo
753 2632 789 2662 ta.
812 2628 858 2662 T.).

1129 408 1165 430 ac
1182 399 1324 431 omnium
1344 399 1503 431 fructuum
1521 408 1633 430 eorum
1659 396 1861 440 praebenda-

1130 461 1198 482 rum
1224 456 1255 483 et
1279 451 1414 483 aliorum
1439 449 1670 483 beneficiorum
1697 448 1862 481 ecclesias-

1123 502 1266 539 ,ticorum
1292 508 1323 535 et
1347 502 1609 546 quotidianarum
1635 501 1730 534 ctiam
1756 501 1863 533 distri-

1130 555 1308 595 butionum,
1333 555 1468 599 aliisque
1503 554 1680 594 sententiis,
1715 554 1863 585 censuris

1131 613 1162 640 et
1200 609 1316 651 poenis
1342 608 1587 647 ecclesiasticis,
1626 618 1703 651 quas
1728 611 1864 650 propter

1131 661 1310 703 praeniissa
1323 661 1569 704 quomodolibet
1580 661 1795 699 incurrerunt,
1811 670 1865 691 au-

1131 714 1278 747 ctoritate
1311 717 1420 747 nosti-a
1448 713 1788 757 0]105101101“1,1111111110
1812 723 1865 756 pa-

1132 767 1212 799 riter
1228 773 1290 807 tuo,
1306 767 1337 799 in
1348 773 1485 810 utroque
1503 768 1570 799 soro
1589 767 1735 799 absolvas
1746 771 1777 798 et
1790 770 1865 798 tota-

1133 820 1207 852 liter
1226 820 1357 859 libcres,
1387 819 1553 863 dictasque
1579 830 1712 863 poenas,
1739 828 1865 851 necnon

1134 874 1252 905 tructus
1277 878 1309 905 ct
1333 872 1579 905 distributiones
1607 872 1789 904 huiusmodi
1808 881 1866 915 per

1133 935 1188 957 eos
1206 930 1342 968 propter
1366 925 1478 957 cadem
1505 925 1683 968 praemissa
1699 925 1805 956 forsan
1820 924 1866 956 in-

1133 977 1239 1009 debite
1265 982 1440 1020 perceptos
1467 977 1529 1019 (ita
1558 983 1663 1009 [11111011
1688 982 1722 1009 111
1747 977 1866 1010 fructus

1133 1029 1272 1071 quidem,
1299 1029 1352 1071 qui
1378 1029 1462 1061 iuxta
1487 1030 1704 1072 praefatarum
1730 1030 1866 1062 Alexan-

1133 1081 1180 1114 dri
1220 1081 1481 1124 praedecessoris
1514 1082 1693 1115 litterarum
1729 1082 1868 1125 disposi-

1134 1134 1252 1167 tionem
1274 1135 1305 1166 in
1327 1146 1504 1178 pauperum
1525 1137 1747 1179 eleemosynas
1764 1135 1869 1168 distri-

1133 1188 1199 1220 buti
1226 1193 1258 1220 et
1292 1189 1416 1230 erogati
1453 1189 1582 1228 fuerint,
1624 1188 1866 1221 distributiones

1133 1251 1218 1280 vero,
1240 1251 1320 1284 quae
1342 1241 1458 1274 ceteris
1477 1242 1634 1274 0001051110
1656 1242 1869 1275 deservienti-

1133 1294 1191 1325 bus
1222 1293 1424 1326 accreverint
1451 1300 1482 1326 et
1507 1294 1593 1327 111101
1617 1305 1671 1327 005
1692 1295 1786 1327 etiam
1806 1294 1869 1327 dis-

1133 1346 1270 1379 tributae
1288 1347 1503 1389 reperiantur,
1523 1352 1671 1390 repetere
1690 1348 1779 1381 nullo
1800 1359 1868 1381 mo-

1133 1400 1173 1431 do
1195 1399 1334 1442 possint)
1360 1400 1406 1432 eis
1431 1405 1462 1433 et
1492 1411 1601 1433 eorum
1626 1400 1758 1434 cuilibet
1784 1401 1867 1435 dicta

1132 1453 1323 1486 auctoritate
1364 1454 1504 1496 gratiose
1542 1454 1686 1487 remittas
1727 1461 1759 1487 et
1793 1466 1868 1488 con-

1133 1506 1253 1545 dones,
1281 1516 1317 1539 ac
1342 1517 1413 1539 eum
1439 1507 1485 1539 eis
1516 1513 1547 1540 et
1579 1499 1692 1540 corum
1722 1508 1870 1551 quolibet

1133 1570 1230 1602 super
1255 1559 1494 1602 irregularitate
1519 1570 1578 1603 per
1602 1571 1668 1601 005,
1697 1561 1771 1604 quia
1795 1572 1868 1594 ceu-

1132 1612 1216 1643 suris
1244 1612 1428 1645 huiusmodi
1456 1617 1590 1655 propter
1614 1613 1794 1656 praemissa
1819 1614 1867 1646 in-

1133 1665 1242 1697 nodati
1267 1671 1509 1699 sacrosanctum
1534 1666 1651 1699 missae
1676 1666 1866 1699 sacrificium

1133 1723 1164 1750 et
1188 1718 1249 1751 alia
1279 1718 1385 1751 divina
1417 1719 1519 1752 officia
1555 1720 1802 1753 celebraverunt
1836 1725 1868 1753 et

1133 1771 1210 1803 alias
1251 1771 1282 1803 in
1324 1771 1491 1805 ordinibus
1527 1772 1591 1805 suis
1633 1772 1865 1814 ministrarunt,

1132 1824 1378 1867 quomodolibet
1402 1827 1566 1858 contracta
1593 1825 1656 1868 (ita
1684 1830 1728 1866 ut,
1756 1825 1810 1858 illa
1835 1831 1867 1859 et

1133 1877 1246 1909 iisdem
1263 1877 1448 1919 praemissis
1469 1888 1531 1909 non
1550 1877 1761 1917 obstantibus,
1780 1878 1868 1911 dnm-

1133 1930 1228 1962 modo
1247 1930 1373 1962 nullum
1389 1929 1474 1962 aliud
1494 1931 1685 1963 canonicum
1705 1930 1750 1962 eis
1767 1931 1865 1963 obsit¹

1133 1982 1412 2025 impedimentum,
1429 1983 1570 2016 clericali
1589 1983 1787 2023 charactere,
1804 1995 1865 2027 quo

1132 2036 1208 2068 alias
1234 2035 1292 2067 rite
1311 2035 1454 2077 insigniti
1474 2036 1610 2076 suerunt,
1629 2029 1782 2080 illiusque
1803 2037 1867 2080 pri-

1131 2088 1265 2130 vilegiis,
1292 2098 1327 2120 ac
1364 2088 1522 2131 susceptis
1559 2099 1618 2132 per
1652 2099 1706 2122 eos
1743 2089 1866 2132 pariter

1132 2141 1209 2174 alias
1246 2141 1307 2173 rite
1348 2141 1538 2182 minoribus,
1577 2147 1608 2175 et
1644 2143 1743 2175 sacris
1769 2145 1865 2177 etiam

1132 2194 1372 2236 presbyteratus
1387 2194 1557 2227 ordinibus
1575 2195 1629 2231 uti,
1649 2201 1688 2230 et.
1708 2201 1866 2238 quatenus

1132 2247 1203 2279 illos
1228 2247 1370 2280 nondum
1397 2249 1606 2291 susceperint,
1622 2249 1659 2281 ad
1679 2250 1761 2289 illos,
1780 2250 1805 2282 si
1826 2250 1865 2282 ad

1132 2299 1161 2331 id
1180 2299 1291 2332 idonei
1316 2300 1530 2343 reperiantur,
1557 2301 1690 2334 servatis
1707 2302 1786 2334 alias
1803 2313 1866 2336 ser-

1131 2353 1251 2390 vandis,
1276 2353 1484 2396 promoveri,
1511 2360 1541 2387 et
1566 2355 1705 2397 promoti
1733 2355 1763 2387 in
1800 2356 1864 2390 illis

1131 2406 1224 2438 etiam
1252 2405 1282 2437 in
1315 2407 1425 2439 altaris
1462 2407 1645 2440 ministerio
1682 2408 1864 2442 ministrare

1130 2458 1230 2491 libere
1255 2464 1286 2491 et
1309 2459 1394 2491 licite
1428 2460 1551 2502 possint
1581 2466 1612 2492 et
1636 2462 1762 2493 valeant
1797 2472 1865 2494 res-

1130 2512 1263 2555 pet-rive,
1290 2524 1326 2545 ac
1351 2513 1389 2545 ad
1415 2513 1510 2546 alium
1537 2525 1770 2557 quemcumque
1796 2515 1865 2547 0110-

1129 2571 1216 2598 ctum
1242 2566 1337 2598 etiam
1363 2566 1514 2610 specifica
1540 2572 1571 2599 et
1596 2567 1759 2599 individua
1780 2578 1864 2601 nien-

1166 2629 1175 2655 1
1200 2627 1268 2655 Edit.
1291 2627 1358 2655 Main
1391 2628 1453 2664 legit
1473 2629 1547 2656 obest
1567 2629 1672 2663 (11.1).

1757 233 1819 266 517
1865 240 1917 267 An.
1935 238 1962 266 e.
1987 240 2053 266 11111
