<?xml version="1.0" encoding="UTF-8"?>
<!DOCTYPE html PUBLIC "-//W3C//DTD XHTML 1.0 Transitional//EN"
    "http://www.w3.org/TR/xhtml1/DTD/xhtml1-transitional.dtd">
<html xmlns="http://www.w3.org/1999/xhtml" xml:lang="en" lang="en">
 <head>
  <title>
</title>
<meta http-equiv="Content-Type" content="text/html;charset=utf-8" />
  <meta name='ocr-system' content='tesseract 3.04.00' />
  <meta name='ocr-capabilities' content='ocr_page ocr_carea ocr_par ocr_line ocrx_word'/>
</head>
<body>
  <div class='ocr_page' id='page_1' title='image "./bullarumdiplomat18cath_0246.png"; bbox 0 0 2279 3260; ppageno 0'>
   <div class='ocr_carea' id='block_1_1' title="bbox 214 232 2097 594">
    <p class='ocr_par' dir='ltr' id='par_1_1' title="bbox 214 232 2097 594">
     <span class='ocr_line' id='line_1_1' title="bbox 214 232 1333 270; baseline -0.006 -1"><span class='ocrx_word' id='word_1_1' title='bbox 214 242 261 270; x_wconf 80' lang='lat' dir='ltr'>An.</span> <span class='ocrx_word' id='word_1_2' title='bbox 280 241 307 268; x_wconf 86' lang='lat' dir='ltr'>c.</span> <span class='ocrx_word' id='word_1_3' title='bbox 331 243 392 268; x_wconf 74' lang='lat'>¹671</span> <span class='ocrx_word' id='word_1_4' title='bbox 442 232 505 266; x_wconf 69' lang='lat'>⁶208</span> <span class='ocrx_word' id='word_1_5' title='bbox 981 239 1159 264; x_wconf 66' lang='lat' dir='ltr'>artemium</span> <span class='ocrx_word' id='word_1_6' title='bbox 1182 238 1333 263; x_wconf 20' lang='lat' dir='ltr'>nonomen</span> 
     </span>
     <span class='ocr_line' id='line_1_2' title="bbox 404 285 1912 329; baseline -0.002 -7"><span class='ocrx_word' id='word_1_7' title='bbox 404 290 555 329; x_wconf 85' lang='lat' dir='ltr'>stulabat,</span> <span class='ocrx_word' id='word_1_8' title='bbox 583 300 653 323; x_wconf 88' lang='lat' dir='ltr'>cum</span> <span class='ocrx_word' id='word_1_9' title='bbox 678 290 764 323; x_wconf 87' lang='lat' dir='ltr'>omni</span> <span class='ocrx_word' id='word_1_10' title='bbox 791 289 885 322; x_wconf 82' lang='lat' dir='ltr'>animi</span> <span class='ocrx_word' id='word_1_11' title='bbox 912 287 1138 326; x_wconf 73' lang='lat' dir='ltr'>submissione,</span> <span class='ocrx_word' id='word_1_12' title='bbox 1158 306 1160 314; x_wconf 45' lang='grc' dir='ltr'>ι</span> <span class='ocrx_word' id='word_1_13' title='bbox 1180 296 1215 318; x_wconf 86' lang='lat' dir='ltr'>ee</span> <span class='ocrx_word' id='word_1_14' title='bbox 1241 296 1273 318; x_wconf 89' lang='lat' dir='ltr'>se</span> <span class='ocrx_word' id='word_1_15' title='bbox 1299 285 1391 321; x_wconf 87' lang='lat' dir='ltr'>mori.</span> <span class='ocrx_word' id='word_1_16' title='bbox 1417 285 1571 329; x_wconf 76' lang='lat' dir='ltr'>Spiritum</span> <span class='ocrx_word' id='word_1_17' title='bbox 1598 286 1738 329; x_wconf 86' lang='lat' dir='ltr'>denique</span> <span class='ocrx_word' id='word_1_18' title='bbox 1763 295 1854 321; x_wconf 84' lang='lat' dir='ltr'>suum</span> <span class='ocrx_word' id='word_1_19' title='bbox 1877 286 1912 319; x_wconf 85' lang='lat' dir='ltr'>in</span> 
     </span>
     <span class='ocr_line' id='line_1_3' title="bbox 405 323 1914 385; baseline -0.002 -11"><span class='ocrx_word' id='word_1_20' title='bbox 405 342 486 375; x_wconf 84' lang='lat' dir='ltr'><strong>nihil</strong></span> <span class='ocrx_word' id='word_1_21' title='bbox 512 342 617 375; x_wconf 86' lang='lat' dir='ltr'>minus</span> <span class='ocrx_word' id='word_1_22' title='bbox 649 353 742 385; x_wconf 75' lang='lat' dir='ltr'>qitam</span> <span class='ocrx_word' id='word_1_23' title='bbox 769 343 806 374; x_wconf 86' lang='lat' dir='ltr'>de</span> <span class='ocrx_word' id='word_1_24' title='bbox 833 341 880 373; x_wconf 80' lang='lat' dir='ltr'>sui</span> <span class='ocrx_word' id='word_1_25' title='bbox 901 340 1045 382; x_wconf 86' lang='lat' dir='ltr'>eorporis</span> <span class='ocrx_word' id='word_1_26' title='bbox 1063 340 1139 371; x_wconf 81' lang='lat' dir='ltr'>eura</span> <span class='ocrx_word' id='word_1_27' title='bbox 1158 323 1160 360; x_wconf 76' lang='grc' dir='ltr'>Ι</span> <span class='ocrx_word' id='word_1_28' title='bbox 1180 348 1291 370; x_wconf 84' lang='lat' dir='ltr'>manus</span> <span class='ocrx_word' id='word_1_29' title='bbox 1306 338 1408 372; x_wconf 83' lang='lat' dir='ltr'>Patris</span> <span class='ocrx_word' id='word_1_30' title='bbox 1433 339 1671 378; x_wconf 84' lang='lat' dir='ltr'>commendans,</span> <span class='ocrx_word' id='word_1_31' title='bbox 1694 338 1764 371; x_wconf 80' lang='lat' dir='ltr'>fixis</span> <span class='ocrx_word' id='word_1_32' title='bbox 1790 338 1823 371; x_wconf 92' lang='lat' dir='ltr'>in</span> <span class='ocrx_word' id='word_1_33' title='bbox 1844 348 1914 371; x_wconf 85' lang='lat' dir='ltr'>eae-</span> 
     </span>
     <span class='ocr_line' id='line_1_4' title="bbox 406 372 1914 437; baseline -0.003 -9"><span class='ocrx_word' id='word_1_34' title='bbox 406 394 554 434; x_wconf 77' lang='lat' dir='ltr'>sollicita,</span> <span class='ocrx_word' id='word_1_35' title='bbox 578 394 782 437; x_wconf 78' lang='lat' dir='ltr'>subscripsit.</span> <span class='ocrx_word' id='word_1_36' title='bbox 810 394 969 436; x_wconf 86' lang='lat' dir='ltr'>Sponsum</span> <span class='ocrx_word' id='word_1_37' title='bbox 994 391 1138 432; x_wconf 81' lang='lat' dir='ltr'>rogabat,</span> <span class='ocrx_word' id='word_1_38' title='bbox 1158 372 1160 416; x_wconf 71' lang='lat' dir='ltr'>l</span> <span class='ocrx_word' id='word_1_39' title='bbox 1180 390 1247 422; x_wconf 87' lang='lat' dir='ltr'>lum</span> <span class='ocrx_word' id='word_1_40' title='bbox 1274 390 1394 429; x_wconf 48' lang='lat' dir='ltr'>oculisss</span> <span class='ocrx_word' id='word_1_41' title='bbox 1411 396 1446 423; x_wconf 90' lang='lat' dir='ltr'>ut</span> <span class='ocrx_word' id='word_1_42' title='bbox 1469 401 1539 423; x_wconf 86' lang='lat' dir='ltr'>cum</span> <span class='ocrx_word' id='word_1_43' title='bbox 1556 402 1675 434; x_wconf 87' lang='lat' dir='ltr'>sponso</span> <span class='ocrx_word' id='word_1_44' title='bbox 1693 391 1830 424; x_wconf 77' lang='lat' dir='ltr'>intraret</span> <span class='ocrx_word' id='word_1_45' title='bbox 1844 400 1914 433; x_wconf 88' lang='lat' dir='ltr'>pro-</span> 
     </span>
     <span class='ocr_line' id='line_1_5' title="bbox 406 442 1911 490; baseline -0.003 -10"><span class='ocrx_word' id='word_1_46' title='bbox 406 457 445 481; x_wconf 85' lang='lat' dir='ltr'>ne</span> <span class='ocrx_word' id='word_1_47' title='bbox 472 452 614 480; x_wconf 86' lang='lat' dir='ltr'>cessaret</span> <span class='ocrx_word' id='word_1_48' title='bbox 630 457 700 480; x_wconf 86' lang='lat' dir='ltr'>cam</span> <span class='ocrx_word' id='word_1_49' title='bbox 719 446 883 489; x_wconf 69' lang='lat' dir='ltr'>exquisitis</span> <span class='ocrx_word' id='word_1_50' title='bbox 901 443 1070 477; x_wconf 87' lang='lat' dir='ltr'>ardoribus</span> <span class='ocrx_word' id='word_1_51' title='bbox 1091 453 1140 474; x_wconf 83' lang='lat' dir='ltr'>cx·</span> <span class='ocrx_word' id='word_1_52' title='bbox 1159 484 1160 490; x_wconf 12' lang='grc' dir='ltr'>ἵ</span> <span class='ocrx_word' id='word_1_53' title='bbox 1181 442 1347 482; x_wconf 76' lang='lat' dir='ltr'>nuncians,</span> <span class='ocrx_word' id='word_1_54' title='bbox 1366 443 1466 483; x_wconf 73' lang='lat' dir='ltr'>Iesus,</span> <span class='ocrx_word' id='word_1_55' title='bbox 1486 443 1586 483; x_wconf 78' lang='lat' dir='ltr'>Iesus,</span> <span class='ocrx_word' id='word_1_56' title='bbox 1607 443 1695 476; x_wconf 76' lang='lat' dir='ltr'>Iesus</span> <span class='ocrx_word' id='word_1_57' title='bbox 1712 453 1834 477; x_wconf 78' lang='lat' dir='ltr'>mecum</span> <span class='ocrx_word' id='word_1_58' title='bbox 1857 443 1911 484; x_wconf 80' lang='lat' dir='ltr'>sil,</span> 
     </span>
     <span class='ocr_line' id='line_1_6' title="bbox 406 495 2097 550; baseline -0.002 -19"><span class='ocrx_word' id='word_1_59' title='bbox 406 510 556 542; x_wconf 75' lang='lat' dir='ltr'>coquere,</span> <span class='ocrx_word' id='word_1_60' title='bbox 585 500 688 532; x_wconf 88' lang='lat' dir='ltr'>donec</span> <span class='ocrx_word' id='word_1_61' title='bbox 714 499 742 533; x_wconf 85' lang='lat' dir='ltr'>ci</span> <span class='ocrx_word' id='word_1_62' title='bbox 767 501 1000 530; x_wconf 77' lang='lat' dir='ltr'>maturesceret</span> <span class='ocrx_word' id='word_1_63' title='bbox 1023 495 1055 527; x_wconf 91' lang='lat' dir='ltr'>in</span> <span class='ocrx_word' id='word_1_64' title='bbox 1076 495 1139 526; x_wconf 82' lang='lat' dir='ltr'>sru-</span> <span class='ocrx_word' id='word_1_65' title='bbox 1159 524 1161 550; x_wconf 57' lang='grc' dir='ltr'>Ι</span> <span class='ocrx_word' id='word_1_66' title='bbox 1181 495 1380 538; x_wconf 83' lang='lat' dir='ltr'>quietissime</span> <span class='ocrx_word' id='word_1_67' title='bbox 1405 506 1440 528; x_wconf 79' lang='lat' dir='ltr'>ex</span> <span class='ocrx_word' id='word_1_68' title='bbox 1469 496 1571 529; x_wconf 88' lang='lat' dir='ltr'>iravit.</span> <span class='ocrx_word' id='word_1_69' title='bbox 1594 497 1679 528; x_wconf 84' lang='lat' dir='ltr'>Ilaec</span> <span class='ocrx_word' id='word_1_70' title='bbox 1696 496 1793 529; x_wconf 86' lang='lat' dir='ltr'>verba</span> <span class='ocrx_word' id='word_1_71' title='bbox 1809 506 1915 539; x_wconf 86' lang='lat' dir='ltr'>quem·</span> <span class='ocrx_word' id='word_1_72' title='bbox 1952 507 2020 528; x_wconf 67' lang='lat' dir='ltr'>nusae</span> <span class='ocrx_word' id='word_1_73' title='bbox 2035 514 2097 528; x_wconf 72' lang='lat' dir='ltr'>mon.</span> 
     </span>
     <span class='ocr_line' id='line_1_7' title="bbox 406 547 1915 594; baseline -0.003 -10"><span class='ocrx_word' id='word_1_74' title='bbox 406 556 490 584; x_wconf 85' lang='lat' dir='ltr'>ctum</span> <span class='ocrx_word' id='word_1_75' title='bbox 509 552 562 594; x_wconf 89' lang='lat' dir='ltr'>qui</span> <span class='ocrx_word' id='word_1_76' title='bbox 582 552 649 584; x_wconf 83' lang='lat' dir='ltr'>eius</span> <span class='ocrx_word' id='word_1_77' title='bbox 666 561 794 583; x_wconf 82' lang='lat' dir='ltr'>mensae</span> <span class='ocrx_word' id='word_1_78' title='bbox 813 548 925 582; x_wconf 77' lang='lat' dir='ltr'>inferri</span> <span class='ocrx_word' id='word_1_79' title='bbox 947 552 1137 580; x_wconf 85' lang='lat' dir='ltr'>mereretur.</span> <span class='ocrx_word' id='word_1_80' title='bbox 1181 547 1356 579; x_wconf 89' lang='lat' dir='ltr'>admodum</span> <span class='ocrx_word' id='word_1_81' title='bbox 1372 548 1419 581; x_wconf 89' lang='lat' dir='ltr'>illi</span> <span class='ocrx_word' id='word_1_82' title='bbox 1444 550 1572 580; x_wconf 86' lang='lat' dir='ltr'>lucrant</span> <span class='ocrx_word' id='word_1_83' title='bbox 1594 548 1626 581; x_wconf 92' lang='lat' dir='ltr'>in</span> <span class='ocrx_word' id='word_1_84' title='bbox 1653 549 1787 581; x_wconf 78' lang='lat' dir='ltr'>infantia</span> <span class='ocrx_word' id='word_1_85' title='bbox 1811 548 1915 591; x_wconf 85' lang='lat' dir='ltr'>prima</span> 
     </span>
    </p>
   </div>
   <div class='ocr_carea' id='block_1_2' title="bbox 1918 237 2103 267">
    <p class='ocr_par' dir='ltr' id='par_1_2' title="bbox 1918 237 2103 267">
     <span class='ocr_line' id='line_1_8' title="bbox 1918 237 2103 267; baseline 0.005 -3"><span class='ocrx_word' id='word_1_86' title='bbox 1918 237 1971 267; x_wconf 79' lang='lat' dir='ltr'>An.</span> <span class='ocrx_word' id='word_1_87' title='bbox 1988 237 2017 265; x_wconf 92' lang='lat' dir='ltr'>C.</span> <span class='ocrx_word' id='word_1_88' title='bbox 2038 238 2103 266; x_wconf 79' lang='lat'>1671</span> 
     </span>
    </p>
   </div>
   <div class='ocr_carea' id='block_1_3' title="bbox 404 600 1165 2653">
    <p class='ocr_par' dir='ltr' id='par_1_3' title="bbox 404 600 1165 2653">
     <span class='ocr_line' id='line_1_9' title="bbox 406 600 1136 637; baseline -0.008 -1"><span class='ocrx_word' id='word_1_89' title='bbox 406 604 469 637; x_wconf 84' lang='lat' dir='ltr'>Sub</span> <span class='ocrx_word' id='word_1_90' title='bbox 497 605 556 636; x_wconf 92' lang='lat' dir='ltr'>hoc</span> <span class='ocrx_word' id='word_1_91' title='bbox 581 603 643 635; x_wconf 76' lang='lat' dir='ltr'>sine</span> <span class='ocrx_word' id='word_1_92' title='bbox 668 603 748 635; x_wconf 84' lang='lat' dir='ltr'>vitae</span> <span class='ocrx_word' id='word_1_93' title='bbox 782 601 946 633; x_wconf 78' lang='lat' dir='ltr'>crebriora</span> <span class='ocrx_word' id='word_1_94' title='bbox 972 600 1059 631; x_wconf 80' lang='lat' dir='ltr'>suere</span> <span class='ocrx_word' id='word_1_95' title='bbox 1084 610 1136 631; x_wconf 88' lang='lat' dir='ltr'>ra-</span> 
     </span>
     <span class='ocr_line' id='line_1_10' title="bbox 406 652 1162 699; baseline -0.009 -10"><span class='ocrx_word' id='word_1_96' title='bbox 406 662 519 699; x_wconf 86' lang='lat' dir='ltr'>ptnum</span> <span class='ocrx_word' id='word_1_97' title='bbox 552 656 734 689; x_wconf 80' lang='lat' dir='ltr'>dulcissima</span> <span class='ocrx_word' id='word_1_98' title='bbox 758 655 942 692; x_wconf 82' lang='lat' dir='ltr'>intervalla,</span> <span class='ocrx_word' id='word_1_99' title='bbox 968 652 999 684; x_wconf 89' lang='lat' dir='ltr'>in</span> <span class='ocrx_word' id='word_1_100' title='bbox 1023 652 1138 694; x_wconf 87' lang='lat' dir='ltr'>quibus</span> <span class='ocrx_word' id='word_1_101' title='bbox 1161 690 1162 697; x_wconf 13' lang='grc' dir='ltr'>ἵ</span> 
     </span>
     <span class='ocr_line' id='line_1_11' title="bbox 407 704 1139 743; baseline -0.007 -2"><span class='ocrx_word' id='word_1_102' title='bbox 407 711 530 742; x_wconf 72' lang='lat' dir='ltr'>excelsa</span> <span class='ocrx_word' id='word_1_103' title='bbox 556 715 588 741; x_wconf 86' lang='lat' dir='ltr'>et</span> <span class='ocrx_word' id='word_1_104' title='bbox 611 707 748 740; x_wconf 88' lang='lat' dir='ltr'>iucunda</span> <span class='ocrx_word' id='word_1_105' title='bbox 774 707 812 739; x_wconf 87' lang='lat' dir='ltr'>de</span> <span class='ocrx_word' id='word_1_106' title='bbox 838 706 990 739; x_wconf 87' lang='lat' dir='ltr'>suavitate</span> <span class='ocrx_word' id='word_1_107' title='bbox 1016 704 1080 743; x_wconf 82' lang='lat' dir='ltr'>Dei,</span> <span class='ocrx_word' id='word_1_108' title='bbox 1105 715 1139 736; x_wconf 79' lang='lat' dir='ltr'>ac</span> 
     </span>
     <span class='ocr_line' id='line_1_12' title="bbox 407 756 1162 803; baseline -0.008 -9"><span class='ocrx_word' id='word_1_109' title='bbox 407 762 490 794; x_wconf 85' lang='lat' dir='ltr'>laeta</span> <span class='ocrx_word' id='word_1_110' title='bbox 524 762 562 794; x_wconf 89' lang='lat' dir='ltr'>de</span> <span class='ocrx_word' id='word_1_111' title='bbox 594 760 727 803; x_wconf 75' lang='lat' dir='ltr'>regione</span> <span class='ocrx_word' id='word_1_112' title='bbox 764 758 961 792; x_wconf 80' lang='lat' dir='ltr'>aeternitatis</span> <span class='ocrx_word' id='word_1_113' title='bbox 987 756 1162 790; x_wconf 69' lang='lat' dir='ltr'>libaniina&#39;</span> 
     </span>
     <span class='ocr_line' id='line_1_13' title="bbox 406 809 1142 857; baseline -0.008 -11"><span class='ocrx_word' id='word_1_114' title='bbox 406 819 631 857; x_wconf 68' lang='lat' dir='ltr'>praegustasse</span> <span class='ocrx_word' id='word_1_115' title='bbox 665 811 815 844; x_wconf 90' lang='lat' dir='ltr'>innotuit.</span> <span class='ocrx_word' id='word_1_116' title='bbox 848 811 999 843; x_wconf 78' lang='lat' dir='ltr'>Ultimum</span> <span class='ocrx_word' id='word_1_117' title='bbox 1022 809 1142 841; x_wconf 87' lang='lat' dir='ltr'>utrius-</span> 
     </span>
     <span class='ocr_line' id='line_1_14' title="bbox 407 864 1142 910; baseline -0.008 -11"><span class='ocrx_word' id='word_1_118' title='bbox 407 878 468 910; x_wconf 90' lang='lat' dir='ltr'>que</span> <span class='ocrx_word' id='word_1_119' title='bbox 487 866 630 909; x_wconf 84' lang='lat' dir='ltr'>parentis</span> <span class='ocrx_word' id='word_1_120' title='bbox 648 864 909 898; x_wconf 73' lang='lat' dir='ltr'>benedictionem</span> <span class='ocrx_word' id='word_1_121' title='bbox 927 872 1051 895; x_wconf 86' lang='lat' dir='ltr'>summe</span> <span class='ocrx_word' id='word_1_122' title='bbox 1068 871 1142 894; x_wconf 78' lang='lat' dir='ltr'>exo-</span> 
     </span>
     <span class='ocr_line' id='line_1_15' title="bbox 406 914 1139 962; baseline -0.008 -10"><span class='ocrx_word' id='word_1_123' title='bbox 406 920 531 962; x_wconf 63' lang='lat' dir='ltr'>ptavit,</span> <span class='ocrx_word' id='word_1_124' title='bbox 566 929 701 961; x_wconf 85' lang='lat' dir='ltr'>eamque</span> <span class='ocrx_word' id='word_1_125' title='bbox 741 916 970 950; x_wconf 83' lang='lat' dir='ltr'>venerabunda</span> <span class='ocrx_word' id='word_1_126' title='bbox 1005 914 1139 957; x_wconf 85' lang='lat' dir='ltr'>recepit.</span> 
     </span>
     <span class='ocr_line' id='line_1_16' title="bbox 406 968 1141 1014; baseline -0.01 -9"><span class='ocrx_word' id='word_1_127' title='bbox 406 972 456 1005; x_wconf 78' lang='lat' dir='ltr'>Sic</span> <span class='ocrx_word' id='word_1_128' title='bbox 486 977 516 1005; x_wconf 92' lang='lat' dir='ltr'>et</span> <span class='ocrx_word' id='word_1_129' title='bbox 541 983 557 1004; x_wconf 88' lang='lat' dir='ltr'>a</span> <span class='ocrx_word' id='word_1_130' title='bbox 583 976 753 1014; x_wconf 82' lang='lat' dir='ltr'>quaestore</span> <span class='ocrx_word' id='word_1_131' title='bbox 783 969 976 1003; x_wconf 84' lang='lat' dir='ltr'>Gundisalvo</span> <span class='ocrx_word' id='word_1_132' title='bbox 1009 968 1141 1010; x_wconf 89' lang='lat' dir='ltr'>eiusque</span> 
     </span>
     <span class='ocr_line' id='line_1_17' title="bbox 406 1022 1140 1068; baseline -0.007 -11"><span class='ocrx_word' id='word_1_133' title='bbox 406 1036 518 1065; x_wconf 83' lang='lat' dir='ltr'>uxore,</span> <span class='ocrx_word' id='word_1_134' title='bbox 550 1036 630 1068; x_wconf 88' lang='lat' dir='ltr'>quos</span> <span class='ocrx_word' id='word_1_135' title='bbox 662 1024 760 1057; x_wconf 92' lang='lat' dir='ltr'>veluti</span> <span class='ocrx_word' id='word_1_136' title='bbox 786 1028 937 1066; x_wconf 87' lang='lat' dir='ltr'>parentes</span> <span class='ocrx_word' id='word_1_137' title='bbox 972 1022 1140 1060; x_wconf 83' lang='lat' dir='ltr'>coluerat,</span> 
     </span>
     <span class='ocr_line' id='line_1_18' title="bbox 406 1073 1141 1117; baseline -0.008 -7"><span class='ocrx_word' id='word_1_138' title='bbox 406 1078 556 1110; x_wconf 78' lang='lat' dir='ltr'>benedici</span> <span class='ocrx_word' id='word_1_139' title='bbox 588 1076 699 1110; x_wconf 87' lang='lat' dir='ltr'>voluit.</span> <span class='ocrx_word' id='word_1_140' title='bbox 726 1076 857 1109; x_wconf 85' lang='lat' dir='ltr'>Duobus</span> <span class='ocrx_word' id='word_1_141' title='bbox 890 1074 1052 1117; x_wconf 86' lang='lat' dir='ltr'>germanis</span> <span class='ocrx_word' id='word_1_142' title='bbox 1076 1073 1141 1105; x_wconf 87' lang='lat' dir='ltr'>suis</span> 
     </span>
     <span class='ocr_line' id='line_1_19' title="bbox 406 1127 1142 1169; baseline -0.007 -6"><span class='ocrx_word' id='word_1_143' title='bbox 406 1131 555 1163; x_wconf 83' lang='lat' dir='ltr'>fratribus</span> <span class='ocrx_word' id='word_1_144' title='bbox 578 1130 664 1162; x_wconf 86' lang='lat' dir='ltr'>inter</span> <span class='ocrx_word' id='word_1_145' title='bbox 694 1128 845 1162; x_wconf 86' lang='lat' dir='ltr'>salutaria</span> <span class='ocrx_word' id='word_1_146' title='bbox 868 1127 1065 1160; x_wconf 89' lang='lat' dir='ltr'>monimenta</span> <span class='ocrx_word' id='word_1_147' title='bbox 1089 1137 1142 1169; x_wconf 86' lang='lat' dir='ltr'>pa-</span> 
     </span>
     <span class='ocr_line' id='line_1_20' title="bbox 407 1179 1142 1216; baseline -0.007 0"><span class='ocrx_word' id='word_1_148' title='bbox 407 1188 534 1216; x_wconf 88' lang='lat' dir='ltr'>rentum</span> <span class='ocrx_word' id='word_1_149' title='bbox 547 1193 655 1215; x_wconf 87' lang='lat' dir='ltr'>curam</span> <span class='ocrx_word' id='word_1_150' title='bbox 669 1187 700 1214; x_wconf 90' lang='lat' dir='ltr'>et</span> <span class='ocrx_word' id='word_1_151' title='bbox 719 1181 933 1214; x_wconf 75' lang='lat' dir='ltr'>reverentiam</span> <span class='ocrx_word' id='word_1_152' title='bbox 954 1179 1036 1212; x_wconf 89' lang='lat' dir='ltr'>serio</span> <span class='ocrx_word' id='word_1_153' title='bbox 1054 1189 1142 1212; x_wconf 89' lang='lat' dir='ltr'>eom-</span> 
     </span>
     <span class='ocr_line' id='line_1_21' title="bbox 405 1231 1143 1274; baseline -0.007 -6"><span class='ocrx_word' id='word_1_154' title='bbox 405 1235 579 1273; x_wconf 82' lang='lat' dir='ltr'>inendavit,</span> <span class='ocrx_word' id='word_1_155' title='bbox 604 1246 639 1267; x_wconf 88' lang='lat' dir='ltr'>ac</span> <span class='ocrx_word' id='word_1_156' title='bbox 663 1234 688 1266; x_wconf 91' lang='lat' dir='ltr'>si</span> <span class='ocrx_word' id='word_1_157' title='bbox 715 1233 838 1266; x_wconf 86' lang='lat' dir='ltr'>diceret</span> <span class='ocrx_word' id='word_1_158' title='bbox 873 1231 1048 1274; x_wconf 86' lang='lat' dir='ltr'>unicuique</span> <span class='ocrx_word' id='word_1_159' title='bbox 1073 1231 1143 1263; x_wconf 93' lang='lat' dir='ltr'>illo-</span> 
     </span>
     <span class='ocr_line' id='line_1_22' title="bbox 405 1283 1140 1327; baseline -0.005 -8"><span class='ocrx_word' id='word_1_160' title='bbox 405 1298 497 1327; x_wconf 85' lang='lat' dir='ltr'>rum,</span> <span class='ocrx_word' id='word_1_161' title='bbox 529 1288 568 1320; x_wconf 89' lang='lat' dir='ltr'>ad</span> <span class='ocrx_word' id='word_1_162' title='bbox 594 1286 803 1318; x_wconf 85' lang='lat' dir='ltr'>imitationem</span> <span class='ocrx_word' id='word_1_163' title='bbox 836 1284 978 1316; x_wconf 83' lang='lat' dir='ltr'>crucifixi</span> <span class='ocrx_word' id='word_1_164' title='bbox 1015 1283 1140 1326; x_wconf 79' lang='lat' dir='ltr'>sponsi,</span> 
     </span>
     <span class='ocr_line' id='line_1_23' title="bbox 404 1336 1141 1379; baseline -0.007 -7"><span class='ocrx_word' id='word_1_165' title='bbox 404 1340 482 1372; x_wconf 76' lang='lat' dir='ltr'>Ecce</span> <span class='ocrx_word' id='word_1_166' title='bbox 502 1343 605 1371; x_wconf 80' lang='lat' dir='ltr'>mater</span> <span class='ocrx_word' id='word_1_167' title='bbox 627 1345 692 1370; x_wconf 80' lang='lat' dir='ltr'>lua.</span> <span class='ocrx_word' id='word_1_168' title='bbox 714 1338 830 1370; x_wconf 70' lang='lat' dir='ltr'>Ambas</span> <span class='ocrx_word' id='word_1_169' title='bbox 850 1337 945 1370; x_wconf 84' lang='lat' dir='ltr'>etiam</span> <span class='ocrx_word' id='word_1_170' title='bbox 963 1336 1141 1379; x_wconf 76' lang='lat' dir='ltr'>quaestoris</span> 
     </span>
     <span class='ocr_line' id='line_1_24' title="bbox 405 1388 1143 1431; baseline -0.004 -7"><span class='ocrx_word' id='word_1_171' title='bbox 405 1392 496 1431; x_wconf 83' lang='lat' dir='ltr'>filias,</span> <span class='ocrx_word' id='word_1_172' title='bbox 511 1393 552 1424; x_wconf 87' lang='lat' dir='ltr'>ob</span> <span class='ocrx_word' id='word_1_173' title='bbox 579 1390 799 1423; x_wconf 78' lang='lat' dir='ltr'>innocentiam</span> <span class='ocrx_word' id='word_1_174' title='bbox 825 1389 864 1421; x_wconf 87' lang='lat' dir='ltr'>ab</span> <span class='ocrx_word' id='word_1_175' title='bbox 889 1390 927 1421; x_wconf 78' lang='lat' dir='ltr'>ea</span> <span class='ocrx_word' id='word_1_176' title='bbox 951 1399 1075 1421; x_wconf 86' lang='lat' dir='ltr'>summe</span> <span class='ocrx_word' id='word_1_177' title='bbox 1100 1388 1143 1421; x_wconf 91' lang='lat' dir='ltr'>di-</span> 
     </span>
     <span class='ocr_line' id='line_1_25' title="bbox 405 1441 1142 1484; baseline -0.007 -7"><span class='ocrx_word' id='word_1_178' title='bbox 405 1446 525 1484; x_wconf 85' lang='lat' dir='ltr'>lectas,</span> <span class='ocrx_word' id='word_1_179' title='bbox 554 1444 593 1476; x_wconf 89' lang='lat' dir='ltr'>ad</span> <span class='ocrx_word' id='word_1_180' title='bbox 629 1443 762 1475; x_wconf 79' lang='lat' dir='ltr'>virtutes</span> <span class='ocrx_word' id='word_1_181' title='bbox 787 1447 818 1474; x_wconf 90' lang='lat' dir='ltr'>et</span> <span class='ocrx_word' id='word_1_182' title='bbox 843 1441 1019 1484; x_wconf 81' lang='lat' dir='ltr'>praecipue</span> <span class='ocrx_word' id='word_1_183' title='bbox 1055 1441 1142 1483; x_wconf 78' lang='lat' dir='ltr'>geni-</span> 
     </span>
     <span class='ocr_line' id='line_1_26' title="bbox 406 1493 1142 1528; baseline -0.004 0"><span class='ocrx_word' id='word_1_184' title='bbox 406 1502 511 1528; x_wconf 85' lang='lat' dir='ltr'>torum</span> <span class='ocrx_word' id='word_1_185' title='bbox 536 1506 680 1528; x_wconf 86' lang='lat' dir='ltr'>amorem</span> <span class='ocrx_word' id='word_1_186' title='bbox 702 1500 732 1527; x_wconf 87' lang='lat' dir='ltr'>et</span> <span class='ocrx_word' id='word_1_187' title='bbox 749 1493 989 1526; x_wconf 84' lang='lat' dir='ltr'>venerationem</span> <span class='ocrx_word' id='word_1_188' title='bbox 1015 1493 1142 1526; x_wconf 79' lang='lat' dir='ltr'>hortata</span> 
     </span>
     <span class='ocr_line' id='line_1_27' title="bbox 406 1546 1142 1592; baseline -0.004 -11"><span class='ocrx_word' id='word_1_189' title='bbox 406 1554 473 1588; x_wconf 84' lang='lat' dir='ltr'>est,</span> <span class='ocrx_word' id='word_1_190' title='bbox 498 1549 708 1592; x_wconf 82' lang='lat' dir='ltr'>reliquosque</span> <span class='ocrx_word' id='word_1_191' title='bbox 743 1547 941 1580; x_wconf 87' lang='lat' dir='ltr'>domesticos</span> <span class='ocrx_word' id='word_1_192' title='bbox 977 1546 1073 1579; x_wconf 84' lang='lat' dir='ltr'>officii</span> <span class='ocrx_word' id='word_1_193' title='bbox 1107 1557 1142 1578; x_wconf 88' lang='lat' dir='ltr'>ac</span> 
     </span>
     <span class='ocr_line' id='line_1_28' title="bbox 405 1599 1143 1643; baseline -0.003 -11"><span class='ocrx_word' id='word_1_194' title='bbox 405 1601 597 1634; x_wconf 74' lang='lat' dir='ltr'>christianae</span> <span class='ocrx_word' id='word_1_195' title='bbox 612 1600 740 1643; x_wconf 85' lang='lat' dir='ltr'>pietatis</span> <span class='ocrx_word' id='word_1_196' title='bbox 759 1599 935 1639; x_wconf 80' lang='lat' dir='ltr'>admonuit,</span> <span class='ocrx_word' id='word_1_197' title='bbox 951 1599 1059 1631; x_wconf 87' lang='lat' dir='ltr'>utiam</span> <span class='ocrx_word' id='word_1_198' title='bbox 1077 1609 1143 1631; x_wconf 91' lang='lat' dir='ltr'>non</span> 
     </span>
     <span class='ocr_line' id='line_1_29' title="bbox 406 1651 1143 1696; baseline -0.005 -9"><span class='ocrx_word' id='word_1_199' title='bbox 406 1654 536 1693; x_wconf 83' lang='lat' dir='ltr'>semina,</span> <span class='ocrx_word' id='word_1_200' title='bbox 566 1654 622 1686; x_wconf 87' lang='lat' dir='ltr'>sed</span> <span class='ocrx_word' id='word_1_201' title='bbox 653 1654 818 1696; x_wconf 86' lang='lat' dir='ltr'>apostolus</span> <span class='ocrx_word' id='word_1_202' title='bbox 844 1652 1031 1695; x_wconf 84' lang='lat' dir='ltr'>praedicare</span> <span class='ocrx_word' id='word_1_203' title='bbox 1057 1651 1143 1684; x_wconf 83' lang='lat' dir='ltr'>vide-</span> 
     </span>
     <span class='ocr_line' id='line_1_30' title="bbox 405 1705 1142 1747; baseline -0.004 -9"><span class='ocrx_word' id='word_1_204' title='bbox 405 1712 506 1739; x_wconf 88' lang='lat' dir='ltr'>retur.</span> <span class='ocrx_word' id='word_1_205' title='bbox 528 1706 551 1738; x_wconf 78' lang='lat' dir='ltr'>A</span> <span class='ocrx_word' id='word_1_206' title='bbox 569 1705 688 1738; x_wconf 77' lang='lat' dir='ltr'>Ioanne</span> <span class='ocrx_word' id='word_1_207' title='bbox 709 1705 747 1737; x_wconf 91' lang='lat' dir='ltr'>de</span> <span class='ocrx_word' id='word_1_208' title='bbox 769 1705 956 1737; x_wconf 85' lang='lat' dir='ltr'>Lorenzana</span> <span class='ocrx_word' id='word_1_209' title='bbox 980 1709 1142 1747; x_wconf 85' lang='lat' dir='ltr'>postremo</span> 
     </span>
     <span class='ocr_line' id='line_1_31' title="bbox 407 1757 1143 1800; baseline -0.003 -10"><span class='ocrx_word' id='word_1_210' title='bbox 407 1758 474 1791; x_wconf 89' lang='lat' dir='ltr'>eius</span> <span class='ocrx_word' id='word_1_211' title='bbox 499 1757 696 1790; x_wconf 62' lang='lat' dir='ltr'>confessario</span> <span class='ocrx_word' id='word_1_212' title='bbox 715 1762 849 1800; x_wconf 88' lang='lat' dir='ltr'>parante</span> <span class='ocrx_word' id='word_1_213' title='bbox 864 1767 898 1789; x_wconf 89' lang='lat' dir='ltr'>se</span> <span class='ocrx_word' id='word_1_214' title='bbox 913 1757 945 1789; x_wconf 92' lang='lat' dir='ltr'>in</span> <span class='ocrx_word' id='word_1_215' title='bbox 962 1762 1057 1789; x_wconf 87' lang='lat' dir='ltr'>nocte</span> <span class='ocrx_word' id='word_1_216' title='bbox 1074 1767 1143 1800; x_wconf 85' lang='lat' dir='ltr'>per-</span> 
     </span>
     <span class='ocr_line' id='line_1_32' title="bbox 405 1810 1165 1854; baseline -0.003 -11"><span class='ocrx_word' id='word_1_217' title='bbox 405 1811 505 1854; x_wconf 63' lang='lat' dir='ltr'>vigilii</span> <span class='ocrx_word' id='word_1_218' title='bbox 530 1810 561 1843; x_wconf 88' lang='lat' dir='ltr'>S.</span> <span class='ocrx_word' id='word_1_219' title='bbox 585 1810 825 1842; x_wconf 80' lang='lat' dir='ltr'>Bartholomaci</span> <span class='ocrx_word' id='word_1_220' title='bbox 850 1810 889 1842; x_wconf 86' lang='lat' dir='ltr'>ad</span> <span class='ocrx_word' id='word_1_221' title='bbox 914 1810 1142 1842; x_wconf 88' lang='lat' dir='ltr'>matutinarum</span> <span class='ocrx_word' id='word_1_222' title='bbox 1163 1833 1165 1837; x_wconf 30' lang='lat'><strong>¹</strong></span> 
     </span>
     <span class='ocr_line' id='line_1_33' title="bbox 405 1863 1143 1906; baseline -0.001 -9"><span class='ocrx_word' id='word_1_223' title='bbox 405 1864 545 1898; x_wconf 84' lang='lat' dir='ltr'>officium</span> <span class='ocrx_word' id='word_1_224' title='bbox 571 1864 732 1903; x_wconf 83' lang='lat' dir='ltr'>accedere,</span> <span class='ocrx_word' id='word_1_225' title='bbox 748 1863 853 1896; x_wconf 85' lang='lat' dir='ltr'>sciens</span> <span class='ocrx_word' id='word_1_226' title='bbox 877 1863 938 1896; x_wconf 85' lang='lat' dir='ltr'>sihi</span> <span class='ocrx_word' id='word_1_227' title='bbox 963 1873 1026 1895; x_wconf 90' lang='lat' dir='ltr'>non</span> <span class='ocrx_word' id='word_1_228' title='bbox 1048 1873 1143 1906; x_wconf 88' lang='lat' dir='ltr'>supe-</span> 
     </span>
     <span class='ocr_line' id='line_1_34' title="bbox 406 1916 1143 1960; baseline -0.004 -10"><span class='ocrx_word' id='word_1_229' title='bbox 406 1928 496 1950; x_wconf 85' lang='lat' dir='ltr'>resse</span> <span class='ocrx_word' id='word_1_230' title='bbox 522 1917 658 1960; x_wconf 85' lang='lat' dir='ltr'>amplius</span> <span class='ocrx_word' id='word_1_231' title='bbox 693 1916 753 1949; x_wconf 90' lang='lat' dir='ltr'>nisi</span> <span class='ocrx_word' id='word_1_232' title='bbox 784 1921 923 1959; x_wconf 61' lang='lat' dir='ltr'>qtffltuor</span> <span class='ocrx_word' id='word_1_233' title='bbox 947 1916 1061 1956; x_wconf 86' lang='lat' dir='ltr'>horas,</span> <span class='ocrx_word' id='word_1_234' title='bbox 1091 1926 1143 1948; x_wconf 89' lang='lat' dir='ltr'>su-</span> 
     </span>
     <span class='ocr_line' id='line_1_35' title="bbox 405 1968 1143 2013; baseline 0 -11"><span class='ocrx_word' id='word_1_235' title='bbox 405 1981 551 2013; x_wconf 83' lang='lat' dir='ltr'>premam</span> <span class='ocrx_word' id='word_1_236' title='bbox 585 1969 846 2002; x_wconf 83' lang='lat' dir='ltr'>benedictionem</span> <span class='ocrx_word' id='word_1_237' title='bbox 875 1978 911 2000; x_wconf 81' lang='lat' dir='ltr'>ex</span> <span class='ocrx_word' id='word_1_238' title='bbox 937 1969 1034 2001; x_wconf 87' lang='lat' dir='ltr'>corde</span> <span class='ocrx_word' id='word_1_239' title='bbox 1059 1968 1143 2002; x_wconf 80' lang='lat' dir='ltr'>effla-</span> 
     </span>
     <span class='ocr_line' id='line_1_36' title="bbox 407 2021 1142 2066; baseline -0.003 -11"><span class='ocrx_word' id='word_1_240' title='bbox 407 2023 530 2066; x_wconf 78' lang='lat' dir='ltr'>gitavit,</span> <span class='ocrx_word' id='word_1_241' title='bbox 552 2032 688 2056; x_wconf 86' lang='lat' dir='ltr'>monens</span> <span class='ocrx_word' id='word_1_242' title='bbox 713 2024 749 2054; x_wconf 79' lang='lat' dir='ltr'>ea</span> <span class='ocrx_word' id='word_1_243' title='bbox 772 2021 842 2064; x_wconf 75' lang='lat' dir='ltr'>ipsa</span> <span class='ocrx_word' id='word_1_244' title='bbox 866 2026 961 2054; x_wconf 90' lang='lat' dir='ltr'>nocte</span> <span class='ocrx_word' id='word_1_245' title='bbox 976 2048 984 2061; x_wconf 95' lang='lat'>,</span> <span class='ocrx_word' id='word_1_246' title='bbox 1010 2022 1142 2054; x_wconf 86' lang='lat' dir='ltr'>ineunte</span> 
     </span>
     <span class='ocr_line' id='line_1_37' title="bbox 408 2074 1143 2117; baseline -0.001 -10"><span class='ocrx_word' id='word_1_247' title='bbox 408 2075 590 2115; x_wconf 78' lang='lat' dir='ltr'>festivitate,</span> <span class='ocrx_word' id='word_1_248' title='bbox 611 2085 645 2107; x_wconf 87' lang='lat' dir='ltr'>se</span> <span class='ocrx_word' id='word_1_249' title='bbox 666 2075 705 2107; x_wconf 85' lang='lat' dir='ltr'>ad</span> <span class='ocrx_word' id='word_1_250' title='bbox 726 2074 806 2107; x_wconf 79' lang='lat' dir='ltr'>festa</span> <span class='ocrx_word' id='word_1_251' title='bbox 823 2074 1021 2117; x_wconf 85' lang='lat' dir='ltr'>sempiterna</span> <span class='ocrx_word' id='word_1_252' title='bbox 1040 2074 1143 2107; x_wconf 85' lang='lat' dir='ltr'>abitu-</span> 
     </span>
     <span class='ocr_line' id='line_1_38' title="bbox 407 2128 1142 2166; baseline 0 -5"><span class='ocrx_word' id='word_1_253' title='bbox 407 2139 487 2161; x_wconf 85' lang='lat' dir='ltr'>ram.</span> <span class='ocrx_word' id='word_1_254' title='bbox 515 2128 605 2166; x_wconf 83' lang='lat' dir='ltr'>Quod</span> <span class='ocrx_word' id='word_1_255' title='bbox 631 2128 717 2160; x_wconf 86' lang='lat' dir='ltr'>vultu</span> <span class='ocrx_word' id='word_1_256' title='bbox 750 2128 830 2160; x_wconf 86' lang='lat' dir='ltr'>adeo</span> <span class='ocrx_word' id='word_1_257' title='bbox 862 2138 977 2160; x_wconf 89' lang='lat' dir='ltr'>screno</span> <span class='ocrx_word' id='word_1_258' title='bbox 1002 2132 1033 2160; x_wconf 88' lang='lat' dir='ltr'>et</span> <span class='ocrx_word' id='word_1_259' title='bbox 1057 2129 1142 2161; x_wconf 87' lang='lat' dir='ltr'>laeto</span> 
     </span>
     <span class='ocr_line' id='line_1_39' title="bbox 407 2179 1142 2224; baseline -0.001 -10"><span class='ocrx_word' id='word_1_260' title='bbox 407 2180 553 2224; x_wconf 85' lang='lat' dir='ltr'>protulit,</span> <span class='ocrx_word' id='word_1_261' title='bbox 566 2186 601 2213; x_wconf 88' lang='lat' dir='ltr'>ut</span> <span class='ocrx_word' id='word_1_262' title='bbox 616 2185 787 2223; x_wconf 86' lang='lat' dir='ltr'>appareret</span> <span class='ocrx_word' id='word_1_263' title='bbox 803 2190 877 2212; x_wconf 84' lang='lat' dir='ltr'>vere</span> <span class='ocrx_word' id='word_1_264' title='bbox 895 2179 984 2221; x_wconf 73' lang='lat' dir='ltr'>virgo</span> <span class='ocrx_word' id='word_1_265' title='bbox 1001 2180 1142 2222; x_wconf 83' lang='lat' dir='ltr'>prudens</span> 
     </span>
     <span class='ocr_line' id='line_1_40' title="bbox 407 2233 1143 2276; baseline 0 -10"><span class='ocrx_word' id='word_1_266' title='bbox 407 2239 440 2266; x_wconf 86' lang='lat' dir='ltr'>et</span> <span class='ocrx_word' id='word_1_267' title='bbox 463 2233 592 2276; x_wconf 84' lang='lat' dir='ltr'>sapiens</span> <span class='ocrx_word' id='word_1_268' title='bbox 622 2233 653 2265; x_wconf 89' lang='lat' dir='ltr'>in</span> <span class='ocrx_word' id='word_1_269' title='bbox 678 2233 837 2265; x_wconf 80' lang='lat' dir='ltr'>vestibulo</span> <span class='ocrx_word' id='word_1_270' title='bbox 870 2233 1015 2275; x_wconf 84' lang='lat' dir='ltr'>paradisi</span> <span class='ocrx_word' id='word_1_271' title='bbox 1048 2243 1143 2276; x_wconf 77' lang='lat' dir='ltr'>expe-</span> 
     </span>
     <span class='ocr_line' id='line_1_41' title="bbox 407 2285 1142 2329; baseline -0.001 -10"><span class='ocrx_word' id='word_1_272' title='bbox 407 2291 497 2319; x_wconf 84' lang='lat' dir='ltr'>ctans</span> <span class='ocrx_word' id='word_1_273' title='bbox 511 2297 583 2318; x_wconf 82' lang='lat' dir='ltr'>eum</span> <span class='ocrx_word' id='word_1_274' title='bbox 596 2285 755 2328; x_wconf 85' lang='lat' dir='ltr'>lampade,</span> <span class='ocrx_word' id='word_1_275' title='bbox 770 2289 805 2317; x_wconf 85' lang='lat' dir='ltr'>ut</span> <span class='ocrx_word' id='word_1_276' title='bbox 821 2285 955 2318; x_wconf 90' lang='lat' dir='ltr'>dilectus</span> <span class='ocrx_word' id='word_1_277' title='bbox 970 2285 1036 2318; x_wconf 88' lang='lat' dir='ltr'>eius</span> <span class='ocrx_word' id='word_1_278' title='bbox 1051 2297 1142 2329; x_wconf 84' lang='lat' dir='ltr'>spon-</span> 
     </span>
     <span class='ocr_line' id='line_1_42' title="bbox 407 2338 1163 2373; baseline 0.003 -2"><span class='ocrx_word' id='word_1_279' title='bbox 407 2350 458 2372; x_wconf 90' lang='lat' dir='ltr'>sus</span> <span class='ocrx_word' id='word_1_280' title='bbox 482 2339 615 2372; x_wconf 75' lang='lat' dir='ltr'>reniret.</span> <span class='ocrx_word' id='word_1_281' title='bbox 647 2339 740 2371; x_wconf 81' lang='lat' dir='ltr'>Cuius</span> <span class='ocrx_word' id='word_1_282' title='bbox 764 2339 797 2371; x_wconf 90' lang='lat' dir='ltr'>in</span> <span class='ocrx_word' id='word_1_283' title='bbox 822 2338 934 2371; x_wconf 86' lang='lat' dir='ltr'>intimo</span> <span class='ocrx_word' id='word_1_284' title='bbox 960 2339 1064 2372; x_wconf 87' lang='lat' dir='ltr'>cordis</span> <span class='ocrx_word' id='word_1_285' title='bbox 1090 2351 1163 2373; x_wconf 56' lang='lat' dir='ltr'>v0-.</span> 
     </span>
     <span class='ocr_line' id='line_1_43' title="bbox 407 2392 1143 2432; baseline -0.001 -6"><span class='ocrx_word' id='word_1_286' title='bbox 407 2393 508 2426; x_wconf 88' lang='lat' dir='ltr'>cantis</span> <span class='ocrx_word' id='word_1_287' title='bbox 543 2403 653 2425; x_wconf 86' lang='lat' dir='ltr'>vocem</span> <span class='ocrx_word' id='word_1_288' title='bbox 689 2392 848 2432; x_wconf 85' lang='lat' dir='ltr'>sentiens,</span> <span class='ocrx_word' id='word_1_289' title='bbox 884 2393 1051 2425; x_wconf 85' lang='lat' dir='ltr'>candelam</span> <span class='ocrx_word' id='word_1_290' title='bbox 1086 2393 1143 2425; x_wconf 87' lang='lat' dir='ltr'>be—</span> 
     </span>
     <span class='ocr_line' id='line_1_44' title="bbox 408 2445 1141 2488; baseline 0 -9"><span class='ocrx_word' id='word_1_291' title='bbox 408 2447 570 2479; x_wconf 72' lang='lat' dir='ltr'>nedictam</span> <span class='ocrx_word' id='word_1_292' title='bbox 594 2450 673 2478; x_wconf 88' lang='lat' dir='ltr'>nutu</span> <span class='ocrx_word' id='word_1_293' title='bbox 695 2450 823 2488; x_wconf 88' lang='lat' dir='ltr'>petens,</span> <span class='ocrx_word' id='word_1_294' title='bbox 849 2445 952 2477; x_wconf 85' lang='lat' dir='ltr'>erucis</span> <span class='ocrx_word' id='word_1_295' title='bbox 977 2445 1141 2488; x_wconf 75' lang='lat' dir='ltr'>signaculo</span> 
     </span>
     <span class='ocr_line' id='line_1_45' title="bbox 408 2497 1142 2540; baseline 0 -10"><span class='ocrx_word' id='word_1_296' title='bbox 408 2499 560 2538; x_wconf 80' lang='lat' dir='ltr'>frontem,</span> <span class='ocrx_word' id='word_1_297' title='bbox 577 2508 612 2530; x_wconf 92' lang='lat' dir='ltr'>os</span> <span class='ocrx_word' id='word_1_298' title='bbox 627 2503 656 2530; x_wconf 89' lang='lat' dir='ltr'>et</span> <span class='ocrx_word' id='word_1_299' title='bbox 674 2502 784 2540; x_wconf 82' lang='lat' dir='ltr'>pectus</span> <span class='ocrx_word' id='word_1_300' title='bbox 803 2497 1034 2537; x_wconf 70' lang='lat' dir='ltr'>communivit,</span> <span class='ocrx_word' id='word_1_301' title='bbox 1056 2509 1142 2531; x_wconf 88' lang='lat' dir='ltr'>man-</span> 
     </span>
     <span class='ocr_line' id='line_1_46' title="bbox 407 2544 1163 2595; baseline 0.001 -11"><span class='ocrx_word' id='word_1_302' title='bbox 407 2552 556 2595; x_wconf 89' lang='lat' dir='ltr'>davitque</span> <span class='ocrx_word' id='word_1_303' title='bbox 581 2550 728 2584; x_wconf 85' lang='lat' dir='ltr'>subtrahi</span> <span class='ocrx_word' id='word_1_304' title='bbox 753 2550 900 2591; x_wconf 82' lang='lat' dir='ltr'>cervical,</span> <span class='ocrx_word' id='word_1_305' title='bbox 922 2557 957 2582; x_wconf 89' lang='lat' dir='ltr'>ut</span> <span class='ocrx_word' id='word_1_306' title='bbox 976 2551 1081 2594; x_wconf 83' lang='lat' dir='ltr'>capite</span> <span class='ocrx_word' id='word_1_307' title='bbox 1102 2553 1140 2585; x_wconf 83' lang='lat' dir='ltr'>ad</span> <span class='ocrx_word' id='word_1_308' title='bbox 1162 2544 1163 2568; x_wconf 72' lang='lat' dir='ltr'>l</span> 
     </span>
     <span class='ocr_line' id='line_1_47' title="bbox 406 2603 1165 2653; baseline -0.004 -14"><span class='ocrx_word' id='word_1_309' title='bbox 406 2606 529 2644; x_wconf 83' lang='lat' dir='ltr'>nudum</span> <span class='ocrx_word' id='word_1_310' title='bbox 551 2604 674 2653; x_wconf 81' lang='lat' dir='ltr'>lignum</span> <span class='ocrx_word' id='word_1_311' title='bbox 699 2603 850 2637; x_wconf 87' lang='lat' dir='ltr'>inclinato</span> <span class='ocrx_word' id='word_1_312' title='bbox 869 2603 1004 2637; x_wconf 83' lang='lat' dir='ltr'>sentiret</span> <span class='ocrx_word' id='word_1_313' title='bbox 1020 2603 1053 2637; x_wconf 89' lang='lat' dir='ltr'>in</span> <span class='ocrx_word' id='word_1_314' title='bbox 1071 2614 1142 2637; x_wconf 88' lang='lat' dir='ltr'>cru·</span> <span class='ocrx_word' id='word_1_315' title='bbox 1161 2628 1165 2649; x_wconf 61' lang='grc' dir='ltr'>Ι</span> 
     </span>
    </p>
   </div>
   <div class='ocr_carea' id='block_1_4' title="bbox 1181 599 1917 686">
    <p class='ocr_par' dir='ltr' id='par_1_4' title="bbox 1181 599 1917 686">
     <span class='ocr_line' id='line_1_48' title="bbox 1181 599 1915 644; baseline 0.001 -12"><span class='ocrx_word' id='word_1_316' title='bbox 1181 599 1293 632; x_wconf 86' lang='lat' dir='ltr'>orandi</span> <span class='ocrx_word' id='word_1_317' title='bbox 1320 599 1481 640; x_wconf 82' lang='lat' dir='ltr'>formula,</span> <span class='ocrx_word' id='word_1_318' title='bbox 1515 600 1558 633; x_wconf 90' lang='lat' dir='ltr'>ita</span> <span class='ocrx_word' id='word_1_319' title='bbox 1588 600 1639 633; x_wconf 89' lang='lat' dir='ltr'>his</span> <span class='ocrx_word' id='word_1_320' title='bbox 1671 600 1751 644; x_wconf 88' lang='lat' dir='ltr'>ipsis</span> <span class='ocrx_word' id='word_1_321' title='bbox 1781 601 1813 633; x_wconf 89' lang='lat' dir='ltr'>in</span> <span class='ocrx_word' id='word_1_322' title='bbox 1839 611 1915 634; x_wconf 86' lang='lat' dir='ltr'>suae</span> 
     </span>
     <span class='ocr_line' id='line_1_49' title="bbox 1181 651 1917 686; baseline 0.004 -3"><span class='ocrx_word' id='word_1_323' title='bbox 1181 651 1336 684; x_wconf 74' lang='lat' dir='ltr'>infantilis</span> <span class='ocrx_word' id='word_1_324' title='bbox 1360 652 1567 685; x_wconf 86' lang='lat' dir='ltr'>innocentiae</span> <span class='ocrx_word' id='word_1_325' title='bbox 1593 652 1812 685; x_wconf 87' lang='lat' dir='ltr'>testimonium</span> <span class='ocrx_word' id='word_1_326' title='bbox 1829 653 1917 686; x_wconf 86' lang='lat' dir='ltr'>dece-</span> 
     </span>
    </p>
   </div>
   <div class='ocr_carea' id='block_1_5' title="bbox 1161 705 1917 748">
    <p class='ocr_par' dir='ltr' id='par_1_5' title="bbox 1161 705 1917 748">
     <span class='ocr_line' id='line_1_50' title="bbox 1161 705 1917 748; baseline 0.001 -12"><span class='ocrx_word' id='word_1_327' title='bbox 1161 706 1162 711; x_wconf 77' lang='grc'>’</span> <span class='ocrx_word' id='word_1_328' title='bbox 1182 705 1301 737; x_wconf 85' lang='lat' dir='ltr'>cedens</span> <span class='ocrx_word' id='word_1_329' title='bbox 1319 705 1425 739; x_wconf 74' lang='lat' dir='ltr'>Lim-ae</span> <span class='ocrx_word' id='word_1_330' title='bbox 1444 705 1482 737; x_wconf 90' lang='lat' dir='ltr'>ad</span> <span class='ocrx_word' id='word_1_331' title='bbox 1500 705 1599 737; x_wconf 86' lang='lat' dir='ltr'>limen</span> <span class='ocrx_word' id='word_1_332' title='bbox 1617 715 1777 748; x_wconf 80' lang='lat' dir='ltr'>supernae</span> <span class='ocrx_word' id='word_1_333' title='bbox 1794 705 1917 748; x_wconf 87' lang='lat' dir='ltr'>patriae</span> 
     </span>
    </p>
   </div>
   <div class='ocr_carea' id='block_1_6' title="bbox 1183 756 1924 2373">
    <p class='ocr_par' dir='ltr' id='par_1_6' title="bbox 1183 756 1918 843">
     <span class='ocr_line' id='line_1_51' title="bbox 1183 756 1918 800; baseline 0.003 -12"><span class='ocrx_word' id='word_1_334' title='bbox 1183 756 1330 796; x_wconf 84' lang='lat' dir='ltr'>evolavit,</span> <span class='ocrx_word' id='word_1_335' title='bbox 1346 757 1458 789; x_wconf 85' lang='lat' dir='ltr'>aetatis</span> <span class='ocrx_word' id='word_1_336' title='bbox 1474 767 1553 789; x_wconf 89' lang='lat' dir='ltr'>suae</span> <span class='ocrx_word' id='word_1_337' title='bbox 1570 766 1664 797; x_wconf 81' lang='lat' dir='ltr'>xxxn,</span> <span class='ocrx_word' id='word_1_338' title='bbox 1679 767 1793 789; x_wconf 88' lang='lat' dir='ltr'>mense</span> <span class='ocrx_word' id='word_1_339' title='bbox 1807 757 1918 800; x_wconf 87' lang='lat' dir='ltr'>quinto</span> 
     </span>
     <span class='ocr_line' id='line_1_52' title="bbox 1186 810 1417 843; baseline 0.004 -2"><span class='ocrx_word' id='word_1_340' title='bbox 1186 810 1234 842; x_wconf 76' lang='lat' dir='ltr'>vix</span> <span class='ocrx_word' id='word_1_341' title='bbox 1257 810 1417 843; x_wconf 83' lang='lat' dir='ltr'>inchoato.</span> 
     </span>
    </p>

    <p class='ocr_par' dir='ltr' id='par_1_7' title="bbox 1183 862 1924 1907">
     <span class='ocr_line' id='line_1_53' title="bbox 1227 862 1918 905; baseline 0.001 -11"><span class='ocrx_word' id='word_1_342' title='bbox 1227 863 1241 905; x_wconf 64' lang='lat' dir='ltr'>g</span> <span class='ocrx_word' id='word_1_343' title='bbox 1266 862 1320 895; x_wconf 73' lang='lat'>43.</span> <span class='ocrx_word' id='word_1_344' title='bbox 1348 862 1534 905; x_wconf 63' lang='lat' dir='ltr'>virgineum</span> <span class='ocrx_word' id='word_1_345' title='bbox 1559 862 1661 895; x_wconf 81' lang='lat' dir='ltr'>Rosae</span> <span class='ocrx_word' id='word_1_346' title='bbox 1682 862 1829 902; x_wconf 87' lang='lat' dir='ltr'>cadaver,</span> <span class='ocrx_word' id='word_1_347' title='bbox 1847 873 1918 896; x_wconf 89' lang='lat' dir='ltr'>eum</span> 
     </span>
     <span class='ocr_line' id='line_1_54' title="bbox 1183 915 1920 957; baseline 0 -11"><span class='ocrx_word' id='word_1_348' title='bbox 1183 915 1304 957; x_wconf 86' lang='lat' dir='ltr'>spirare</span> <span class='ocrx_word' id='word_1_349' title='bbox 1330 915 1485 954; x_wconf 76' lang='lat' dir='ltr'>desiisset,</span> <span class='ocrx_word' id='word_1_350' title='bbox 1507 915 1615 947; x_wconf 84' lang='lat' dir='ltr'>adhuc</span> <span class='ocrx_word' id='word_1_351' title='bbox 1633 925 1669 947; x_wconf 80' lang='lat' dir='ltr'>ex</span> <span class='ocrx_word' id='word_1_352' title='bbox 1693 915 1798 948; x_wconf 88' lang='lat' dir='ltr'>vivido</span> <span class='ocrx_word' id='word_1_353' title='bbox 1815 916 1920 948; x_wconf 82' lang='lat' dir='ltr'>vultus</span> 
     </span>
     <span class='ocr_line' id='line_1_55' title="bbox 1183 967 1919 1010; baseline 0.001 -11"><span class='ocrx_word' id='word_1_354' title='bbox 1183 967 1293 999; x_wconf 87' lang='lat' dir='ltr'>colore</span> <span class='ocrx_word' id='word_1_355' title='bbox 1308 972 1339 999; x_wconf 84' lang='lat' dir='ltr'>et</span> <span class='ocrx_word' id='word_1_356' title='bbox 1350 967 1539 999; x_wconf 83' lang='lat' dir='ltr'>rubentibus</span> <span class='ocrx_word' id='word_1_357' title='bbox 1564 967 1658 1000; x_wconf 86' lang='lat' dir='ltr'>labiis</span> <span class='ocrx_word' id='word_1_358' title='bbox 1673 967 1838 1010; x_wconf 84' lang='lat' dir='ltr'>respirans</span> <span class='ocrx_word' id='word_1_359' title='bbox 1856 978 1919 1000; x_wconf 86' lang='lat' dir='ltr'>ere-</span> 
     </span>
     <span class='ocr_line' id='line_1_56' title="bbox 1185 1020 1921 1063; baseline 0 -11"><span class='ocrx_word' id='word_1_360' title='bbox 1185 1020 1340 1059; x_wconf 82' lang='lat' dir='ltr'>debatur,</span> <span class='ocrx_word' id='word_1_361' title='bbox 1367 1020 1471 1052; x_wconf 87' lang='lat' dir='ltr'>donec</span> <span class='ocrx_word' id='word_1_362' title='bbox 1495 1020 1635 1052; x_wconf 89' lang='lat' dir='ltr'>innotuit</span> <span class='ocrx_word' id='word_1_363' title='bbox 1671 1020 1757 1053; x_wconf 87' lang='lat' dir='ltr'>haud</span> <span class='ocrx_word' id='word_1_364' title='bbox 1782 1020 1921 1063; x_wconf 88' lang='lat' dir='ltr'>amplius</span> 
     </span>
     <span class='ocr_line' id='line_1_57' title="bbox 1184 1072 1921 1116; baseline 0.001 -12"><span class='ocrx_word' id='word_1_365' title='bbox 1184 1072 1290 1105; x_wconf 75' lang='lat' dir='ltr'>inesse</span> <span class='ocrx_word' id='word_1_366' title='bbox 1316 1072 1428 1104; x_wconf 85' lang='lat' dir='ltr'>alitum</span> <span class='ocrx_word' id='word_1_367' title='bbox 1448 1082 1484 1104; x_wconf 82' lang='lat' dir='ltr'>ex</span> <span class='ocrx_word' id='word_1_368' title='bbox 1505 1072 1660 1116; x_wconf 83' lang='lat' dir='ltr'>applicito</span> <span class='ocrx_word' id='word_1_369' title='bbox 1687 1072 1733 1104; x_wconf 86' lang='lat' dir='ltr'>ori</span> <span class='ocrx_word' id='word_1_370' title='bbox 1760 1072 1829 1105; x_wconf 90' lang='lat' dir='ltr'>eius</span> <span class='ocrx_word' id='word_1_371' title='bbox 1854 1084 1921 1115; x_wconf 89' lang='lat' dir='ltr'>spe-</span> 
     </span>
     <span class='ocr_line' id='line_1_58' title="bbox 1185 1125 1919 1165; baseline -0.001 -8"><span class='ocrx_word' id='word_1_372' title='bbox 1185 1126 1267 1165; x_wconf 86' lang='lat' dir='ltr'>culo,</span> <span class='ocrx_word' id='word_1_373' title='bbox 1295 1125 1384 1157; x_wconf 89' lang='lat' dir='ltr'>cuius</span> <span class='ocrx_word' id='word_1_374' title='bbox 1409 1125 1491 1158; x_wconf 86' lang='lat' dir='ltr'>sicut</span> <span class='ocrx_word' id='word_1_375' title='bbox 1515 1125 1574 1157; x_wconf 83' lang='lat' dir='ltr'>suit</span> <span class='ocrx_word' id='word_1_376' title='bbox 1598 1125 1651 1157; x_wconf 89' lang='lat' dir='ltr'>hie</span> <span class='ocrx_word' id='word_1_377' title='bbox 1675 1125 1808 1158; x_wconf 88' lang='lat' dir='ltr'>ultimus</span> <span class='ocrx_word' id='word_1_378' title='bbox 1832 1136 1919 1165; x_wconf 79' lang='lat' dir='ltr'>usus,</span> 
     </span>
     <span class='ocr_line' id='line_1_59' title="bbox 1185 1177 1923 1221; baseline 0.001 -12"><span class='ocrx_word' id='word_1_379' title='bbox 1185 1177 1231 1209; x_wconf 88' lang='lat' dir='ltr'>sic</span> <span class='ocrx_word' id='word_1_380' title='bbox 1252 1177 1345 1209; x_wconf 87' lang='lat' dir='ltr'>etiam</span> <span class='ocrx_word' id='word_1_381' title='bbox 1371 1178 1431 1210; x_wconf 86' lang='lat' dir='ltr'>suit</span> <span class='ocrx_word' id='word_1_382' title='bbox 1454 1177 1588 1221; x_wconf 90' lang='lat' dir='ltr'>primus.</span> <span class='ocrx_word' id='word_1_383' title='bbox 1609 1177 1791 1221; x_wconf 85' lang='lat' dir='ltr'>Repentino</span> <span class='ocrx_word' id='word_1_384' title='bbox 1816 1178 1923 1220; x_wconf 88' lang='lat' dir='ltr'>prodi-</span> 
     </span>
     <span class='ocr_line' id='line_1_60' title="bbox 1186 1230 1922 1272; baseline 0.001 -10"><span class='ocrx_word' id='word_1_385' title='bbox 1186 1230 1238 1272; x_wconf 83' lang='lat' dir='ltr'>gio</span> <span class='ocrx_word' id='word_1_386' title='bbox 1261 1241 1374 1262; x_wconf 88' lang='lat' dir='ltr'>omnes</span> <span class='ocrx_word' id='word_1_387' title='bbox 1398 1230 1512 1262; x_wconf 82' lang='lat' dir='ltr'>invasit</span> <span class='ocrx_word' id='word_1_388' title='bbox 1537 1241 1672 1263; x_wconf 88' lang='lat' dir='ltr'>arcanus</span> <span class='ocrx_word' id='word_1_389' title='bbox 1691 1231 1831 1263; x_wconf 87' lang='lat' dir='ltr'>laetitiae</span> <span class='ocrx_word' id='word_1_390' title='bbox 1853 1242 1922 1263; x_wconf 87' lang='lat' dir='ltr'>sen-</span> 
     </span>
     <span class='ocr_line' id='line_1_61' title="bbox 1185 1282 1923 1326; baseline 0.001 -12"><span class='ocrx_word' id='word_1_391' title='bbox 1185 1293 1246 1323; x_wconf 84' lang='lat' dir='ltr'>sus,</span> <span class='ocrx_word' id='word_1_392' title='bbox 1272 1287 1306 1314; x_wconf 87' lang='lat' dir='ltr'>ut</span> <span class='ocrx_word' id='word_1_393' title='bbox 1330 1288 1431 1316; x_wconf 86' lang='lat' dir='ltr'>mater</span> <span class='ocrx_word' id='word_1_394' title='bbox 1450 1282 1519 1325; x_wconf 83' lang='lat' dir='ltr'>ipsa</span> <span class='ocrx_word' id='word_1_395' title='bbox 1544 1289 1658 1326; x_wconf 86' lang='lat' dir='ltr'>aptans</span> <span class='ocrx_word' id='word_1_396' title='bbox 1675 1284 1822 1323; x_wconf 87' lang='lat' dir='ltr'>cadaver,</span> <span class='ocrx_word' id='word_1_397' title='bbox 1842 1283 1923 1315; x_wconf 82' lang='lat' dir='ltr'>sicut</span> 
     </span>
     <span class='ocr_line' id='line_1_62' title="bbox 1186 1335 1921 1376; baseline 0.003 -9"><span class='ocrx_word' id='word_1_398' title='bbox 1186 1335 1230 1367; x_wconf 83' lang='lat' dir='ltr'>eis</span> <span class='ocrx_word' id='word_1_399' title='bbox 1256 1335 1364 1368; x_wconf 83' lang='lat' dir='ltr'>vivens</span> <span class='ocrx_word' id='word_1_400' title='bbox 1389 1335 1455 1368; x_wconf 84' lang='lat' dir='ltr'>filia</span> <span class='ocrx_word' id='word_1_401' title='bbox 1479 1335 1681 1376; x_wconf 82' lang='lat' dir='ltr'>obtinuerat,</span> <span class='ocrx_word' id='word_1_402' title='bbox 1710 1341 1741 1369; x_wconf 85' lang='lat' dir='ltr'>et</span> <span class='ocrx_word' id='word_1_403' title='bbox 1771 1341 1836 1368; x_wconf 85' lang='lat' dir='ltr'>tota</span> <span class='ocrx_word' id='word_1_404' title='bbox 1865 1336 1921 1369; x_wconf 91' lang='lat' dir='ltr'>do—</span> 
     </span>
     <span class='ocr_line' id='line_1_63' title="bbox 1183 1388 1919 1442; baseline 0.003 -23"><span class='ocrx_word' id='word_1_405' title='bbox 1183 1398 1253 1442; x_wconf 70' lang='lat' dir='ltr'>pius</span> <span class='ocrx_word' id='word_1_406' title='bbox 1280 1388 1428 1422; x_wconf 85' lang='lat' dir='ltr'>hilariter</span> <span class='ocrx_word' id='word_1_407' title='bbox 1458 1399 1522 1421; x_wconf 91' lang='lat' dir='ltr'>non</span> <span class='ocrx_word' id='word_1_408' title='bbox 1547 1389 1691 1432; x_wconf 78' lang='lat' dir='ltr'>exequiis</span> <span class='ocrx_word' id='word_1_409' title='bbox 1727 1389 1895 1422; x_wconf 80' lang='lat' dir='ltr'>defunctae</span> <span class='ocrx_word' id='word_1_410' title='bbox 1911 1415 1919 1429; x_wconf 91' lang='lat'>,</span> 
     </span>
     <span class='ocr_line' id='line_1_64' title="bbox 1185 1441 1919 1484; baseline 0.001 -11"><span class='ocrx_word' id='word_1_411' title='bbox 1185 1442 1239 1473; x_wconf 90' lang='lat' dir='ltr'>sed</span> <span class='ocrx_word' id='word_1_412' title='bbox 1258 1441 1391 1484; x_wconf 84' lang='lat' dir='ltr'>nuptiali</span> <span class='ocrx_word' id='word_1_413' title='bbox 1411 1441 1527 1483; x_wconf 77' lang='lat' dir='ltr'>gaudio</span> <span class='ocrx_word' id='word_1_414' title='bbox 1548 1442 1703 1474; x_wconf 86' lang='lat' dir='ltr'>interesse</span> <span class='ocrx_word' id='word_1_415' title='bbox 1722 1442 1919 1474; x_wconf 86' lang='lat' dir='ltr'>viderentur.</span> 
     </span>
     <span class='ocr_line' id='line_1_65' title="bbox 1185 1493 1923 1538; baseline 0 -12"><span class='ocrx_word' id='word_1_416' title='bbox 1185 1493 1235 1526; x_wconf 83' lang='lat' dir='ltr'>Sic</span> <span class='ocrx_word' id='word_1_417' title='bbox 1251 1494 1347 1527; x_wconf 87' lang='lat' dir='ltr'>etiarn</span> <span class='ocrx_word' id='word_1_418' title='bbox 1361 1495 1533 1534; x_wconf 76' lang='lat' dir='ltr'>extraneis,</span> <span class='ocrx_word' id='word_1_419' title='bbox 1554 1500 1698 1538; x_wconf 87' lang='lat' dir='ltr'>quoquot</span> <span class='ocrx_word' id='word_1_420' title='bbox 1711 1495 1857 1534; x_wconf 86' lang='lat' dir='ltr'>aderant,</span> <span class='ocrx_word' id='word_1_421' title='bbox 1875 1495 1923 1526; x_wconf 90' lang='lat' dir='ltr'>in-</span> 
     </span>
     <span class='ocr_line' id='line_1_66' title="bbox 1186 1546 1924 1580; baseline 0.001 -2"><span class='ocrx_word' id='word_1_422' title='bbox 1186 1546 1262 1579; x_wconf 90' lang='lat' dir='ltr'>time</span> <span class='ocrx_word' id='word_1_423' title='bbox 1282 1552 1312 1579; x_wconf 85' lang='lat' dir='ltr'>et</span> <span class='ocrx_word' id='word_1_424' title='bbox 1335 1552 1456 1580; x_wconf 83' lang='lat' dir='ltr'>secrete</span> <span class='ocrx_word' id='word_1_425' title='bbox 1474 1547 1617 1580; x_wconf 85' lang='lat' dir='ltr'>inhaesit</span> <span class='ocrx_word' id='word_1_426' title='bbox 1642 1546 1851 1580; x_wconf 88' lang='lat' dir='ltr'>iucunditatis</span> <span class='ocrx_word' id='word_1_427' title='bbox 1869 1547 1924 1579; x_wconf 88' lang='lat' dir='ltr'>sti—</span> 
     </span>
     <span class='ocr_line' id='line_1_67' title="bbox 1183 1600 1924 1633; baseline 0.001 -1"><span class='ocrx_word' id='word_1_428' title='bbox 1183 1601 1302 1632; x_wconf 83' lang='lat' dir='ltr'>mulus.</span> <span class='ocrx_word' id='word_1_429' title='bbox 1322 1600 1541 1633; x_wconf 87' lang='lat' dir='ltr'>Mendicorum</span> <span class='ocrx_word' id='word_1_430' title='bbox 1557 1601 1778 1633; x_wconf 87' lang='lat' dir='ltr'>tantummodo</span> <span class='ocrx_word' id='word_1_431' title='bbox 1795 1600 1924 1633; x_wconf 85' lang='lat' dir='ltr'>Limen-</span> 
     </span>
     <span class='ocr_line' id='line_1_68' title="bbox 1186 1653 1924 1697; baseline 0 -12"><span class='ocrx_word' id='word_1_432' title='bbox 1186 1653 1268 1685; x_wconf 89' lang='lat' dir='ltr'>sium</span> <span class='ocrx_word' id='word_1_433' title='bbox 1292 1653 1462 1686; x_wconf 84' lang='lat' dir='ltr'>eiulatibus</span> <span class='ocrx_word' id='word_1_434' title='bbox 1480 1658 1511 1686; x_wconf 89' lang='lat' dir='ltr'>et</span> <span class='ocrx_word' id='word_1_435' title='bbox 1528 1653 1677 1697; x_wconf 69' lang='lat' dir='ltr'>lacrymis</span> <span class='ocrx_word' id='word_1_436' title='bbox 1703 1653 1761 1685; x_wconf 80' lang='lat' dir='ltr'>suit</span> <span class='ocrx_word' id='word_1_437' title='bbox 1786 1653 1924 1685; x_wconf 88' lang='lat' dir='ltr'>celebra·</span> 
     </span>
     <span class='ocr_line' id='line_1_69' title="bbox 1186 1706 1922 1749; baseline 0 -12"><span class='ocrx_word' id='word_1_438' title='bbox 1186 1711 1252 1738; x_wconf 87' lang='lat' dir='ltr'>tum</span> <span class='ocrx_word' id='word_1_439' title='bbox 1277 1706 1337 1739; x_wconf 87' lang='lat' dir='ltr'>hoe</span> <span class='ocrx_word' id='word_1_440' title='bbox 1364 1706 1471 1745; x_wconf 86' lang='lat' dir='ltr'>sunus,</span> <span class='ocrx_word' id='word_1_441' title='bbox 1494 1711 1715 1749; x_wconf 85' lang='lat' dir='ltr'>conquerente</span> <span class='ocrx_word' id='word_1_442' title='bbox 1741 1716 1922 1748; x_wconf 82' lang='lat' dir='ltr'>egenorum</span> 
     </span>
     <span class='ocr_line' id='line_1_70' title="bbox 1186 1759 1922 1802; baseline 0.001 -12"><span class='ocrx_word' id='word_1_443' title='bbox 1186 1759 1280 1791; x_wconf 76' lang='lat' dir='ltr'>turba</span> <span class='ocrx_word' id='word_1_444' title='bbox 1300 1769 1408 1791; x_wconf 84' lang='lat' dir='ltr'>veram</span> <span class='ocrx_word' id='word_1_445' title='bbox 1433 1770 1610 1802; x_wconf 87' lang='lat' dir='ltr'>pauperum</span> <span class='ocrx_word' id='word_1_446' title='bbox 1633 1759 1791 1791; x_wconf 86' lang='lat' dir='ltr'>nutricem</span> <span class='ocrx_word' id='word_1_447' title='bbox 1808 1764 1839 1791; x_wconf 93' lang='lat' dir='ltr'>et</span> <span class='ocrx_word' id='word_1_448' title='bbox 1856 1770 1922 1791; x_wconf 88' lang='lat' dir='ltr'>ma-</span> 
     </span>
     <span class='ocr_line' id='line_1_71' title="bbox 1187 1811 1921 1845; baseline 0.001 -2"><span class='ocrx_word' id='word_1_449' title='bbox 1187 1816 1266 1844; x_wconf 86' lang='lat' dir='ltr'>trem</span> <span class='ocrx_word' id='word_1_450' title='bbox 1280 1811 1343 1844; x_wconf 85' lang='lat' dir='ltr'>sato</span> <span class='ocrx_word' id='word_1_451' title='bbox 1358 1812 1564 1845; x_wconf 86' lang='lat' dir='ltr'>acerbissimo</span> <span class='ocrx_word' id='word_1_452' title='bbox 1582 1812 1751 1844; x_wconf 83' lang='lat' dir='ltr'>immature</span> <span class='ocrx_word' id='word_1_453' title='bbox 1769 1811 1828 1844; x_wconf 92' lang='lat' dir='ltr'>sibi</span> <span class='ocrx_word' id='word_1_454' title='bbox 1851 1822 1921 1844; x_wconf 91' lang='lat' dir='ltr'>ere-</span> 
     </span>
     <span class='ocr_line' id='line_1_72' title="bbox 1185 1864 1403 1907; baseline 0 -11"><span class='ocrx_word' id='word_1_455' title='bbox 1185 1869 1270 1907; x_wconf 85' lang='lat' dir='ltr'>ptam</span> <span class='ocrx_word' id='word_1_456' title='bbox 1297 1864 1403 1897; x_wconf 82' lang='lat' dir='ltr'>fuisse.</span> 
     </span>
    </p>

    <p class='ocr_par' dir='ltr' id='par_1_8' title="bbox 1185 1917 1922 2373">
     <span class='ocr_line' id='line_1_73' title="bbox 1228 1917 1918 1960; baseline 0 -11"><span class='ocrx_word' id='word_1_457' title='bbox 1228 1917 1243 1960; x_wconf 65' lang='grc' dir='ltr'><strong>ἓ</strong></span> <span class='ocrx_word' id='word_1_458' title='bbox 1266 1917 1319 1949; x_wconf 71' lang='grc'>44.</span> <span class='ocrx_word' id='word_1_459' title='bbox 1346 1917 1417 1949; x_wconf 69' lang='lat' dir='ltr'>Visa</span> <span class='ocrx_word' id='word_1_460' title='bbox 1443 1917 1502 1949; x_wconf 90' lang='lat' dir='ltr'>suit</span> <span class='ocrx_word' id='word_1_461' title='bbox 1526 1917 1715 1959; x_wconf 86' lang='lat' dir='ltr'>angelorum</span> <span class='ocrx_word' id='word_1_462' title='bbox 1746 1927 1918 1949; x_wconf 87' lang='lat' dir='ltr'>numerosa</span> 
     </span>
     <span class='ocr_line' id='line_1_74' title="bbox 1185 1969 1919 2012; baseline 0 -10"><span class='ocrx_word' id='word_1_463' title='bbox 1185 1975 1321 2011; x_wconf 88' lang='lat' dir='ltr'>caterva,</span> <span class='ocrx_word' id='word_1_464' title='bbox 1337 1975 1368 2002; x_wconf 88' lang='lat' dir='ltr'>et</span> <span class='ocrx_word' id='word_1_465' title='bbox 1391 1975 1464 2002; x_wconf 84' lang='lat' dir='ltr'>ante</span> <span class='ocrx_word' id='word_1_466' title='bbox 1490 1970 1612 2002; x_wconf 88' lang='lat' dir='ltr'>obitum</span> <span class='ocrx_word' id='word_1_467' title='bbox 1645 1969 1726 2001; x_wconf 86' lang='lat' dir='ltr'>circa</span> <span class='ocrx_word' id='word_1_468' title='bbox 1753 1970 1919 2012; x_wconf 83' lang='lat' dir='ltr'>grabatum</span> 
     </span>
     <span class='ocr_line' id='line_1_75' title="bbox 1186 2022 1921 2065; baseline -0.001 -9"><span class='ocrx_word' id='word_1_469' title='bbox 1186 2022 1420 2062; x_wconf 84' lang='lat' dir='ltr'>decumbentis,</span> <span class='ocrx_word' id='word_1_470' title='bbox 1439 2028 1468 2055; x_wconf 88' lang='lat' dir='ltr'>et</span> <span class='ocrx_word' id='word_1_471' title='bbox 1493 2028 1567 2065; x_wconf 88' lang='lat' dir='ltr'>post</span> <span class='ocrx_word' id='word_1_472' title='bbox 1590 2022 1673 2054; x_wconf 86' lang='lat' dir='ltr'>circa</span> <span class='ocrx_word' id='word_1_473' title='bbox 1698 2023 1850 2055; x_wconf 77' lang='lat' dir='ltr'>feretrum</span> <span class='ocrx_word' id='word_1_474' title='bbox 1868 2022 1921 2055; x_wconf 87' lang='lat' dir='ltr'>de-</span> 
     </span>
     <span class='ocr_line' id='line_1_76' title="bbox 1186 2075 1922 2108; baseline -0.001 0"><span class='ocrx_word' id='word_1_475' title='bbox 1186 2077 1311 2108; x_wconf 85' lang='lat' dir='ltr'>functae</span> <span class='ocrx_word' id='word_1_476' title='bbox 1343 2077 1522 2108; x_wconf 84' lang='lat' dir='ltr'>alternante</span> <span class='ocrx_word' id='word_1_477' title='bbox 1552 2080 1709 2108; x_wconf 87' lang='lat' dir='ltr'>concentu</span> <span class='ocrx_word' id='word_1_478' title='bbox 1729 2075 1840 2108; x_wconf 83' lang='lat' dir='ltr'>sestive</span> <span class='ocrx_word' id='word_1_479' title='bbox 1864 2075 1922 2107; x_wconf 83' lang='lat' dir='ltr'>tri—</span> 
     </span>
     <span class='ocr_line' id='line_1_77' title="bbox 1185 2127 1922 2172; baseline 0.001 -13"><span class='ocrx_word' id='word_1_480' title='bbox 1185 2129 1332 2172; x_wconf 88' lang='lat' dir='ltr'>pudiare.</span> <span class='ocrx_word' id='word_1_481' title='bbox 1348 2127 1535 2166; x_wconf 85' lang='lat' dir='ltr'>Quaestoris</span> <span class='ocrx_word' id='word_1_482' title='bbox 1547 2128 1661 2160; x_wconf 82' lang='lat' dir='ltr'>coniux</span> <span class='ocrx_word' id='word_1_483' title='bbox 1678 2129 1790 2167; x_wconf 83' lang='lat' dir='ltr'>aulam,</span> <span class='ocrx_word' id='word_1_484' title='bbox 1810 2128 1842 2160; x_wconf 92' lang='lat' dir='ltr'>in</span> <span class='ocrx_word' id='word_1_485' title='bbox 1860 2139 1922 2171; x_wconf 90' lang='lat' dir='ltr'>qua</span> 
     </span>
     <span class='ocr_line' id='line_1_78' title="bbox 1185 2181 1922 2224; baseline -0.001 -10"><span class='ocrx_word' id='word_1_486' title='bbox 1185 2186 1399 2224; x_wconf 82' lang='lat' dir='ltr'>exposuerant</span> <span class='ocrx_word' id='word_1_487' title='bbox 1436 2181 1569 2223; x_wconf 78' lang='lat' dir='ltr'>virginis</span> <span class='ocrx_word' id='word_1_488' title='bbox 1610 2191 1745 2224; x_wconf 85' lang='lat' dir='ltr'>corpus,</span> <span class='ocrx_word' id='word_1_489' title='bbox 1777 2181 1922 2224; x_wconf 84' lang='lat' dir='ltr'>undique</span> 
     </span>
     <span class='ocr_line' id='line_1_79' title="bbox 1185 2233 1920 2276; baseline -0.001 -9"><span class='ocrx_word' id='word_1_490' title='bbox 1185 2235 1345 2268; x_wconf 89' lang='lat' dir='ltr'>luminoso</span> <span class='ocrx_word' id='word_1_491' title='bbox 1366 2233 1481 2276; x_wconf 84' lang='lat' dir='ltr'>illapsu</span> <span class='ocrx_word' id='word_1_492' title='bbox 1503 2234 1650 2266; x_wconf 83' lang='lat' dir='ltr'>caelestis</span> <span class='ocrx_word' id='word_1_493' title='bbox 1675 2234 1797 2276; x_wconf 79' lang='lat' dir='ltr'>gloriae</span> <span class='ocrx_word' id='word_1_494' title='bbox 1824 2239 1920 2266; x_wconf 88' lang='lat' dir='ltr'>totam</span> 
     </span>
     <span class='ocr_line' id='line_1_80' title="bbox 1185 2286 1920 2330; baseline -0.001 -10"><span class='ocrx_word' id='word_1_495' title='bbox 1185 2288 1304 2321; x_wconf 85' lang='lat' dir='ltr'>micare</span> <span class='ocrx_word' id='word_1_496' title='bbox 1330 2286 1510 2329; x_wconf 82' lang='lat' dir='ltr'>conspexit.</span> <span class='ocrx_word' id='word_1_497' title='bbox 1541 2286 1592 2319; x_wconf 85' lang='lat' dir='ltr'>Sic</span> <span class='ocrx_word' id='word_1_498' title='bbox 1613 2286 1809 2329; x_wconf 87' lang='lat' dir='ltr'>implebatur</span> <span class='ocrx_word' id='word_1_499' title='bbox 1833 2287 1920 2330; x_wconf 86' lang='lat' dir='ltr'>quod</span> 
     </span>
     <span class='ocr_line' id='line_1_81' title="bbox 1185 2338 1921 2373; baseline 0 -1"><span class='ocrx_word' id='word_1_500' title='bbox 1185 2340 1332 2373; x_wconf 85' lang='lat' dir='ltr'>Christus</span> <span class='ocrx_word' id='word_1_501' title='bbox 1358 2338 1511 2371; x_wconf 89' lang='lat' dir='ltr'>Dominus</span> <span class='ocrx_word' id='word_1_502' title='bbox 1537 2339 1677 2370; x_wconf 80' lang='lat' dir='ltr'>futurum</span> <span class='ocrx_word' id='word_1_503' title='bbox 1703 2349 1774 2371; x_wconf 87' lang='lat' dir='ltr'>esse</span> <span class='ocrx_word' id='word_1_504' title='bbox 1800 2340 1921 2372; x_wconf 76' lang='lat' dir='ltr'>revela-</span> 
     </span>
    </p>
   </div>
   <div class='ocr_carea' id='block_1_7' title="bbox 1163 2387 1923 2486">
    <p class='ocr_par' dir='ltr' id='par_1_9' title="bbox 1163 2387 1923 2486">
     <span class='ocr_line' id='line_1_82' title="bbox 1163 2387 1922 2434; baseline -0.001 -10"><span class='ocrx_word' id='word_1_505' title='bbox 1163 2387 1283 2432; x_wconf 63' lang='lat' dir='ltr'>³verat,</span> <span class='ocrx_word' id='word_1_506' title='bbox 1310 2396 1447 2423; x_wconf 87' lang='lat' dir='ltr'>mortem</span> <span class='ocrx_word' id='word_1_507' title='bbox 1471 2390 1597 2423; x_wconf 88' lang='lat' dir='ltr'>scilicet</span> <span class='ocrx_word' id='word_1_508' title='bbox 1620 2390 1724 2426; x_wconf 84' lang='lat' dir='ltr'>Rosae</span> <span class='ocrx_word' id='word_1_509' title='bbox 1754 2395 1786 2423; x_wconf 88' lang='lat' dir='ltr'>et</span> <span class='ocrx_word' id='word_1_510' title='bbox 1816 2393 1922 2434; x_wconf 87' lang='lat' dir='ltr'>sepul-</span> 
     </span>
     <span class='ocr_line' id='line_1_83' title="bbox 1164 2438 1923 2486; baseline -0.001 -9"><span class='ocrx_word' id='word_1_511' title='bbox 1164 2438 1288 2477; x_wconf 56' lang='lat' dir='ltr'>&#39;turam</span> <span class='ocrx_word' id='word_1_512' title='bbox 1314 2444 1381 2476; x_wconf 88' lang='lat' dir='ltr'>eius</span> <span class='ocrx_word' id='word_1_513' title='bbox 1409 2444 1476 2476; x_wconf 86' lang='lat' dir='ltr'>sore</span> <span class='ocrx_word' id='word_1_514' title='bbox 1508 2443 1695 2486; x_wconf 83' lang='lat' dir='ltr'>gloriosam.</span> <span class='ocrx_word' id='word_1_515' title='bbox 1723 2443 1859 2476; x_wconf 87' lang='lat' dir='ltr'>Devotae</span> <span class='ocrx_word' id='word_1_516' title='bbox 1877 2444 1923 2476; x_wconf 82' lang='lat' dir='ltr'>se-</span> 
     </span>
    </p>
   </div>
   <div class='ocr_carea' id='block_1_8' title="bbox 1184 2496 1921 2643">
    <p class='ocr_par' dir='ltr' id='par_1_10' title="bbox 1184 2496 1921 2643">
     <span class='ocr_line' id='line_1_84' title="bbox 1185 2496 1921 2539; baseline -0.003 -9"><span class='ocrx_word' id='word_1_517' title='bbox 1185 2497 1290 2530; x_wconf 89' lang='lat' dir='ltr'>minae</span> <span class='ocrx_word' id='word_1_518' title='bbox 1305 2506 1467 2529; x_wconf 86' lang='lat' dir='ltr'>sacrorum</span> <span class='ocrx_word' id='word_1_519' title='bbox 1481 2496 1676 2539; x_wconf 71' lang='lat' dir='ltr'>hymnorum</span> <span class='ocrx_word' id='word_1_520' title='bbox 1689 2506 1809 2536; x_wconf 79' lang='lat' dir='ltr'>sonoro</span> <span class='ocrx_word' id='word_1_521' title='bbox 1826 2501 1921 2528; x_wconf 86' lang='lat' dir='ltr'>cantu</span> 
     </span>
     <span class='ocr_line' id='line_1_85' title="bbox 1184 2549 1919 2593; baseline -0.001 -11"><span class='ocrx_word' id='word_1_522' title='bbox 1184 2560 1242 2593; x_wconf 90' lang='lat' dir='ltr'>per</span> <span class='ocrx_word' id='word_1_523' title='bbox 1265 2550 1352 2582; x_wconf 87' lang='lat' dir='ltr'>vices</span> <span class='ocrx_word' id='word_1_524' title='bbox 1376 2549 1580 2589; x_wconf 77' lang='lat' dir='ltr'>exultabant,</span> <span class='ocrx_word' id='word_1_525' title='bbox 1606 2554 1823 2592; x_wconf 88' lang='lat' dir='ltr'>protestantes</span> <span class='ocrx_word' id='word_1_526' title='bbox 1854 2559 1919 2581; x_wconf 90' lang='lat' dir='ltr'>non</span> 
     </span>
     <span class='ocr_line' id='line_1_86' title="bbox 1184 2602 1917 2643; baseline 0.001 -7"><span class='ocrx_word' id='word_1_527' title='bbox 1184 2603 1319 2643; x_wconf 80' lang='lat' dir='ltr'>naeniis,</span> <span class='ocrx_word' id='word_1_528' title='bbox 1337 2603 1393 2636; x_wconf 88' lang='lat' dir='ltr'>sed</span> <span class='ocrx_word' id='word_1_529' title='bbox 1412 2602 1500 2636; x_wconf 85' lang='lat' dir='ltr'>sestis</span> <span class='ocrx_word' id='word_1_530' title='bbox 1519 2602 1560 2635; x_wconf 90' lang='lat' dir='ltr'>ibi</span> <span class='ocrx_word' id='word_1_531' title='bbox 1579 2603 1687 2637; x_wconf 88' lang='lat' dir='ltr'>locum</span> <span class='ocrx_word' id='word_1_532' title='bbox 1701 2613 1769 2636; x_wconf 78' lang='lat' dir='ltr'>esse</span> <span class='ocrx_word' id='word_1_533' title='bbox 1787 2603 1917 2637; x_wconf 84' lang='lat' dir='ltr'>debere.</span> 
     </span>
    </p>
   </div>
   <div class='ocr_carea' id='block_1_9' title="bbox 1931 873 2112 977">
    <p class='ocr_par' dir='ltr' id='par_1_11' title="bbox 1931 873 2112 977">
     <span class='ocr_line' id='line_1_87' title="bbox 1956 873 2102 894; baseline 0 0"><span class='ocrx_word' id='word_1_534' title='bbox 1956 873 2059 894; x_wconf 65' lang='lat' dir='ltr'>Mortuum</span> <span class='ocrx_word' id='word_1_535' title='bbox 2070 880 2102 894; x_wconf 86' lang='lat' dir='ltr'>om</span> 
     </span>
     <span class='ocr_line' id='line_1_88' title="bbox 1931 900 2112 926; baseline -0.006 -6"><span class='ocrx_word' id='word_1_536' title='bbox 1931 906 1966 920; x_wconf 78' lang='lat' dir='ltr'>nes</span> <span class='ocrx_word' id='word_1_537' title='bbox 1977 900 2056 920; x_wconf 70' lang='lat' dir='ltr'>laetitia</span> <span class='ocrx_word' id='word_1_538' title='bbox 2066 906 2112 926; x_wconf 83' lang='lat' dir='ltr'>pru·</span> 
     </span>
     <span class='ocr_line' id='line_1_89' title="bbox 1931 927 2112 952; baseline 0.006 -7"><span class='ocrx_word' id='word_1_539' title='bbox 1931 929 2059 952; x_wconf 73' lang='lat' dir='ltr'>sequuntur,</span> <span class='ocrx_word' id='word_1_540' title='bbox 2075 927 2112 946; x_wconf 40' lang='lat' dir='ltr'>*uti</span> 
     </span>
     <span class='ocr_line' id='line_1_90' title="bbox 1931 952 2106 977; baseline 0 -5"><span class='ocrx_word' id='word_1_541' title='bbox 1931 953 2021 972; x_wconf 70' lang='lat' dir='ltr'>nn-udici</span> <span class='ocrx_word' id='word_1_542' title='bbox 2034 952 2106 977; x_wconf 60' lang='lat' dir='ltr'>lug-ant</span> 
     </span>
    </p>
   </div>
   <div class='ocr_carea' id='block_1_10' title="bbox 1930 1923 2114 1970">
    <p class='ocr_par' dir='ltr' id='par_1_12' title="bbox 1930 1923 2114 1970">
     <span class='ocr_line' id='line_1_91' title="bbox 1983 1923 2114 1949; baseline -0.015 -6"><span class='ocrx_word' id='word_1_543' title='bbox 1983 1923 2114 1949; x_wconf 66' lang='lat' dir='ltr'>splen-tora:</span> 
     </span>
     <span class='ocr_line' id='line_1_92' title="bbox 1930 1950 2068 1970; baseline 0 0"><span class='ocrx_word' id='word_1_544' title='bbox 1930 1950 2068 1970; x_wconf 60' lang='lat' dir='ltr'>circumdant.</span> 
     </span>
    </p>
   </div>
   <div class='ocr_carea' id='block_1_11' title="bbox 2277 2387 2279 2932">
    <p class='ocr_par' dir='ltr' id='par_1_13' title="bbox 2277 2387 2279 2932">
     <span class='ocr_line' id='line_1_93' title="bbox 2277 2387 2279 2932; baseline 0 0"><span class='ocrx_word' id='word_1_545' title='bbox 2277 2387 2279 2932; x_wconf 95' lang='lat' dir='ltr'> </span> 
     </span>
    </p>
   </div>
  </div>
 </body>
</html>
