2279 3260
227 272 264 297 An
294 272 322 298 c..
345 271 409 298 ¹070
455 262 518 295 616
1001 266 1180 293 mauturii
1203 267 1355 294 nominat
1943 272 1992 300 An.
2008 273 2036 300 c,
2056 274 2124 302 ¹676

462 331 530 354 vin.
546 320 579 352 ln
594 319 805 353 conventibus
823 323 854 351 et
871 318 1017 360 collegiis
1036 316 1152 349 nostris
1195 317 1391 360 adimpleant
1416 319 1660 362 obligationem,
1681 332 1775 364 quam
1793 320 2038 360 hunnimundum
2069 338 2121 357 ost.

417 373 632 417 permittimus
667 373 698 405 in
730 371 983 405 solemnioribus
1010 369 1098 401 sestis
1123 373 1154 400 et
1195 371 1367 412 separandi
1403 382 1461 414 pro
1486 373 1711 416 redemptione
1730 360 2124 416 captivorum31l0⁰r0d¹331¹2l¹333

418 427 587 460 funeribus
624 436 839 469 personarum
880 424 1024 467 gravium
1061 432 1152 453 usum
1939 419 1986 433 '¹⁰¹¹‘
2029 414 2123 440 capum·

253 812 262 833 ,ε
282 810 297 829 t.
316 810 344 829 [lc
360 811 408 828 voto

233 844 266 856 iun
281 837 394 856 ambiendi.

259 2504 269 2529 ,S
292 2504 309 2524 ¹.
333 2503 363 2524 De
382 2508 415 2523 ra-

233 2532 290 2550 [lune
313 2532 334 2550 et
357 2531 415 2551 curii.

233 2563 274 2581 «ιιι-ι
316 2549 500 2583 swam-latis
531 2553 660 2582 nostrae
690 2547 859 2590 religionis
896 2553 932 2580 ut
963 2548 1049 2580 omni
1086 2549 1162 2579 eura

234 2584 281 2603 tlnin
306 2586 326 2603 ct
347 2585 415 2604 custu-

1196 423 1322 455 tertiam
1336 429 1459 466 partem
1475 426 1619 459 omnium
1635 438 1750 467 rerum,
1767 438 1848 470 quae
1866 427 1993 461 iux-rum.

417 479 661 512 dalmaticarum
684 489 742 521 pro
767 477 914 509 (liaconis
939 481 969 507 et
987 474 1155 507 subdiaco-

418 533 478 571 nis,
495 543 622 565 necnon
644 531 812 564 collarium
838 540 898 572 pro
916 528 1062 571 acolytis,
1083 538 1155 560 neu-

418 587 538 628 tiquam
557 595 633 617 vero
654 584 850 616 manicatum
868 581 900 614 in
916 581 1064 613 crucibus
1080 590 1154 622 pro-

418 637 665 676 cessionalibus
683 646 742 668 nec
768 635 799 667 in
824 633 1034 666 inferioribus
1058 632 1155 675 parti-

418 690 477 723 bus
501 690 646 723 albarum
683 694 714 720 ct
750 688 976 720 rocliettorum
1005 690 1153 718 ornatum

419 743 473 786 qui
499 743 584 785 apud
610 742 770 784 llispanos
796 740 915 772 dicitnr
938 738 1062 782 saldon.

464 807 486 830 i.
521 796 639 828 Omnes
680 794 783 826 nostri
819 793 963 835 religiosi
1000 792 1037 824 ad
1072 791 1150 823 clio-

420 859 491 881 rum
519 848 675 891 deputati,
704 852 850 890 tempore
880 856 954 878 suae
985 844 1155 888 professio-

419 903 478 942 nis,
494 901 678 934 immediate
697 905 773 944 post
795 900 853 932 tria
869 904 942 932 vota
959 893 1153 937 essentialia,

420 960 569 999 quartum
595 954 745 987 emittant
775 963 839 985 non
863 950 1098 995 praetendendi
1122 950 1155 982 in

420 1011 528 1042 nostra
552 1008 711 1050 religione
737 1006 841 1040 officia
871 1012 903 1039 et
937 1006 1154 1049 praelaturas,

420 1061 572 1095 videlieet
596 1060 736 1093 ministri
763 1059 942 1102 generalis,
976 1056 1155 1090 definitoris

421 1114 596 1157 generalis,
623 1112 769 1155 magistri
794 1110 1002 1155 provincialis
1026 1115 1058 1143 et
1082 1120 1158 1143 con-

420 1167 600 1205 ventualis,
619 1166 805 1205 visitatoris,
833 1164 1063 1208 praesidentis,
1081 1173 1157 1195 nec-

420 1231 485 1253 non
517 1220 595 1253 socii
620 1220 653 1252 in
678 1219 822 1263 capitulo
856 1217 1003 1260 generali
1029 1223 1061 1249 et
1084 1226 1158 1259 pro-

421 1272 581 1305 curatoris
601 1272 764 1314 generalis
788 1271 951 1303 Romanae
969 1269 1081 1302 Curiae
1109 1269 1157 1301 vel

420 1325 545 1367 regiae3
571 1324 722 1357 similiter
746 1334 811 1356 non
839 1321 1075 1366 praetendendi
1102 1331 1158 1353 ne-

421 1389 483 1421 que
503 1377 695 1411 admittendi
716 1377 754 1409 ad
771 1376 908 1418 aliquam
924 1375 1157 1418 praelationem

422 1436 512 1464 extra
536 1436 681 1463 nostram
698 1429 902 1472 religionem,
919 1429 1006 1460 iuxta
1022 1428 1156 1460 sormam

421 1483 611 1527 dispositam
635 1494 652 1515 a
677 1482 778 1515 felicis
798 1481 1032 1514 recordationis
1057 1480 1157 1512 Paulo

421 1537 507 1580 Papa
525 1535 580 1576 V¹3
607 1536 632 1568 si
658 1535 730 1579 quis
755 1540 861 1567 autem
885 1534 1034 1566 inventus
1060 1533 1158 1565 suerit

421 1589 644 1633 praetendisse
669 1588 808 1631 aliquam
836 1587 1071 1630 praelationem
1100 1596 1155 1618 seu

422 1642 564 1675 officium
593 1652 630 1674 ex
653 1640 840 1684 praedictis,
854 1640 1076 1672 incarceretur
1099 1648 1159 1681 per

421 1705 576 1735 mensem,
591 1699 622 1727 et
636 1693 751 1733 officio,
766 1703 844 1726 voce
865 1697 897 1725 et
920 1693 992 1725 loco
1018 1702 1078 1735 per
1102 1691 1157 1724 tri-

423 1748 555 1781 ennium
579 1747 721 1790 privatus
747 1746 799 1778 sit.

466 1812 502 1834 n.
529 1801 703 1833 Praeterea
733 1809 845 1832 omnes
870 1798 985 1831 fratres
1010 1797 1099 1830 laicis
1124 1797 1158 1830 in

423 1856 481 1887 sua
496 1853 695 1897 protessione
712 1852 895 1885 immediate
909 1850 1000 1894 post‘2
1014 1851 1074 1883 tria
1087 1855 1158 1884 vota

424 1907 607 1940 essentialia
637 1912 786 1949 quartum
822 1905 917 1938 etiam
952 1904 1100 1937 emittant
1122 1904 1159 1936 (Ie

423 1970 485 1992 non
512 1959 707 1992 transeundo
725 1958 766 1991 ad
786 1962 899 1990 statam
925 1957 1106 1990 clericalem
1130 1961 1158 1989 et

424 2013 553 2046 ordines
573 2023 689 2051 sacros,
714 2016 742 2044 et
771 2011 809 2044 cle
835 2021 897 2043 non
923 2010 1158 2054 praetemlewlo

424 2066 543 2099 directe
565 2065 614 2098 vel
639 2065 793 2097 indirecte
815 2064 938 2096 dictum
963 2063 1154 2103 transitum,

424 2119 518 2151 inacta
535 2119 633 2151 Breve
646 2117 751 2160 felicis
764 2116 997 2149 recordationis
1013 2116 1039 2149 A
1047 2116 1159 2148 laran-

424 2171 478 2203 ἀνί
506 2171 585 2210 1='JI,·
609 2170 669 2214 qui
693 2180 764 2202 vcro
789 2180 876 2202 secus
899 2169 1019 2212 fecerit,
1047 2169 1158 2201 catar-

425 2224 561 2257 bz‘trium
582 2223 797 2267 provincialis
813 2223 956 2266 qruviter
974 2222 1154 2254 mulctetur.

488 2305 618 2334 Bne-*effi
647 2312 740 2333 caper
763 2303 798 2333 11.
826 2321 861 2325 -
888 2302 1013 2332 Omnes
1036 2312 1091 2331 res

518 2352 736 2392 undequaque
748 2352 834 2382 licite
846 2352 991 2387 veniant,
1004 2356 1064 2381 etei

465 2429 555 2468 Caput
576 2438 596 2458 1.
612 2446 651 2451 -
672 2428 712 2458 De
732 2428 917 2468 redemptione
938 2429 1118 2467 captivorum.

471 2506 491 2529 i.
518 2493 741 2538 Praecipimus
767 2493 875 2527 stricte
892 2495 1042 2527 omnibus
1068 2504 1161 2537 prae-

466 2621 473 2646 t
497 2619 568 2646 Edit.
588 2619 667 2646 nain.
688 2618 751 2654 tegit
774 2619 811 2646 r]
829 2619 866 2654 (a.
883 2619 932 2649 12).

463 2663 479 2692 2
498 2663 568 2691 Edit.
581 2663 659 2690 Mam.
675 2662 739 2698 legit
755 2670 810 2697 per
825 2671 871 2698 pre
884 2666 946 2698 post
962 2663 999 2698 (R.
1010 2663 1055 2697 T-).

1198 480 1227 508 ta
1255 481 1399 509 sanctam
1434 479 1576 520 regulam
1607 485 1751 512 nostram
1785 481 1930 523 separari

1197 529 1306 568 debet,
1323 534 1356 561 et
1372 539 1546 562 oneramus
1562 531 1779 564 conscientias
1802 537 1931 575 patrum

1197 581 1399 614 visitatorum
1419 587 1454 614 ut.
1475 583 1644 626 invigilent
1660 583 1756 617 liuius
1774 585 1856 627 legis
1875 586 1931 618 ob-

1197 634 1391 667 servantiae.

1240 698 1275 720 11.
1302 687 1468 731 Separatio
1487 688 1545 721 ista
1559 689 1590 721 in
1605 689 1754 732 quolibet
1770 695 1930 723 conventu

1197 745 1228 772 et
1252 741 1390 783 collegio
1416 752 1475 785 per
1498 741 1699 782 ministrum,
1724 752 1782 775 seu
1806 744 1932 786 praesi-

1197 793 1336 835 dentem,
1357 799 1389 826 et
1408 793 1614 827 consiliarios
1633 794 1687 827 siat
1703 795 1810 827 statim
1827 805 1863 827 ae
1883 805 1933 827 re-

1196 851 1326 889 ceptum
1345 846 1441 879 fuerit
1466 847 1635 890 quodlibet
1652 857 1754 889 genus
1771 847 1933 880 fructuum

1197 899 1371 931 aliarumve
1396 910 1515 940 rerum,
1541 904 1573 932 et
1597 899 1773 942 separatim
1798 910 1931 932 conser-

1197 957 1289 985 vetur
1306 953 1337 985 in
1356 953 1488 996 propria
1512 953 1620 996 specie
1639 953 1727 996 quod
1746 953 1784 986 ad
1805 953 1933 986 redem-

1197 1006 1340 1049 ptionem
1357 1005 1563 1049 pertinuerit,
1583 1011 1616 1039 et
1643 1006 1676 1038 in
1696 1006 1778 1039 libro
1808 1007 1934 1039 redem-

1198 1059 1319 1102 ptionis
1342 1059 1514 1092 scribatur.
1535 1059 1572 1091 Et
1591 1064 1668 1102 post
1693 1058 1873 1102 quamlibet
1889 1059 1935 1090 vi-

1198 1112 1381 1145 sitationem
1407 1112 1512 1145 dictus
1542 1111 1693 1144 minister
1722 1122 1778 1144 seu
1802 1122 1935 1155 praeses

1198 1165 1302 1197 mittat
1314 1165 1515 1207 redemptori
1532 1175 1609 1197 suae
1627 1164 1816 1208 provinciae
1834 1165 1935 1197 deela-

1198 1217 1378 1257 rationem,
1405 1218 1444 1250 ab
1475 1218 1545 1260 ipso
1579 1223 1611 1250 et
1642 1217 1837 1250 consiliariis
1862 1217 1936 1249 sub-

1200 1270 1362 1313 scriptam,
1377 1270 1520 1302 omnium
1531 1280 1639 1302 reruni
1656 1281 1739 1313 quae
1755 1271 1933 1303 seeundum

1200 1323 1283 1355 hane
1313 1322 1579 1356 constitutionem
1611 1323 1774 1365 pertinent
1803 1323 1841 1355 ad
1884 1333 1937 1355 re-

1200 1375 1435 1418 demptionem.

1244 1438 1291 1461 111.
1323 1427 1596 1471 Quotiescumque
1632 1427 1843 1461 determinate
1875 1438 1935 1471 pro

1198 1481 1426 1524 redemptione
1462 1481 1663 1524 captivorum
1687 1484 1818 1523 recepta
1839 1480 1938 1513 suerit

1199 1533 1306 1576 aliqua
1340 1533 1590 1566 considerabitis
1634 1543 1691 1566 seu
1722 1533 1830 1575 magni
1860 1544 1932 1566 mo-

1200 1587 1300 1619 menti
1326 1587 1508 1630 quantitas,
1542 1586 1776 1629 cuiuscumque
1808 1586 1937 1628 generis

1200 1640 1251 1680 sit,
1269 1640 1381 1672 similis
1399 1640 1453 1672 siat
1468 1640 1645 1673 declaratio
1663 1650 1680 1671 a
1695 1639 1871 1682 praedictis
1889 1639 1937 1672 tri·

1200 1694 1260 1726 bus
1284 1693 1472 1737 subscripta,
1493 1698 1530 1728 et
1548 1692 1749 1735 redemptori
1775 1692 1938 1736 quampri-

1200 1757 1287 1779 mum
1311 1747 1465 1779 mittatur.
1488 1747 1531 1779 De
1556 1746 1661 1790 parvis
1686 1750 1792 1779 autem
1817 1746 1938 1789 quanti-

1201 1800 1319 1833 tatibus
1358 1810 1416 1843 pro
1455 1799 1683 1842 redemptione
1724 1799 1937 1831 determinate

1200 1853 1349 1897 receptis,
1367 1853 1448 1886 haee
1465 1852 1520 1885 siet
1544 1852 1718 1885 declaratio
1736 1857 1810 1894 post
1826 1862 1939 1895 quam-

1200 1907 1281 1940 libet
1305 1906 1543 1945 visitationem,
1568 1910 1600 1938 et
1630 1910 1706 1937 tunc
1738 1904 1936 1948 redemptori

1201 1960 1358 1993 mittetur.
1372 1960 1480 1992 Patres
1495 1970 1570 1992 vero
1581 1959 1805 2001 redemptores
1819 1958 1937 1990 librum

1201 2014 1354 2053 babeant,
1372 2013 1404 2045 in
1425 2023 1489 2055 quo
1508 2011 1655 2044 distincte
1673 2010 1817 2043 scribant
1829 2010 1937 2043 omnia

1201 2077 1284 2110 quae
1301 2077 1336 2099 ex
1363 2064 1536 2108 praedictis
1562 2062 1836 2096 declarationibus
1861 2073 1937 2095 con-

1200 2119 1322 2151 stiterit
1356 2123 1503 2161 spectare
1539 2116 1578 2148 ad
1610 2115 1869 2158 redemptionem
1904 2115 1934 2147 in

1201 2172 1351 2206 omnibus
1375 2171 1585 2204 conventibus
1603 2174 1634 2202 et
1658 2169 1815 2211 collegiis,
1841 2179 1937 2201 unus-

1201 2226 1338 2270 quisque
1362 2224 1514 2257 videlieet
1537 2233 1597 2266 pro
1623 2223 1678 2255 sua
1703 2222 1879 2265 provincia.

1246 2289 1289 2312 iv.
1316 2277 1429 2311 Nullus
1446 2276 1592 2309 minister
1617 2285 1673 2308 seu
1690 2285 1821 2318 praeses
1840 2275 1936 2308 etiam

1202 2342 1273 2365 cum
1308 2330 1500 2364 consiliariis
1542 2329 1658 2362 audeat
1695 2329 1791 2361 titulo
1826 2329 1936 2372 aliquo

1203 2385 1270 2418 sive
1293 2388 1465 2428 praetextu
1495 2383 1636 2416 vendere
1662 2387 1694 2415 et
1717 2381 1859 2415 alienare
1883 2382 1934 2415 di-

1203 2444 1269 2471 etas
1293 2437 1429 2480 species,
1453 2437 1519 2470 sive
1543 2446 1581 2469 ex
1606 2436 1764 2479 separatis
1788 2446 1848 2479 pro
1875 2440 1939 2469 ter-

1204 2492 1247 2525 tia
1273 2496 1364 2535 parte
1395 2491 1483 2523 iuxta
1514 2494 1662 2522 tenorem
1693 2490 1848 2531 regulae,
1873 2489 1937 2523 sive

1203 2556 1241 2578 ex
1267 2545 1348 2577 datis
1373 2542 1585 2576 determinate
1607 2543 1645 2575 ad
1663 2543 1936 2586 redemptionem,

1203 2600 1272 2632 sinc
1287 2598 1416 2632 licentia
1434 2597 1656 2641 provincialis,
1671 2607 1768 2640 quem
1786 2602 1849 2629 tam
1868 2596 1936 2640 ipse

1203 2663 1299 2697 quain
1323 2650 1500 2685 consiliarii
1518 2661 1654 2684 monere
1672 2655 1842 2685 teneantur
1859 2655 1938 2684 tem-
