2279 3260
907 275 935 297 th
944 275 1001 297 DEX
1028 274 1197 298 nt'milcaitt
1206 275 1226 297 til

386 327 517 370 quisitas
535 326 566 358 in
587 325 748 358 iudicibus
772 325 886 359 Curiae
911 327 1041 359 ordina-

388 381 454 413 riae
472 380 502 412 S.
523 378 619 418 Petri,
641 384 669 410 et
691 379 778 421 quod
803 378 1041 412 Avenionenses

389 432 470 465 trahi
488 438 651 475 nequeant
668 432 707 464 ad
723 433 899 464 Romanam
912 432 1040 465 Curiam

383 485 443 518 nisi
473 485 503 517 in
529 484 631 517 causis
663 490 754 517 scuta
788 484 874 517 mille
899 485 930 517 in
955 491 1040 518 sorte

384 545 415 570 et
440 544 528 571 scuta
562 544 689 571 centum
717 538 748 570 in
781 548 888 571 annuo
913 538 1041 571 redditu

387 591 639 631 excedentibus,
679 602 752 624 cum
793 591 1040 625 confirmatione

384 644 625 687 privilegiorum
649 644 862 676 universitatis
880 643 982 676 dictae
1000 644 1041 676 ci-

386 697 499 736 vitatis,
528 708 564 730 ac
588 697 792 730 ordinatione
818 703 851 729 ut
878 698 1040 730 fundatio-

384 761 440 782 nes
475 756 598 792 septem
625 751 836 789 collegiorum
864 751 949 783 iuxta
973 751 1039 794 pri-
1067 752 1069 787 l

383 813 530 836 maevam
553 803 786 836 institutionem
809 809 988 841 serventur,
1010 810 1039 836 et
1068 796 1069 832 i

386 857 456 889 aliis
482 857 566 889 circa
591 857 846 889 nominationem
874 857 912 889 ad
934 857 1041 889 ol'ficia
1067 842 1069 899 i

384 909 487 942 dictae
513 908 666 947 civitatis,
695 919 766 941 cum
793 909 1040 941 confirmatione
1068 907 1069 946 Ῐ

384 962 532 995 Brevium
558 961 677 994 Urbani
695 962 771 1001 wil,
793 962 891 1004 quod,
912 967 1041 1004 praeter
1068 962 1069 997 ἑ

383 1016 514 1057 legatos,
533 1015 735 1057 vicelegatos‚
759 1015 1039 1058 archiepiscopum
1096 1016 1165 1048 thl.

383 1074 413 1100 et
437 1070 613 1111 praefectos
639 1077 803 1100 armorum
835 1068 938 1100 dictae
964 1067 1040 1099 civi-

385 1120 475 1160 tatis,
503 1116 602 1152 nemo
630 1119 668 1152 sit
695 1119 850 1152 immunis
876 1120 914 1151 al]
940 1119 1041 1162 impo-
1067 1119 1068 1147 ἶ

382 1172 565 1211 sidonibus,
586 1183 668 1215 quae
686 1172 718 1204 in
737 1172 883 1213 ingressu
904 1172 1040 1206 civitatis

384 1225 567 1268 praedictae
592 1225 770 1265 solvuntur,
799 1224 872 1258 2280.

295 1278 435 1310 LXXXV.
461 1278 669 1311 Confirmatio
706 1278 827 1311 decreti
864 1279 1037 1313 definitorii

384 1330 542 1371 generalis
566 1329 694 1364 Ordinis
719 1331 853 1363 fratrum
878 1332 1037 1365 Minorum

384 1383 484 1416 sancti
509 1383 668 1416 Francisci
695 1383 734 1416 de
760 1383 966 1416 Observantia
984 1385 1040 1417 He·
1066 1409 1067 1417 i

386 1436 595 1468 collectorum
617 1445 677 1479 pro
695 1436 851 1469 electione
867 1437 1039 1479 praefecta-

382 1500 454 1521 rum
473 1495 503 1521 et
522 1488 750 1531 priorissarum
772 1489 961 1522 monialium
981 1500 1039 1533 per
1065 1488 1067 1492 '

382 1542 564 1586 provincias
589 1542 907 1585 Germano-Belgicas
933 1550 962 1576 et
987 1554 1039 1576 an-

382 1606 490 1633 nexas,
518 1594 592 1628 282.

295 1648 448 1681 LXXXVI.
478 1647 569 1686 Quod
593 1648 632 1681 de
657 1654 764 1682 cetero
790 1659 902 1682 omnes
928 1649 1039 1695 etOsin-

383 1701 448 1742 guli
474 1700 661 1734 definitores
685 1702 833 1745 perpetui
859 1702 1038 1745 provincia-

384 1764 453 1786 rum
480 1753 613 1786 fratrum
647 1754 803 1787 Minorum
838 1755 1038 1788 Conventua-

384 1807 461 1840 lium
487 1808 586 1840 sancti
613 1808 795 1848 francisci,
815 1814 886 1851 post
911 1808 1037 1841 linitum

383 1861 536 1900 tecturae,
567 1860 826 1904 praedicationis,
862 1862 910 1894 vel
943 1863 1039 1905 magi-

381 1913 471 1946 sterii
497 1913 705 1953 novitiorum,
723 1918 777 1947 aut
793 1914 1038 1957 inquisitoratus

384 1973 521 2010 tempus,
560 1967 845 2010 exprovincialinm
882 1969 1039 2011 praeemi-

381 2019 499 2052 nentiis
525 2020 685 2059 truantur,
714 2030 749 2052 ac
773 2020 799 2052 si
823 2021 1037 2063 provinc-iala-

385 2080 431 2105 tus
448 2083 580 2106 munere
598 2073 709 2113 suncti,
728 2080 757 2106 et
777 2073 839 2106 alia
853 2074 936 2106 circa
951 2085 1038 2116 prae-

383 2126 563 2159 cedentiam
590 2126 672 2159 inter
698 2137 751 2159 eos
784 2127 938 2167 declarat,
964 2128 1036 2161 ³284.

295 2179 460 2213 Lxxxvll.
488 2180 635 2213 Extensio
654 2180 884 2222 indulgendae,
908 2191 1037 2215 conces-

384 2241 436 2264 sae
461 2232 601 2265 ecclesiis
623 2233 755 2265 fratrum
773 2233 1035 2267 Excalceatorum

383 2290 414 2317 et
427 2285 615 2318 monialium
634 2285 789 2319 Ordinum
810 2287 841 2319 B.
862 2287 979 2320 Mariae
997 2288 1035 2320 de

381 2337 526 2371 Mercede
550 2338 791 2382 Redemptionis
815 2339 1032 2382 Captivorum,

384 2391 423 2424 ad
448 2401 560 2424 omnes
581 2393 730 2425 ecclesias
748 2392 890 2425 eiusdem
909 2392 1036 2427 Ordinis

382 2443 602 2477 Calceatorum
628 2445 748 2489 ubique
774 2446 869 2479 etiam
896 2446 928 2479 in
953 2447 1036 2480 sutu-

380 2507 453 2530 rum
479 2496 666 2538 existentes,
696 2498 727 2531 in
753 2499 804 2532 die
830 2500 909 2532 festo
935 2500 1035 2533 sancti

381 2549 467 2582 Petri
493 2550 530 2582 de
555 2549 701 2590 Nolasco,
730 2550 804 2584 ⁹286.

293 2602 475 2636 LXXXVIII.
503 2603 668 2646 Exemptio
689 2605 920 2638 nonnullorum
948 2606 1036 2638 lami-

384 2655 512 2688 liarium
538 2666 670 2689 suorum
695 2667 712 2689 a
736 2657 851 2700 spolio,
879 2657 952 2690 0286.

1729 266 1793 300 731)

1095 326 1248 360 LXXXIX.
1274 328 1441 361 Concessio
1468 328 1739 371 indulgentiarum
1765 330 1839 363 visi-

1183 380 1322 414 tantibus
1348 381 1491 414 ecclesiis
1515 380 1643 415 Ordinis
1660 382 1761 416 sancti
1779 384 1839 416 Au-

1181 432 1299 474 gustini
1322 433 1354 466 in
1373 434 1496 474 diebus,
1517 434 1635 477 quibus
1654 435 1839 469 festivitates

1183 493 1368 520 sanctorum
1394 486 1576 529 Augustini,
1604 487 1758 527 Monieae‚
1788 488 1839 522 Ni-

1183 539 1264 572 colai
1279 539 1500 580 Tolentinatis,
1518 545 1548 573 et
1563 539 1707 574 Thomae
1724 540 1764 574 de
1777 540 1837 574 Vil-

1182 592 1296 636 lanova
1321 592 1537 633 celebrantur,
1565 592 1640 627 289.

1094 645 1150 677 XC.
1177 645 1394 687 Indulgentias
1419 646 1573 688 elargitur
1596 645 1677 689 illis,
1709 647 1764 691 qui
1789 658 1837 682 ec-

1183 698 1295 731 clesias
1320 698 1447 732 Ordinis
1483 699 1584 732 sancti
1615 700 1779 734 Benedicti
1804 701 1836 733 in

1183 750 1296 784 diebus
1316 751 1403 784 l'estis
1421 751 1576 793 eiusdem,
1597 762 1633 785 ac
1649 759 1837 787 sanctorum

1182 803 1409 843 Seliolasticae,
1444 804 1564 838 Placidi
1598 810 1628 838 et
1652 805 1765 846 Mauri,
1801 817 1837 839 ac

1183 855 1213 887 in
1237 856 1287 887 die
1312 865 1377 898 quo
1397 855 1670 891 Commemoratio
1690 858 1836 892 omnium

1181 915 1367 942 sanctorum
1381 910 1509 943 Ordinis
1524 911 1681 954 praedicti
1699 912 1839 946 celebra-

1183 969 1245 1003 tur,
1268 962 1453 1003 visitabunt,
1478 963 1556 997 29¹1.

1192 1016 1338 1048 Declarat
1370 1017 1545 1050 electiones
1577 1017 1657 1051 duas
1692 1019 1835 1053 eiusdem

1184 1068 1333 1101 monachi
1364 1069 1623 1103 Cisterciensium
1654 1070 1838 1114 Congrega-

1183 1121 1277 1154 tionis
1318 1121 1488 1165 Hispaniae
1521 1123 1551 1155 in
1582 1124 1729 1157 abbatem
1771 1136 1835 1158 non

1180 1184 1274 1217 posse
1287 1174 1347 1207 sibi
1363 1175 1549 1209 immediate
1562 1178 1746 1218 succedere,
1759 1178 1833 1212 2292).

1091 1228 1178 1261 XCII.
1197 1228 1405 1261 Confirmatio
1424 1228 1697 1271 indulgentiarum
1717 1232 1839 1264 confra-

1183 1281 1284 1314 tribus
1315 1287 1343 1313 et
1369 1283 1598 1315 consororibus
1628 1285 1839 1317 confraterni—

1183 1334 1254 1366 tatis
1267 1335 1299 1367 Β.
1315 1335 1431 1368 Mariae
1446 1335 1582 1377 Virginis
1597 1337 1636 1369 de
1649 1337 1754 1371 Monte
1768 1338 1837 1371 Car-

1182 1388 1266 1420 melo
1292 1400 1308 1419 a
1329 1388 1427 1421 Paulo
1454 1388 1478 1420 V
1504 1399 1742 1429 concessarum,
1763 1402 1835 1424 cum

1181 1440 1346 1473 additione
1361 1441 1447 1483 quod
1465 1442 1619 1484 applicari
1635 1443 1758 1485 possint
1774 1445 1838 1477 ani-

1181 1494 1293 1526 mabus
1312 1494 1569 1527 christifidelium
1597 1496 1833 1536 defunctorum,

1181 1545 1255 1579 295.

1091 1600 1192 1633 XCIII.
1220 1600 1368 1634 Diversae
1391 1601 1610 1635 ordinationes
1628 1603 1713 1636 circa
1734 1610 1834 1637 extra-

1180 1652 1319 1685 ctionem
1345 1653 1553 1696 reliquiarum
1581 1666 1617 1687 ex
1635 1657 1836 1690 coemeteriis

1178 1705 1273 1738 Urbis
1299 1712 1329 1738 et
1349 1706 1495 1739 locorum
1514 1707 1831 1749 circumvicinorum,

1179 1758 1373 1801 illarumque
1391 1759 1570 1792 custodiam
1590 1766 1619 1792 et
1640 1761 1835 1795 distributio-

1178 1822 1265 1851 nem,
1294 1811 1367 1844 2206.

1090 1863 1187 1898 XCIV.
1227 1865 1436 1898 Confirmatio
1478 1865 1681 1900 decretorum
1724 1878 1834 1901 sacrae

1178 1917 1442 1959 Congregationis
1469 1918 1695 1962 episcoporum
1722 1927 1753 1953 et
1784 1933 1834 1954 re-

1179 1970 1340 2011 gularium
1366 1972 1474 2004 favore
1501 1972 1597 2004 totius
1622 1972 1749 2006 Ordinis
1774 1975 1831 2006 Mi-

1178 2033 1294 2056 norum
1321 2023 1564 2058 Observantium
1586 2027 1687 2058 sancti
1709 2028 1836 2061 Franci-

1178 2076 1222 2108 sci
1249 2076 1333 2109 circa
1369 2076 1587 2121 eleemosynas
1619 2080 1779 2113 l'unerales
1805 2087 1835 2114 et

1178 2129 1292 2162 funera
1323 2129 1548 2163 defunctorum
1583 2131 1635 2174 qui
1663 2132 1694 2164 in
1720 2143 1833 2166 eorum

1179 2182 1322 2215 ecclesiis
1346 2184 1545 2225 sepulturam
1573 2185 1739 2227 elegerint,
1767 2187 1831 2219 sci-

1177 2235 1273 2275 licet,
1302 2236 1389 2278 quod
1414 2237 1546 2279 parochi
1573 2238 1611 2270 ab
1638 2238 1832 2272 haeredibus

1177 2287 1336 2321 dictorum
1348 2288 1573 2322 defunctorum
1586 2290 1740 2323 maiorem
1755 2292 1833 2324 elee-

1178 2351 1345 2385 mosynam
1371 2348 1480 2384 petere
1513 2349 1699 2386 nequeant,
1735 2355 1831 2387 quam

1179 2395 1399 2438 percepissent
1418 2395 1442 2428 si
1465 2395 1495 2427 in
1518 2406 1629 2428 eorum
1654 2397 1833 2440 parochiali

1177 2448 1225 2480 vel
1252 2448 1314 2481 alia
1345 2448 1502 2481 saeculari
1535 2449 1670 2482 ecclesia
1701 2450 1831 2493 sepeliri

1177 2500 1372 2542 voluissent,
1400 2507 1430 2534 et
1454 2501 1540 2545 quod
1567 2501 1620 2534 tali
1655 2512 1730 2535 casu
1754 2503 1829 2535 fun-

1178 2554 1299 2587 ctiones
1325 2565 1422 2597 super
1448 2555 1656 2588 cadaveribus
1681 2555 1721 2588 ad
1746 2555 1832 2599 ipsos

1175 2608 1341 2649 regulares
1366 2618 1429 2641 non
1448 2614 1552 2641 autem
1576 2608 1734 2651 parochos
1757 2620 1831 2652 per-

1177 2661 1311 2699 tineant,
1340 2660 1413 2693 298.
