2279 3260
270 250 318 276 An.
337 249 364 276 C.
387 250 455 277 '1075

319 1160 443 1180 Constitutio

269 1193 305 1207 no<
319 1189 453 1207 (iussin-‘uses

269 1215 339 1238 ‹piaad
369 1214 444 1233 electio

269 1246 305 1259 urs
318 1240 416 1259 umatum
428 1242 453 1259 ti-

269 1265 366 1286 tularituu
376 1269 396 1286 et
405 1267 453 1286 alia.

501 242 564 275 580

464 304 529 332 tra·-
556 311 647 333 enras
684 302 857 345 propensis
891 300 1004 334 studiis
1038 300 1199 333 converti·

463 364 552 394 mus,
582 365 641 396 per
666 366 746 397 quae
784 366 941 398 prospero
979 354 1127 397 felicique
1153 363 1200 385 re-

463 406 652 448 ligiosarum
667 409 969 451 congregationum,
989 418 1097 439 earum
1112 417 1199 450 prae·
1219 432 1221 460 1

463 459 565 502 cipue,
592 461 807 504 spiae,1u·is‹·o
834 460 1023 503 disciplinae
1050 459 1200 492 monasti-

463 522 517 544 cae
543 514 716 556 splendore
738 514 949 556 conspicuae,
968 512 1199 555 multiplicibus

464 565 494 596 in
521 565 695 598 Ecclesiam
721 567 774 598 Dei
807 565 929 598 meritis
967 566 1091 607 fulgere
1126 575 1200 596 nos-

463 623 589 658 cuntur,
616 619 762 661 regimini
795 624 888 661 attpie
914 617 1099 661 progressui
1125 627 1200 649 con-

464 671 599 711 sulitur,
626 678 671 711 ut,
704 672 858 704 radicitus
881 671 1011 711 evulsis,
1046 681 1125 714 quos
1152 670 1199 702 in-

463 734 539 756 sana
561 725 720 757 bonorum
741 725 900 767 cupiditas
920 723 1073 764 invenit‘,
1093 722 1200 756 abusi-

463 777 531 812 bus,
557 778 827 820 congregationes
854 778 955 820 ipsae,
983 776 1199 810 laudabilibus

464 830 529 861 suis
553 830 707 862 institutis
732 830 864 863 firmiter
884 830 1082 870 insistentes,
1101 829 1201 861 illiba-

464 888 525 914 tam
551 883 701 926 autiquae
728 883 952 916 observantiae
979 883 1120 925 gloriam
1140 891 1201 914 ser-

464 941 559 975 vent,
588 942 620 968 et
652 937 737 969 bono
769 936 887 969 Christi
913 936 1014 969 odore
1039 936 1078 968 sle
1116 936 1200 968 bona

464 988 707 1021 conversatione
732 988 939 1031 flagrantes&
956 989 1048 1021 laetis
1073 988 1105 1020 in
1124 988 1201 1027 dies,

464 1042 600 1075 Domino
635 1042 864 1083 benedicente,
892 1041 1061 1085 proficiant
1097 1041 1223 1073 incre-¹

464 1095 594 1127 mentis.

509 1149 523 1191 ἓ
552 1149 578 1181 l.
607 1149 682 1182 Cum
721 1149 852 1192 itaque,
881 1148 963 1181 sicut
997 1148 1199 1191 accepimus,

466 1201 542 1234 licet
566 1213 625 1244 per
657 1202 908 1235 constitutiones
934 1200 1202 1243 Congrcgationis

465 1255 664 1287 Cassinensis
690 1255 926 1287 monachorum
952 1254 1078 1287 Ordinis
1099 1253 1201 1285 sancti

465 1308 629 1340 Benedicti
657 1308 837 1351 apostolica
866 1307 1058 1340 auctoritate
1088 1306 1203 1338 ‹zonar-

465 1366 565 1392 matas
590 1366 740 1393 caveatur
777 1370 938 1403 expresse,
965 1370 1005 1392 ne
1031 1358 1101 1401 quis
1127 1359 1200 1400 eligi

463 1413 568 1456 possit
594 1414 624 1445 in
650 1413 799 1445 abbatem
825 1423 896 1444 cuni
922 1413 992 1445 solo
1020 1411 1123 1451 titulo,
1143 1411 1200 1442 nisi

464 1466 553 1509 prius
591 1466 687 1498 fuerit
722 1466 821 1498 abbas
853 1476 923 1497 cum
949 1464 1128 1507 regimine,
1154 1465 1201 1496 vel
1223 1491 1224 1494 ,

465 1520 576 1552 saltem
603 1519 694 1562 prior
718 1519 905 1559 claustralis,
934 1519 987 1561 qui
1014 1528 1073 1560 per
1097 1518 1204 1560 exple-

465 1578 530 1604 tum
557 1572 813 1615 quinquennium
839 1572 869 1603 in
888 1571 1048 1614 prioratus
1076 1570 1204 1613 regimi-

465 1636 504 1657 ne
530 1636 563 1657 se
590 1624 797 1657 laudabiliter
821 1624 967 1666 gesserit,
983 1629 1014 1655 ct
1038 1634 1095 1666 per
1112 1634 1205 1666 quas-

466 1679 538 1711 dam
567 1678 667 1711 felicis
698 1677 932 1710 recordationis
950 1677 1038 1709 Pauli
1057 1676 1160 1719 Papae
1181 1676 1203 1707 V

465 1732 726 1775 praedecessoris
762 1731 861 1764 nostri
903 1731 1026 1764 litteras
1063 1731 1113 1763 die
1152 1740 1203 1763 xiv

465 1785 658 1827 septembris
679 1794 781 1817 Mncxx
801 1783 967 1827 expeditas
986 1783 1203 1827 praescriptus

464 1837 561 1869 fuerit
587 1838 780 1869 decanorum
807 1837 953 1869 eiusdem
979 1836 1204 1879 Congregatio-

465 1890 514 1921 nis
551 1900 725 1929 numerus,
756 1894 791 1921 ut
817 1889 940 1922 seilicet
975 1900 1034 1932 pro
1060 1890 1202 1934 quinque

465 1943 630 1975 monachis
656 1943 811 1985 professis
836 1953 920 1975 unus
947 1943 1098 1985 decanus,
1124 1954 1204 1977 com-

465 1995 584 2038 putatis
611 1995 771 2028 cellariis³
795 2006 829 2028 ae
856 1995 1052 2028 novitiorum
1085 1997 1204 2039 magis-

1044 252 1223 277 militantum
1246 252 1397 278 ROMANUM

466 2048 533 2089 triS,
559 2048 767 2082 confessariIs
804 2049 1005 2090 monialium,
1033 2060 1067 2081 ac
1092 2050 1204 2083 docto-

464 2103 565 2143 ribus,
590 2103 728 2146 aliisque
755 2103 958 2144 officialibus,
974 2104 1201 2146 assignaretur,

465 2157 509 2189 ita
526 2162 560 2188 ut
578 2156 637 2199 ipsi
656 2156 768 2189 decani
796 2167 963 2189 numerum
982 2162 1202 2191 trecentorum

466 2220 530 2242 non
556 2210 762 2251 excederent,
791 2221 825 2243 ac
850 2221 908 2253 per
933 2211 1062 2244 easdem
1089 2212 1203 2244 consti·

466 2262 606 2296 tationes
644 2273 795 2306 expresse
836 2274 965 2306 quoque
1004 2264 1203 2307 prohibitum

465 2317 658 2359 reperiatur,
684 2327 723 2349 ne
745 2317 829 2349 ullus
847 2317 1081 2350 monachorum
1103 2319 1200 2360 possit

465 2370 502 2402 ausi
530 2371 718 2402 demnatum
744 2369 819 2412 (qui
845 2369 967 2413 primus
987 2375 1034 2402 est
1058 2371 1204 2414 superio-

466 2422 509 2454 ris
535 2422 670 2465 gradus)
707 2421 908 2465 promoveri,
945 2422 1004 2454 nisi
1042 2423 1202 2456 decimum

466 2481 590 2507 sextum
625 2485 743 2507 annum
769 2475 801 2507 in
826 2474 1083 2518 Congregatione
1116 2487 1205 2519 prae·

503 2556 513 2580 1
533 2555 634 2580 Forsan
651 2554 793 2588 legendum
807 2555 914 2581 invexit
927 2563 973 2589 pro
987 2555 1095 2583 invenit
1105 2557 1144 2589 (n.
1154 2557 1202 2589 Τ.).

501 2598 519 2624 2
538 2598 650 2625 Videtur
671 2598 811 2632 legendum
831 2600 994 2633 fruyranles
1012 2604 1049 2633 (tt,
1070 2603 1117 2633 T.).

501 2642 516 2671 3
537 2642 646 2670 Videtur
667 2643 808 2677 legendnm
829 2643 987 2671 cellerariis
1005 2645 1040 2678 (Β,
1060 2644 1108 2676 Τ,).

1242 301 1303 333 sata
1328 302 1547 345 compleverit,
1574 313 1680 347 neque
1707 302 1737 336 in
1764 302 1902 335 decanos
1920 302 1979 336 lin-

1242 354 1381 388 iusniodi
1405 356 1480 399 eligi
1518 368 1571 390 seu
1606 357 1722 390 assumi
1760 357 1902 400 possint,
1939 357 1979 389 do

1243 417 1379 449 quorum
1406 409 1570 442 doctrinae
1604 409 1799 441 sufficientia
1833 415 1863 441 et
1895 408 1978 441 vitae

1242 459 1356 491 inerito
1383 470 1446 492 non
1473 467 1598 494 constet
1624 473 1680 505 per
1706 461 1925 494 testimonium
1961 472 1979 493 a

1244 512 1459 545 visitatoribus
1496 514 1602 546 medio
1643 525 1754 547 eorum
1796 515 1977 547 iuramento

1243 575 1349 597 coram
1376 566 1598 601 definitoribus
1623 566 1654 599 in
1676 567 1816 610 capitulo
1833 567 1978 610 generali

1244 618 1427 658 ferendum,
1468 619 1630 661 praeviis,
1660 620 1764 662 quoad
1798 620 1978 652 litterarum

1243 670 1421 712 scientiam,
1439 671 1469 703 iu
1492 677 1562 704 actu
1582 671 1772 704 visitationis
1789 670 1978 714 diligenter¹

1244 724 1399 764 examine,
1426 729 1473 764 et,
1500 725 1605 767 quoad
1626 735 1750 756 morum
1775 723 1978 767 probitatem,

1245 778 1353 808 exacta
1390 776 1611 819 inquisitione,
1643 782 1739 819 prout
1774 776 1923 809 statuitur
1948 776 1980 808 in

1244 828 1357 861 litteris
1383 830 1580 862 recolendae
1607 829 1784 862 memoriae
1807 829 1981 862 Clementis

1244 882 1347 925 Papae
1372 882 1434 914 vul
1473 882 1738 926 praedecessoris
1764 882 1885 925 pariter
1925 892 1982 914 no-

1244 937 1314 977 stri,
1335 937 1386 969 die
1412 948 1441 970 vx
1467 937 1572 969 martii
1599 947 1734 977 nexem,
1749 941 1781 979 ct
1799 937 1873 969 dicti
1892 936 1981 969 Pauli

1245 990 1527 1033 praedecessoris,
1554 990 1604 1023 die
1637 1001 1687 1023 xxi
1714 989 1819 1022 martii
1856 999 1981 1023 mecvm

1245 1043 1422 1086 respective
1448 1044 1480 1076 in
1507 1043 1603 1076 simili
1637 1044 1736 1076 forma
1761 1042 1872 1075 Brevis
1897 1053 1983 1075 ema-

1245 1097 1336 1137 natis,
1363 1107 1399 1129 ac
1421 1096 1551 1139 praevia
1579 1096 1674 1128 etiaiu
1706 1095 1908 1128 attestatione
1943 1096 1982 1128 de

1246 1149 1429 1182 huiusmodi
1454 1149 1535 1181 vitae
1562 1148 1749 1191 integritate
1775 1154 1806 1181 et
1824 1148 1984 1181 sufficien-

1246 1203 1289 1235 tia
1324 1213 1383 1245 per
1419 1203 1621 1245 praelatum,
1660 1202 1714 1244 qui
1750 1212 1809 1244 pro
1837 1206 1983 1244 tempore

1246 1255 1388 1298 praeerit
1412 1255 1608 1288 monasterio
1635 1254 1843 1297 professionis
1860 1264 1984 1296 promo-

1246 1308 1366 1347 vendi,
1407 1308 1438 1340 in
1479 1307 1664 1339 definitorio
1691 1317 1762 1338 cuin
1800 1306 1983 1338 iuramento

1248 1361 1411 1401 facienda·,
1436 1359 1647 1392 nibilominus
1671 1359 1819 1392 nonnulli
1839 1358 1983 1391 eiusdem

1246 1413 1514 1455 Congregationis
1541 1412 1712 1452 monachi,
1737 1411 1888 1455 propriae
1915 1422 1985 1455 pro-

1249 1466 1412 1506 fessionis,
1433 1476 1514 1509 quae
1534 1476 1588 1498 eos
1610 1465 1641 1496 in
1661 1465 1851 1497 humilitatis
1869 1464 1983 1507 spiritu

1247 1519 1413 1552 continere
1439 1519 1582 1556 deberet,
1610 1517 1828 1557 immemores,
1853 1527 1889 1549 ac
1914 1527 1985 1550 een-

1247 1582 1337 1604 suras
1358 1577 1389 1604 et.
1410 1581 1542 1615 poenas,
1561 1581 1619 1614 per
1637 1571 1809 1613 qnamdam
1829 1569 1985 1603 Constitu-

1249 1625 1367 1658 tionem
1394 1624 1616 1668 apostolicam,
1637 1634 1697 1667 qua
1716 1623 1820 1656 dictae
1846 1622 1986 1665 Congre-

1248 1678 1385 1721 gatiouis
1411 1678 1579 1711 monachis
1598 1676 1735 1710 ambitus
1755 1676 1898 1709 districtc
1917 1686 1986 1719 pro-

1249 1732 1388 1772 hibetur,
1406 1731 1552 1771 inssictas,
1575 1730 1804 1764 damnabiliter
1820 1729 1985 1762 incurrere

1248 1784 1379 1817 minime
1414 1783 1644 1823 formidantes,
1683 1781 1894 1815 emendicatis
1927 1792 1985 1825 per

1249 1839 1448 1882 importunas
1473 1848 1586 1881 preces
1622 1836 1806 1880 principum
1844 1837 1986 1869 saecula-

1249 1892 1331 1924 rium
1357 1902 1392 1924 ae
1417 1890 1511 1923 etiam
1539 1890 1762 1934 praelatorum
1792 1888 1985 1922 ecclesiasti-

1247 1955 1358 1978 corum
1375 1944 1535 1977 favoribus
1561 1948 1657 1987 atque
1678 1942 1983 1981 intercessionibus,

1248 1997 1394 2030 abbatiae
1421 1996 1558 2029 titularis
1584 1997 1762 2035 bonorem,
1790 2000 1821 2028 et
1848 1995 1984 2037 gradum

1248 2051 1422 2084 decanatus
1458 2049 1667 2089 huiusmodi,
1706 2060 1723 2081 a
1748 2048 1895 2091 capitulis
1931 2059 1985 2090 ge-

1247 2103 1410 2136 neralibus
1428 2107 1458 2135 et
1482 2100 1594 2135 dictis¹z
1614 2101 1880 2143 Congregationis
1896 2111 1984 2144 prae0

1248 2158 1328 2189 fatae
1365 2160 1479 2188 contra
1511 2154 1779 2187 constitutionum
1806 2159 1836 2187 et
1863 2154 1985 2187 littera-

1247 2221 1315 2242 rum
1341 2208 1590 2252 apostolicarum
1616 2207 1853 2250 praedictarum
1879 2207 1985 2251 dispo-

1248 2263 1399 2296 sitionem
1424 2261 1514 2304 quasi
1542 2260 1699 2293 violenter
1727 2266 1916 2304 extorquere
1934 2271 1984 2293 sa-

1249 2321 1381 2359 tagunt,
1405 2314 1560 2357 multique
1591 2313 1704 2346 iisdem
1738 2314 1852 2346 inediis
1886 2313 1983 2348 etiam

1248 2369 1461 2413 expectativas
1502 2368 1539 2400 ad
1581 2368 1697 2410 gradus
1738 2373 1769 2400 et
1808 2368 1981 2411 dignitates

1248 2423 1352 2466 primo
1376 2427 1540 2454 vacaturas
1567 2421 1661 2464 (itaut
1686 2420 1732 2453 eis
1758 2420 1886 2454 interIm
1912 2432 1982 2455 cur-

1248 2482 1298 2509 rat
1327 2480 1453 2519 tempus
1489 2475 1682 2518 requisitum
1708 2486 1725 2507 a
1749 2475 1984 2508 constitutioni-

1248 2529 1307 2561 bus
1333 2529 1370 2561 ad
1397 2528 1660 2561 consecutionem
1684 2528 1844 2571 prioratus
1871 2539 1907 2561 ac
1933 2528 1983 2561 ab·

1281 2600 1295 2626 1
1318 2599 1419 2626 Forsan
1440 2599 1574 2634 ditiyenti
1593 2605 1632 2633 tn.
1649 2600 1697 2634 τ.).

1281 2644 1296 2670 2
1318 2644 1415 2671 Forsan
1437 2644 1519 2671 dietis
1536 2653 1582 2679 pro
1598 2644 1680 2672 dictis·
1698 2643 1840 2679 legendum
1857 2651 1892 2679 in.
1910 2645 1957 2680 τ.).

1982 254 2033 281 An.
2051 254 2081 282 C.
2103 255 2172 282 1675
