2279 3260
162 241 211 268 An.
233 239 262 268 C.
280 240 349 268 1676

997 242 1141 267 CLEMENS
1164 245 1181 267 X
1208 244 1255 267 PP-

1764 232 1829 266 685

355 291 403 323 vel
434 291 613 324 accessorie
647 296 699 324 aut
734 291 811 324 alitis
849 292 960 334 quovis
997 292 1210 324 1u‹›‹l‹›¹sulis
1234 291 1500 335 irritantibusque
1527 295 1557 323 et
1582 290 1651 324 aliis
1679 290 1816 324 decretis
1842 290 1873 322 in

356 343 595 383 intervenerint,
615 355 669 375 sou
697 344 907 377 intervenisse
926 344 1000 385 (liri,
1021 355 1094 377 ceu-

356 396 420 428 seri
446 397 494 429 vel
520 397 689 439 praetendi
721 404 867 441 possent,
902 398 1030 441 penitus
1063 402 1095 429 ct

357 449 490 482 omnino
509 452 697 493 supplemus
716 457 746 484 et
768 463 933 484 sanamus.

399 503 413 545 ἓ
438 502 469 535 5.
496 503 713 537 Decerueutcs
744 505 871 538 easdem
906 509 1094 548 praesentes

355 556 480 589 litteras
530 562 560 590 ct
593 559 840 591 constitutiones
876 558 1094 602 praeinsertas

354 618 484 652 semper
508 610 630 650 sirmas,
653 612 774 644 validas
805 618 835 645 et
861 612 1004 645 efficaces
1029 611 1094 643 exi-

354 668 439 695 stere
465 668 497 696 et
522 664 598 704 sure,
625 675 764 708 suosque
790 665 955 708 plenarios
989 669 1019 697 et
1044 664 1093 696 in-

356 720 463 758 tegros
500 716 630 750 effectus
661 717 768 751 sortiri
800 724 831 751 et
860 718 1022 757 obtinere,
1059 727 1095 749 ac

355 769 494 811 abillis,
528 771 564 802 ad
598 782 679 813 quos
704 776 828 814 spectat
856 776 888 803 et
923 781 981 814 pro
1015 775 1095 802 teni-

355 832 434 864 pore
461 823 729 867 quandocumque
753 823 926 867 spectabit,
946 823 977 855 in
997 822 1094 855 omni-

355 875 414 907 bus
440 880 471 907 ct
495 886 552 919 per
577 877 684 909 omnia
705 877 891 921 plenissime
917 875 1093 918 sutt‘ragari,

356 933 387 960 et
404 928 443 960 ab
462 928 508 961 eis
534 929 713 972 respective
732 929 964 962 inviolabiliter
988 929 1094 961 obser-

355 980 440 1021 vari,
476 981 589 1024 sicque
625 982 656 1013 in
689 981 874 1024 praemissis
903 991 964 1025 per
996 991 1095 1024 quos-

355 1044 493 1077 cumque
517 1034 640 1067 iudices
663 1035 846 1067 ordinarios
865 1040 897 1067 et
917 1035 1092 1077 delegatos,

355 1087 450 1119 etiam
482 1098 649 1120 causarum
675 1087 785 1131 palatii
811 1087 980 1131 apostolici
1006 1086 1095 1119 audi-

355 1144 453 1179 tores,
470 1150 506 1172 ac
530 1139 561 1172 S.
584 1140 621 1173 R.
649 1140 684 1173 E.
712 1141 901 1181 cardinales,
928 1140 1025 1173 ctiam
1054 1140 1093 1173 de

354 1193 454 1225 latere
479 1193 603 1236 legatos
629 1199 661 1226 et
686 1193 889 1237 Apostolicae
907 1193 998 1226 Sedis
1015 1204 1095 1226 nun-

356 1245 433 1286 cios,
453 1245 571 1279 aliosve
590 1247 755 1290 quoslibet
768 1257 970 1291 quacumque
984 1258 1094 1290 praee-

356 1299 513 1332 minentia
537 1306 567 1333 et
591 1306 752 1344 potestate
780 1301 950 1344 fungentes
976 1307 1008 1334 et
1028 1300 1096 1333 sun-

357 1358 482 1394 cturos,
515 1355 641 1387 sublata
673 1353 718 1387 cis
754 1360 786 1386 et
818 1365 928 1387 eorum
961 1354 1093 1387 cuilibet

357 1407 468 1449 quavis
495 1407 589 1440 aliter
613 1408 775 1441 iudicandi
801 1414 833 1441 et
856 1408 1093 1451 interpretandi

357 1460 506 1494 facultate
533 1467 563 1494 et
589 1461 789 1502 auctoritate,
807 1461 940 1494 iudicari
966 1466 997 1494 et
1020 1460 1096 1493 deti-

357 1513 418 1545 niri
438 1514 567 1556 debere,
586 1526 622 1547 ac
647 1514 774 1547 irritum
793 1520 824 1547 et
840 1515 937 1547 inane
954 1514 979 1546 si
998 1525 1093 1547 secus

357 1578 456 1610 super
472 1568 523 1600 liis
542 1579 558 1600 a
573 1580 746 1612 quoquam,
766 1568 877 1612 quavis
896 1569 1093 1609 auctoritate,

357 1621 497 1653 scienter
533 1623 581 1654 vel
612 1622 819 1665 ignoranter,
852 1622 1028 1665 contigerit
1050 1629 1095 1656 at-

359 1675 490 1707 tentari.

402 1728 416 1770 ἓ
440 1728 471 1760 6.
497 1727 566 1761 Non
585 1728 786 1761 obstantibus
811 1729 1095 1762 constitutionibus

360 1787 392 1814 et
417 1782 678 1815 ordinationibus
704 1782 901 1825 apostolicis,
927 1789 1096 1826 ac,quate-

358 1845 418 1867 nus
446 1846 526 1878 opus
548 1836 596 1876 sit,
621 1835 890 1879 Cougregationis
915 1842 945 1869 et
969 1836 1096 1870 Ordinis

356 1889 586 1931 praefatorum,
627 1889 738 1923 aliisve
778 1890 962 1933 quibusvis,
999 1891 1094 1924 etiam

356 1942 547 1983 iuramento,
565 1943 811 1976 confirmatione
829 1944 1021 1987 apostolica,
1040 1955 1096 1977 seu

356 1995 466 2039 quavis
493 1995 641 2028 firmitate
677 1996 739 2029 alia
762 1997 933 2037 roboratis,
969 1997 1097 2030 statutis

357 2054 389 2096 et
411 2049 713 2089 consuetudinilms,
743 2050 921 2093 privilegiis
952 2061 1094 2094 quoque,

357 2101 490 2135 indultis
509 2108 540 2135 et
560 2103 675 2135 litteris
693 2104 881 2146 apostolicis
903 2103 998 2136 etiam
1017 2103 1098 2137 Con-

359 2151 540 2197 gregatioi'ii
566 2161 597 2189 et
621 2156 733 2189 Ordini
750 2157 936 2200 praedictis,
956 2157 1097 2190 illorum-

359 2218 421 2250 que
447 2209 671 2253 superiorihus
704 2210 855 2243 fratribus
881 2216 912 2243 et
935 2211 1096 2254 personis,

358 2261 416 2293 sub
442 2261 698 2306 quibuscumque
723 2263 895 2296 verborum
929 2264 1096 2297 tenoribus

360 2319 393 2347 et
415 2315 533 2355 formis,
557 2327 594 2348 ac
618 2327 688 2349 cum
707 2317 868 2361 quibusvis
889 2318 985 2351 etiam
1008 2318 1098 2351 dero-

359 2369 554 2411 gatoriarum
580 2370 803 2413 derogatoriis,
835 2371 970 2415 aliisque
992 2371 1096 2405 effica-

359 2422 512 2463 cioribus,
538 2422 766 2456 efficacissimis
792 2429 824 2457 et
847 2424 987 2457 insolitis
1012 2425 1098 2457 etau-

185 513 294 533 i).·¹·rt·tunt
308 520 311 538 Ι
323 518 344 532 Γι)

162 541 305 560 obsonatum.

191 1734 306 1754 Contrariis
319 1735 347 1754 la·

164 1761 244 1781 tissime
252 1761 347 1787 deroga'.

1136 356 1254 387 genere
1279 346 1326 378 vcl
1353 345 1383 377 in
1410 344 1529 388 specie,
1556 356 1612 377 seu
1638 345 1715 377 alifis
1741 355 1876 388 quomo-

1137 398 1261 431 dolibet
1305 398 1335 430 in
1377 398 1576 431 contrarium
1621 398 1875 441 praemissorum

1136 451 1308 491 concessis,
1345 463 1380 484 ac
1417 452 1539 495 pluries
1580 451 1785 490 confirmatis,
1824 461 1876 494 ap-

1130 505 1280 547 probatis
1308 511 1338 536 et
1363 505 1546 545 iunovatis;
1582 504 1698 548 quibus
1725 503 1876 537 omnibus

1136 564 1167 591 ct
1191 558 1337 601 singulis,
1375 559 1499 592 etiamsi
1535 569 1594 601 pro
1627 558 1756 590 illorum
1790 557 1875 589 suili-

1136 611 1238 644 cicntc
1275 612 1486 654 derogatione
1524 612 1562 644 de
1599 611 1662 644 illis
1697 620 1875 653 eorumque

1137 665 1210 697 totis
1242 666 1409 698 tenoribus
1450 664 1608 708 specialis,
1640 662 1798 707 specifica,
1825 674 1877 694 cx-

1137 728 1246 760 pressa
1272 723 1303 751 et
1320 718 1495 758 individua,
1513 729 1548 750 ac
1567 718 1605 750 (lc
1630 717 1730 750 verbo
1749 717 1786 749 ad
1807 727 1877 749 vcr-

1136 770 1221 810 bum,
1237 782 1303 804 non
1316 776 1421 804 autem
1440 782 1500 814 per
1517 771 1678 804 clausulas
1705 771 1876 812 ‹erenei-atvs

1136 823 1220 855 idem
1247 824 1469 867 importantes,
1506 824 1628 857 mentio
1662 834 1717 856 scu
1745 822 1875 866 quaeris

1137 877 1198 909 alia
1219 877 1386 920 expressio
1413 877 1564 909 habenda
1598 882 1651 909 aut
1680 877 1789 920 aliqua
1814 876 1876 909 alia

1137 930 1295 973 exquisita
1321 930 1421 963 forma
1447 930 1485 962 ad
1516 930 1579 963 hoc
1605 930 1760 962 servanda
1780 929 1875 969 soret,

1137 987 1267 1015 tenores
1304 983 1501 1023 huiusmodi,
1533 994 1569 1016 ac
1594 983 1620 1016 si
1647 984 1686 1016 de
1708 982 1809 1016 verbo
1835 983 1875 1015 ad

1136 1037 1282 1077 verbum,
1307 1037 1389 1069 nibil
1414 1036 1543 1080 penitus
1569 1036 1690 1069 omisso
1717 1041 1749 1069 et
1773 1036 1877 1068 forma

1136 1089 1168 1121 in
1194 1089 1258 1122 illis
1284 1089 1399 1122 tradita
1419 1089 1598 1130 observata,
1617 1089 1877 1133 exprimerentur

1136 1149 1168 1175 et
1191 1142 1422 1184 insererentur,
1449 1142 1674 1186 praesentibus
1700 1153 1760 1186 pro
1778 1143 1876 1186 plene

1136 1201 1168 1229 et
1196 1196 1396 1229 sufficienter
1420 1195 1583 1240 expressis
1610 1201 1641 1229 et
1664 1195 1796 1229 insertis
1825 1195 1877 1228 ha>

1135 1249 1259 1290 bentes,
1277 1250 1342 1283 illis
1361 1250 1439 1283 alias
1465 1250 1498 1282 in
1516 1259 1572 1282 suo
1589 1249 1706 1283 robore
1726 1259 1878 1292 perman-

1136 1303 1232 1343 suris,
1265 1303 1302 1336 ad
1338 1303 1593 1346 praemissorum
1630 1301 1793 1341 effectum,
1818 1302 1879 1334 hac

1136 1357 1205 1390 vice
1234 1357 1410 1397 dumtaxat,
1445 1356 1631 1400 specialiter
1662 1361 1692 1389 et
1725 1365 1878 1398 expresse

1138 1411 1350 1453 de1·0ga1nus;
1389 1411 1571 1453 ceterisque
1606 1409 1776 1444 contrariis
1809 1409 1878 1453 qui-

1136 1463 1346 1507 buscumque.

1174 1516 1396 1559 §7.Volumus
1410 1521 1517 1548 autem
1537 1521 1571 1547 ut
1589 1515 1775 1549 earumdem
1785 1526 1876 1558 prae-

1138 1570 1278 1602 sentium
1318 1569 1499 1602 litterarum
1542 1569 1775 1612 transumptis,
1818 1579 1876 1601 seu

1139 1623 1307 1666 exemplis,
1335 1622 1432 1655 etiam
1457 1622 1631 1665 impressis,
1657 1632 1754 1654 manu
1779 1622 1877 1654 alicu-

1140 1675 1187 1707 ius
1213 1675 1330 1708 notarii
1355 1675 1478 1718 publici
1503 1675 1703 1718 subscriptis,
1723 1681 1754 1708 et
1768 1675 1876 1718 sigillo

1137 1739 1297 1772 personae
1323 1728 1355 1760 in
1378 1727 1598 1761 ecclesiastica
1623 1727 1780 1770 dignitate
1806 1738 1878 1760 con-

1138 1782 1266 1814 stitutae
1285 1781 1551 1822 munitis,eadem
1565 1791 1701 1824 prorsus
1717 1780 1797 1813 fides
1813 1785 1877 1813 tam

1138 1835 1171 1867 in
1195 1835 1317 1867 iudicio
1343 1845 1439 1877 quam
1466 1839 1554 1867 extra
1578 1833 1659 1867 illud
1684 1833 1805 1876 ubique
1831 1834 1879 1866 lo—

1139 1899 1251 1921 corum
1276 1888 1451 1928 habeatur,
1482 1898 1564 1930 quae
1598 1887 1775 1920 haberetur
1800 1886 1878 1930 ipsis

1139 1941 1366 1985 praesentibus
1382 1941 1407 1974 si
1433 1942 1541 1973 forent
1559 1939 1724 1973 exhibitae
1751 1940 1801 1972 vel
1827 1950 1879 1972 os-

1139 2000 1263 2028 tensae.

1183 2058 1297 2091 Datum
1322 2058 1455 2099 Romae,
1475 2057 1563 2100 apud
1580 2057 1611 2090 S.
1631 2056 1763 2090 Mariam
1782 2055 1880 2088 Maio*

1139 2121 1227 2152 rem,
1253 2111 1312 2144 sub
1338 2112 1461 2143 annulo
1488 2110 1675 2151 piscatoris,
1703 2109 1754 2142 die
1780 2108 1879 2142 1iulii

1139 2175 1314 2205 iinctxxm,
1343 2163 1553 2207 pontificatus
1580 2163 1684 2196 nostri
1709 2173 1795 2196 anno
1820 2172 1876 2195 vn.

1578 2235 1600 2267 l.
1629 2234 1665 2268 G.
1692 2234 1833 2267 Stuqus.

1176 2307 1234 2333 Dat.
1251 2306 1294 2334 die
1312 2309 1321 2334 1
1339 2306 1397 2334 iulii
1420 2306 1497 2340 1676,
1518 2306 1616 2341 pontif.
1637 2313 1709 2332 anno
1726 2312 1771 2331 vn.

1175 2388 1341 2422 Reyz'strata
1356 2387 1389 2414 in
1413 2387 1579 2414 Secretarici
1591 2386 1742 2420 Breviam,
1759 2386 1789 2412 in
1805 2386 1879 2414 libro

1139 2434 1244 2460 mensis
1265 2433 1340 2467 iulii,
1355 2435 1434 2467 part.
1461 2438 1489 2464 11,
1505 2432 1554 2466 fol.
1577 2431 1641 2459 132.

1876 241 1926 267 Λη,
1943 240 1974 267 C.
1997 239 2066 267 1676

1940 1526 2001 1547 Fides
2017 1529 2072 1547 tran-

1887 1557 2022 1581 sumptorum.
