2279 3260
119 219 167 246 An.
182 219 212 245 C.
237 219 303 247 1670

141 280 234 300 Litterae
248 279 298 299 Gre-

115 311 167 332 gorii
182 305 235 326 xm.

145 1868 167 1888 Ei
183 1874 265 1894 poenae
281 1869 301 1888 111

117 1895 159 1915 illis
173 1895 238 1916 latae.

940 220 1081 244 CLEMENS
1107 222 1123 244 Χ
1149 222 1195 244 [Ψ.

353 268 367 310 ἓ
393 267 422 299 1.
450 268 573 299 Dudum
599 267 756 310 siqnidem
778 268 876 300 felicis
897 268 1045 300 recorda-

310 320 404 353 tionis
428 320 598 362 Gregorius
619 321 703 363 Papa
721 321 795 361 Xlll,
814 322 1046 363 praedecessor
1064 329 1065 374 l

310 378 429 412 noster,
447 383 504 415 per
522 374 677 416 quasdam
696 385 767 406 suas
782 374 813 406 in
830 374 927 406 simili
943 375 1045 406 l'orma
1089 373 1131 406 tio
1150 375 1382 417 proccdercnt‘,
1402 376 1582 408 decernens
1601 375 1775 407 electiones
1798 382 1830 408 ct

309 425 415 457 Brevis
450 425 500 458 die
533 436 610 459 xvm
643 426 753 469 aprilis
778 437 915 460 mntxxiv
951 438 1065 470 expe-¹

309 477 390 510 ditas
415 477 549 517 litteras,
575 478 658 511 inter
682 479 756 520 alia,
787 491 899 512 omnes
925 486 957 512 01
981 469 1066 512 sin-³

309 531 402 571 gulos
439 531 618 563 monachos
649 531 916 575 Congrcgationis
946 532 1048 565 Cassi-

308 583 419 615 nensis
444 583 571 616 Ordinis
605 585 708 617 sancti
734 586 917 624 Benedicti,
942 585 1065 617 cuius-¹

309 646 448 678 cumque
474 637 588 669 aetatis
606 663 612 676 ,
649 638 767 679 gradus
785 665 792 679 ,
823 638 1018 671 conditionis
1037 664 1044 678 ,

307 689 585 732 praeeminentiae
617 695 648 723 01
672 691 872 724 litteraturae
906 690 1047 723 existen-

308 749 365 781 tes,
384 747 415 775 et
431 753 631 786 quacumque
657 743 814 786 dignitate
840 743 1047 786 praefulgen-

308 803 366 834 tes,
384 795 447 838 qui,
467 796 506 829 ad
525 797 727 839 praelaturas
748 802 780 829 et
800 796 861 829 alia
878 796 982 829 officia
1000 795 1047 828 di-

308 853 377 881 ctae
400 848 666 891 Congregationis
698 850 899 892 assequenda
916 849 1044 889 intenti,

308 901 347 933 ad
372 901 554 944 principum
574 907 605 934 et
624 903 845 945 praelatorum
862 902 900 934 de
922 902 1045 944 gremio

308 953 412 987 dictae
446 954 711 997 Congregationis
742 965 807 987 non
840 955 1045 987 existentium

310 1006 431 1040 favores
467 1013 695 1047 recurrerent,
722 1008 771 1040 vel
805 1007 900 1040 etiam
925 1007 1044 1050 pactis,

307 1059 610 1102 pollicitationibus,
627 1060 763 1104 aliisque
777 1061 844 1102 viis,
860 1061 983 1094 directe
997 1062 1046 1094 vel

307 1113 476 1153 indirecte,
495 1114 600 1156 palam
620 1114 669 1147 vel
694 1115 829 1154 occulte,
850 1115 889 1147 ad
908 1114 1046 1157 dignita-

309 1171 358 1197 tes
378 1176 433 1198 seu
456 1165 561 1198 officia
577 1166 610 1198 in
627 1165 887 1209 Congregatione
906 1167 1048 1209 praefata

309 1216 487 1251 obtinenda
511 1218 756 1261 aspiravissent,
779 1220 828 1252 vel
845 1219 916 1252 aliis
941 1219 1047 1252 minus

308 1270 463 1312 legitimis
489 1276 521 1303 et
546 1271 695 1304 honestis
722 1271 901 1305 rationibus
933 1284 971 1306 ea
995 1273 1048 1306 ob-

310 1323 416 1356 tinere
434 1323 681 1366 quaesivissent,
700 1324 896 1368 illorumque
915 1326 1047 1369 compli-

311 1386 365 1409 ces
391 1381 423 1409 et
446 1377 600 1417 fautores,
619 1378 657 1410 ad
679 1388 897 1422 quascumque
924 1380 1046 1421 praela-

313 1434 407 1469 turas,
427 1430 600 1472 dignitates
622 1436 652 1463 et
677 1431 781 1463 officia
804 1432 984 1475 spiritualia
999 1434 1046 1465 vel

313 1483 518 1526 temporalia,
545 1489 578 1516 et
601 1484 790 1526 praesertim
816 1485 847 1516 in
874 1485 943 1527 ipsa
967 1485 1048 1518 Con-

313 1535 501 1578 gregatione
527 1536 658 1569 obtenta
679 1541 710 1569 et
727 1537 917 1577 obtinenda,
935 1549 1048 1581 perpe-

314 1593 369 1620 tuo
404 1588 565 1622 inhabiles
605 1589 799 1630 declaravit,
837 1601 874 1623 ac
907 1591 1048 1623 obtentis

314 1642 519 1684 praelaturis,
545 1642 774 1684 dignitatibus,
801 1643 1049 1677 {ulministratio-

315 1694 410 1727 nibus
442 1697 492 1728 vel
522 1696 636 1728 officiis
665 1707 703 1729 eo
737 1696 807 1739 ipso
832 1697 983 1739 privavit,
1014 1708 1048 1730 ac

314 1747 479 1790 privatos,
504 1759 582 1781 voce
613 1753 678 1780 tum
703 1749 805 1781 activa
832 1756 895 1781 tum
921 1749 1049 1792 passiva

314 1810 425 1833 carere
450 1800 591 1833 decrevit
616 1806 647 1833 et
673 1802 866 1841 declaravit·,

355 1855 370 1897 ἓ
395 1854 426 1886 2.
447 1854 484 1886 Et
502 1853 535 1886 in
555 1854 668 1887 virtute
687 1861 815 1887 sanctae
832 1855 1048 1897 obedientiae,

312 1918 348 1940 ac
366 1908 426 1940 sub
448 1908 789 1941 excommunicationis
815 1910 897 1942 latae
923 1915 1050 1942 senten-

313 1960 374 1993 tiae
392 1962 508 2004 poend,
528 1961 678 1994 omnibus
697 1961 801 1994 dictae
822 1962 1051 2004 Congregatio-

311 2013 361 2046 nis
378 2013 555 2054 monachis,
577 2014 631 2058 qui
649 2025 708 2057 pro
733 2019 881 2057 tempore
901 2014 1048 2056 regimini

311 2066 458 2100 eiusdem
478 2066 747 2110 Congregationis
763 2067 907 2110 deputati
933 2072 1049 2107 essent,

311 2119 478 2162 praecepit
503 2119 714 2163 districteque
738 2121 910 2161 mandavit,
929 2131 969 2153 ne
998 2120 1051 2153 ali-

312 2182 414 2214 quos,
452 2171 630 2215 precibus,
663 2172 779 2205 litteris
804 2174 853 2206 vel
887 2173 1050 2206 favoribus

312 2224 508 2268 principum,
527 2227 577 2259 vel
591 2227 822 2269 praelatorum,
843 2232 896 2260 aut
912 2227 1050 2260 aliorum

313 2284 404 2311 extra
428 2279 549 2312 dictum
581 2279 739 2322 gremium
765 2280 973 2313 existentium
998 2281 1051 2313 ad-

312 2332 418 2372 ducti,
444 2332 484 2365 ad
509 2332 648 2366 cuiusvis
674 2333 803 2375 generis
828 2334 1049 2376 praelaturas,

313 2385 508 2428 dignitates,
543 2386 666 2427 officia,
700 2387 998 2420 administrationes
1020 2392 1052 2420 et

314 2439 431 2481 gradus
456 2449 647 2482 promovere
672 2445 941 2483 praesume1·ent;
967 2440 1051 2480 imo,

314 2492 608 2535 promovendorum
622 2492 744 2525 meritis
758 2498 790 2526 et
805 2493 973 2526 virtutibus
990 2498 1052 2526 tan-

1722 213 1786 245 1115

1087 279 1160 300 cciv.
1187 268 1297 307 corde,
1328 269 1414 301 11111111
1441 268 1561 312 privata
1587 276 1637 301 aut
1661 272 1826 302 mundana

1087 320 1257 354 all'crtionc
1283 322 1448 361 commoti,
1468 323 1497 354 111
1516 324 1710 355 1-11η-1101111111
1730 335 1828 363 nego-

1087 426 1311 468 promotioncs
1336 427 1375 459 ad
1412 427 1611 459 monasteria
1642 428 1686 459 sic
1713 427 1827 460 litteris

1087 483 1143 510 aut
1166 478 1236 511 aliis
1261 479 1424 511 favoribus
1451 479 1646 522 principum,
1666 481 1828 522 praelato-

1087 541 1170 583 rum,
1188 532 1237 564 vel
1254 531 1391 564 aliorum
1410 537 1501 565 extra
1514 532 1672 573 gremium
1687 537 1720 564 ut
1740 543 1828 574 prae-

1087 584 1190 616 fertur
1221 584 1439 625 existentium,
1471 596 1648 627 corumque
1678 584 1827 627 precibus

1088 641 1143 668 aut
1166 637 1458 679 pollicitationibus
1479 637 1597 669 iniuste
1623 648 1658 669 ac
1682 637 1828 669 indebite

1088 694 1243 729 extortas,
1262 691 1366 723 nullas
1383 690 1605 732 invalidasque
1631 701 1708 728 esse,
1725 695 1755 721 ct
1773 690 1828 722 ad-

1088 752 1197 774 versus
1224 752 1290 783 eos,
1312 743 1365 785 qui
1392 743 1441 776 his
1467 743 1573 775 minus
1598 743 1751 785 legitimis
1778 753 1827 775 ra-

1089 794 1228 827 tionibus
1242 796 1281 827 1111
1295 795 1440 838 regenda
1461 796 1658 829 monasteria
1678 796 1726 828 vel
1745 795 1826 838 prio-

1088 852 1175 879 ratus
1192 853 1248 880 aut
1270 848 1333 881 alia
1357 848 1462 881 ossicia
1482 860 1515 881 se
1534 849 1609 891 eligi
1636 854 1691 881 aut
1709 847 1826 881 assumi

1088 899 1315 939 obtinuissent,
1329 911 1388 943 per
1402 899 1546 933 eiusdem
1560 900 1828 943 Congregationis

1088 951 1275 994 superiores
1300 953 1572 996 quandocumque
1598 954 1752 996 procedi,
1780 960 1828 994 et,

1087 1004 1134 1036 rei
1159 1004 1295 1038 veritate
1314 1006 1453 1047 cognita,
1473 1016 1527 1038 eos
1552 1007 1724 1048 condignis
1750 1017 1829 1049 poe-

1088 1057 1137 1090 nis
1159 1062 1319 1100 tamquam
1344 1058 1492 1102 publicae
1519 1059 1623 1092 dictae
1647 1059 1827 1101 congrega-

1090 1109 1185 1143 tionis
1211 1111 1327 1154 quietis
1352 1112 1598 1154 perturbatores
1623 1111 1705 1144 affici
1731 1122 1826 1154 posse

1088 1168 1120 1196 et
1144 1164 1278 1197 debere.

1132 1217 1147 1260 g
1179 1216 1210 1250 3.
1245 1217 1283 1250 Et
1314 1217 1452 1250 subinde
1483 1217 1675 1251 recolendae
1705 1228 1827 1250 memo-

1089 1270 1155 1302 ria'e
1187 1270 1334 1303 Urbanus
1370 1271 1455 1314 Papa
1490 1271 1572 1311 Ylll,
1609 1271 1706 1304 etiam
1741 1282 1828 1314 prae-

1090 1323 1246 1356 decessor
1273 1329 1393 1363 noster,
1417 1335 1475 1367 per
1496 1325 1651 1367 quasdam
1678 1336 1750 1357 suas
1774 1335 1829 1368 pa-

1089 1376 1167 1409 riter
1203 1377 1236 1409 in
1270 1378 1373 1410 forma
1407 1377 1517 1410 Brevis
1550 1377 1676 1410 litteras
1709 1377 1759 1410 1110
1797 1389 1828 1411 x¹

1091 1429 1165 1462 maii
1183 1440 1371 1464 MDcxxxvnl
1391 1436 1565 1470 emanatas,
1580 1429 1740 1473 praefatas
1757 1430 1830 1463 Gre-

1092 1483 1174 1525 gorii
1192 1484 1454 1526 praedecessoris
1466 1483 1602 1524 litteras,
1614 1489 1680 1517 toto
1699 1485 1830 1517 illarum

1093 1542 1205 1569 tenore
1221 1537 1358 1577 inserto,
1377 1548 1449 1570 eum
1468 1537 1616 1570 omnibus
1638 1543 1669 1570 et
1693 1538 1829 1580 singulis

1091 1586 1124 1618 in
1152 1585 1197 1618 eis
1221 1586 1402 1627 contentis,
1434 1586 1610 1629 apostolica
1638 1587 1828 1620 auctoritate

1093 1639 1296 1672 confirmavit
1320 1645 1352 1672 et
1377 1639 1577 1682 approbavit,
1604 1650 1650 1679 ac,
1668 1646 1828 1683 quatenus

1093 1703 1173 1736 opus
1189 1698 1286 1733 esset,
1301 1693 1479 1732 innovavit,
1494 1703 1621 1725 necnon
1634 1692 1783 1725 omnibns
1798 1698 1831 1725 01

1093 1745 1230 1787 singulis
1259 1755 1536 1787 quorumcumque
1559 1745 1829 1778 monasteriorum

1094 1798 1197 1830 dictae
1211 1797 1476 1840 Congregationis
1495 1798 1665 1831 abbatibus
1684 1804 1716 1830 et
1735 1809 1831 1841 supe-

1094 1850 1235 1883 rioribus
1257 1851 1503 1894 quomodolibet
1529 1851 1731 1894 nuncupatis,
1755 1858 1832 1884 tunc

1094 1910 1125 1936 et
1149 1914 1208 1947 pro
1235 1909 1378 1947 tempore
1404 1903 1627 1943 existentibus,
1655 1904 1688 1936 in
1712 1904 1830 1936 virtute

1094 1962 1223 1990 sanctae
1241 1957 1448 1989 obedientiae
1478 1968 1513 1990 ac
1535 1958 1592 1989 sub
1611 1957 1832 1990 excommuni-

1095 2010 1229 2043 cationis
1243 2012 1326 2043 latae
1341 2009 1521 2043 sententiae
1538 2011 1646 2053 poena
1664 2011 1832 2053 praecepit

1095 2069 1127 2096 01
1150 2063 1327 2103 mandavit,
1355 2074 1394 2095 ne
1419 2063 1457 2095 ad
1487 2063 1684 2103 instantiam,
1714 2074 1830 2106 preces

1095 2122 1127 2149 et
1150 2116 1396 2160 requisitionem
1422 2126 1700 2159 (piarumcumqiie
1721 2126 1833 2159 perso-

1096 2181 1227 2210 narum,-
1244 2174 1307 2202 tam
1332 2169 1487 2202 laicarum
1516 2180 1611 2212 quam
1636 2169 1833 2202 ecclesiasti-

1095 2234 1212 2263 carum,
1234 2228 1321 2255 extra
1340 2222 1500 2264 gremium
1526 2221 1629 2254 dictae
1648 2221 1832 2265 Congreget-

1097 2276 1193 2309 tionis
1218 2275 1471 2314 consistentium,
1499 2275 1593 2307 etiam
1614 2276 1831 2307 cardinalatus

1096 2330 1219 2363 bonore
1234 2335 1266 2363 et
1279 2339 1482 2372 quacumque
1501 2328 1657 2360 saeculari
1676 2328 1832 2370 dignitate

1096 2389 1128 2416 et
1152 2382 1344 2416 excellentia
1377 2382 1474 2414 etiam
1506 2381 1628 2420 ducali,
1664 2382 1763 2423 regali
1801 2386 1832 2413 01

1095 2437 1257 2481 imperiali
1293 2436 1515 2479 fulgentium,
1557 2436 1686 2478 quosvis
1727 2436 1831 2469 dictae

1095 2490 1364 2533 Congregationis
1399 2490 1577 2523 monachos
1615 2489 1653 2521 ad
1690 2489 1831 2522 cuiusvis

316 2551 380 2577 tuzn
398 2545 565 2588 inspectis,
584 2545 672 2588 quod
693 2546 749 2578 Dei
768 2557 896 2580 causam
917 2552 1053 2589 agerent
1095 2544 1222 2587 generis
1240 2544 1405 2583 rectorias,
1428 2543 1610 2583 vicariatus,
1627 2542 1833 2575 aministra-

316 2609 476 2632 mcmores
501 2605 620 2638 essent,
635 2610 698 2642 quo
716 2600 816 2641 magis
838 2610 920 2642 puro
937 2605 968 2633 01
988 2599 1053 2632 5111-
1097 2598 1200 2631 tiones
1225 2604 1256 2630 et
1281 2597 1384 2630 officia
1417 2607 1639 2640 quaecumque
1672 2602 1733 2628 tam
1767 2595 1833 2640 spi-

388 2661 464 2689 Ball,
489 2661 570 2687 Γιοιιι.
594 2676 622 2678 ᾖ
651 2661 704 2687 l'vl.
730 2661 835 2687 ᾹΓΙΙΙ.
1036 2657 1070 2685 14

1833 222 1882 248 An.
1899 221 1928 248 C.
1949 219 2020 248 1630

1864 1229 1957 1248 Lim—rae
1981 1228 2020 1249 Ur-

1838 1255 1886 1275 bani
1904 1255 1954 1276 vni.
