2279 3260
943 273 1036 296 tunm
1065 274 1167 297 annum
1716 264 1780 298 093

374 326 516 359 eiusdem
542 325 760 359 universitatis
786 324 970 358 lui-istarum
999 326 1134 367 collegio
1160 326 1254 359 datur
1286 326 1418 359 facultas
1442 335 1665 369 quoscumque
1692 326 1825 359 idoneos

373 379 412 411 ad
438 380 623 412 doctoratus
643 378 777 421 gradum
803 379 1024 422 promovendi,
1051 379 1115 412 595
1139 391 1168 412 a.

283 432 450 465 Caietanus
468 431 530 473 (S.)
548 431 739 472 Tliienacus,
755 432 950 465 Clericorum
974 433 1180 475 llegulai'ium
1196 432 1355 472 fundator,
1371 432 1560 465 Sanctorum
1579 431 1652 464 albo
1672 432 1825 464 adscribi-

372 492 444 525 tur,
473 484 537 518 02:33
563 485 598 524 lv,
625 485 692 517 eius
723 486 799 518 sesto
836 485 886 519 dic
916 485 1114 529 indulgentia
1144 486 1288 529 plenaria
1314 485 1505 519 conceditur
1531 485 1561 518 in
1597 485 1747 518 omnibus
1777 485 1824 518 sui

372 537 498 571 Ordinis
523 538 689 578 ecclesiis,
717 539 818 578 2'b2'‹{.;
842 539 1005 583 ipsiusque
1031 539 1134 572 officii.
1155 539 1296 572 recitatio
1323 539 1531 582 praecipitur,
1559 538 1623 571 392
1648 539 1674 574 b,

283 592 572 626 Camaldulensium
599 592 805 625 eremitarum
832 592 1043 635 Congregatio
1076 592 1189 625 Montis
1214 592 1372 632 Coronae,
1401 590 1441 624 (59
1469 592 1504 631 I),
1529 591 1560 624 in
1585 601 1697 625 eorum
1723 592 1826 624 eccle-

373 644 426 677 siis
451 655 516 678 non
541 650 672 688 possunt
693 645 838 678 locorum
863 644 1026 677 Ordinarii
1046 644 1123 687 ipsis
1145 644 1252 677 invitis
1275 645 1382 677 divina
1404 644 1575 685 celebrare,
1596 644 1637 677 70
1662 655 1699 685 α;
1724 654 1825 688 egres-

375 708 429 731 sus
459 709 476 731 a
512 697 713 730 monasteriis
738 704 769 731 ct
794 697 994 731 inconsultae
1025 698 1208 741 vagationes
1238 702 1440 738 coercentur,
1462 698 1524 731 107
1551 698 1567 731 b
1593 704 1624 731 et
1647 709 1724 741 seqx,
1748 697 1825 731 unio

374 752 579 784 cremitarum
606 751 775 791 Etruriae,
802 751 915 784 Montis
944 751 1084 784 Coronae
1118 757 1148 784 et
1180 751 1422 785 Pedemontium
1456 751 1659 792 dissolvitur,
1696 750 1754 784 361
1784 762 1824 791 (ι;

375 815 509 848 eamque
534 804 648 837 iterum
677 810 811 837 tractare
838 804 1057 844 interdicitur,
1084 803 1149 837 363
1174 815 1213 841 (ι’,
1239 815 1376 837 coronae
1402 815 1459 847 per
1482 804 1738 837 Camaldulenses
1764 804 1826 837 dis-

373 857 496 901 pensari
522 857 632 890 solitae
658 857 817 900 privilegia
856 863 885 890 et
922 857 1162 900 indulgentiae,
1190 857 1254 889 469,
1279 858 1295 888 Ι)
1322 863 1352 890 et
1377 868 1459 900 seq„
1488 858 1558 891 vide
1589 858 1747 891 Ercmitae
1772 858 1827 891 Ca-

374 912 600 944 maldulenses.

285 964 480 1001 Camenecia,
505 974 587 1007 quae
611 974 673 995 non
701 963 797 996 semel
825 963 1111 996 infensissimorum
1148 963 1308 996 christiani
1342 964 1480 996 nominis
1514 965 1654 997 bostium
1688 970 1823 998 conatus

373 1017 556 1051 cohibuerat
584 1023 614 1050 et
639 1018 787 1060 fregerat,
813 1022 1014 1060 expugnatur
1038 1027 1055 1048 a
1080 1016 1204 1055 Turcis,
1230 1016 1295 1049 3134
1320 1028 1351 1049 a.

284 1071 430 1105 Gamerae
456 1070 649 1113 apostolicae
673 1069 791 1109 elerici,
819 1070 890 1101 vide
914 1069 1026 1103 Clerici
1055 1069 1205 1102 Gamerae
1230 1070 1438 1112 apostolieae.

286 1122 496 1158 Cameralium
529 1133 663 1156 onerum
696 1132 976 1166 quorumcumque
1005 1127 1036 1155 et
1059 1123 1196 1155 aliorum
1222 1128 1285 1155 tam
1312 1122 1445 1155 realium
1481 1133 1576 1166 quam
1608 1123 1825 1167 personalium

373 1176 593 1220 exemptiones
631 1181 839 1215 revocantur,
867 1175 990 1209 etiamsi
1025 1181 1156 1219 nepotes
1185 1182 1214 1209 et
1247 1176 1476 1220 consanguinei
1509 1177 1557 1210 vel
1589 1177 1698 1210 affines
1723 1178 1827 1221 Papae

373 1230 502 1269 fuerint,
529 1227 593 1261 125
614 1239 652 1265 w,
677 1228 899 1269 cardinalium,
929 1229 1144 1272 praelatorum
1169 1234 1199 1261 et
1229 1229 1366 1263 aliorum
1399 1229 1584 1263 officialium
1611 1230 1826 1274 exemptiones

373 1289 448 1317 sunt
472 1284 631 1316 immunes
656 1293 673 1315 a
693 1283 905 1323 revocatione,
934 1282 998 1315 125
1023 1283 1050 1316 b.

285 1336 434 1371 Canonici
457 1336 616 1369 Bisuntini
641 1335 681 1368 ob
705 1336 892 1370 electionem
910 1335 1020 1369 decani
1039 1341 1149 1369 contra
1175 1336 1323 1369 mandata
1350 1336 1518 1370 Alexandri
1534 1336 1585 1369 Vll
1604 1337 1826 1370 excommuni-

373 1390 433 1424 cati
459 1390 679 1428 absolvuntur,
706 1389 765 1421 511
796 1389 812 1421 b
837 1395 867 1422 et
890 1400 940 1431 seq
960 1400 967 1427 ·,
990 1388 1055 1421 57ss
1080 1400 1098 1421 a
1123 1394 1153 1421 et
1177 1399 1238 1431 seq.

281 1443 431 1476 Canonici
452 1443 613 1485 regulares
638 1443 864 1475 Lateranenses
889 1442 928 1475 ad
954 1453 1063 1475 euram
1090 1442 1266 1474 animarum
1294 1442 1325 1474 in
1351 1443 1493 1476 ecelesiis
1514 1443 1727 1477 saecularium
1754 1444 1825 1477 abs-

372 1507 434 1539 que
459 1496 550 1529 Sedis
574 1496 774 1539 Apostolicae
799 1494 923 1528 indulto
947 1495 1071 1528 admitti
1096 1506 1157 1527 non
1185 1501 1337 1538 possunt,
1366 1496 1428 1529 173
1455 1497 1489 1536 h,
1516 1496 1581 1529 174
1605 1508 1643 1536 (13
1671 1496 1746 1537 sed,
1771 1496 1825 1541 qui

372 1555 445 1582 ante
462 1549 492 1581 S.
517 1548 779 1592 Congregationis
796 1548 961 1582 decretum
979 1549 1092 1581 fuerint
1117 1549 1257 1587 admissi,
1276 1556 1409 1592 possunt
1427 1550 1470 1583 ibi
1492 1550 1691 1591 continuare,
1711 1549 1774 1583 176
1791 1550 1826 1590 [23

374 1602 512 1635 habeant
538 1612 646 1635 secum
668 1612 766 1635 unum
793 1602 915 1635 socium
941 1612 977 1634 ex
1002 1612 1060 1633 suo
1085 1601 1212 1641 Ordine,
1232 1602 1333 1643 2'bz'cl.;
1357 1603 1584 1637 canonicorum
1611 1604 1827 1646 praefatorum

372 1656 581 1698 congregatio
606 1661 685 1699 quot
710 1654 823 1688 debitis
849 1655 888 1688 sit
915 1660 1054 1697 gravata,
1078 1654 1143 1687 330
1167 1655 1201 1693 ὸς
1232 1656 1496 1698 praescribuntur
1521 1657 1628 1699 plures
1653 1655 1827 1689 ordinatio-

375 1719 431 1742 nes
456 1708 495 1741 ad
521 1719 555 1741 ea
582 1708 743 1749 solvenda,
766 1707 825 1740 331
848 1719 867 1740 α
886 1714 916 1741 et
940 1719 1023 1751 seqs,
1052 1714 1083 1741 ct
1107 1709 1337 1752 approbantur,
1363 1708 1428 1742 333
1452 1721 1470 1742 a
1497 1716 1528 1743 et
1554 1720 1635 1753 seq.;
1658 1710 1827 1743 canonico-

374 1773 445 1795 rum
477 1761 663 1795 eorumdem
689 1761 864 1805 capitulum
894 1762 1062 1806 generale,
1090 1762 1140 1795 cui
1166 1763 1325 1796 intersunt
1349 1763 1405 1795 soli
1437 1763 1569 1796 abbates
1600 1763 1765 1806 regiminis
1796 1768 1828 1796 et

375 1816 528 1855 titulares,
554 1815 592 1848 de
616 1815 767 1849 sexennio
791 1814 824 1847 in
849 1816 1033 1849 sexennium
1060 1815 1261 1857 celebratur,
1290 1816 1353 1849 333
1378 1817 1415 1855 ὸς
1440 1817 1669 1850 canonicorum
1695 1815 1824 1859 praedi—

373 1875 496 1902 ctorum
530 1868 659 1902 abbates
693 1868 910 1902 determinatis
936 1869 1132 1913 temporibus
1165 1880 1229 1903 non
1262 1870 1432 1911 solventes,
1467 1880 1546 1914 quas
1570 1880 1690 1914 poenas
1721 1870 1827 1903 incura

372 1928 454 1963 rant,
482 1922 548 1955 334
574 1923 600 1955 b.

283 1975 434 2010 Canonici
459 1977 622 2018 regulares
640 1976 986 2016 Fraemonstratenses,
1009 1975 1068 2008 411
1093 1987 1131 2017 α;
1158 1977 1189 2009 in
1208 1976 1352 2020 ipsorum
1371 1976 1515 2010 ecclesiis
1540 1977 1737 2020 indulgentia
1761 1975 1828 2020 ple÷

370 2030 460 2063 naria
485 2030 517 2063 in
541 2032 619 2064 festo
644 2030 675 2062 S.
703 2029 849 2064 Norberti
883 2030 1006 2063 abbatis
1032 2030 1230 2070 conceditur,
1258 2030 1317 2062 411
1347 2030 1377 2062 b.

282 2082 431 2116 Canoniei
465 2083 628 2127 regulares
661 2083 690 2116 S.
715 2082 885 2117 Salvatoris
918 2083 1045 2116 Ordinis
1070 2083 1100 2116 S.
1126 2083 1295 2126 Augustini
1322 2082 1386 2116 605
1412 2095 1449 2124 a,
1487 2085 1526 2117 ah
1553 2084 1741 2117 earumdem
1772 2083 1826 2117 ab·

371 2136 530 2170 batiarum
556 2136 712 2180 regimine
737 2147 794 2181 per
818 2137 1004 2170 sexennium
1030 2138 1078 2170 vel
1103 2147 1160 2179 per
1181 2136 1355 2170 triennium
1381 2143 1507 2178 vacant,
1533 2137 1597 2170 605
1622 2137 1648 2170 b.

284 2189 487 2224 Canonizatio
511 2190 543 2224 S.
570 2191 654 2224 Petri
687 2191 726 2224 de
750 2191 916 2225 Alcantara
951 2202 967 2223 a
1004 2190 1164 2224 Clemente
1188 2191 1247 2230 IX,
1275 2196 1305 2224 et
1330 2191 1508 2223 litterarum
1533 2190 1690 2234 expeditio
1715 2202 1732 2224 a
1758 2191 1825 2224 Cle-

374 2249 480 2277 mente
496 2244 533 2284 X,
552 2244 567 2276 1
597 2250 627 2277 et
651 2255 725 2288 seqx,
751 2244 950 2278 canonizatio
969 2244 999 2279 S.
1025 2244 1141 2278 Mariae
1166 2244 1369 2287 lllagdalenae
1389 2244 1428 2277 de
1445 2245 1550 2277 Pazzis
1568 2255 1585 2277 a
1601 2244 1758 2277 Clemente
1776 2245 1827 2284 lx,

373 2302 404 2330 et
427 2297 607 2330 litterarum
624 2297 783 2341 expeditio
808 2309 825 2330 a
849 2297 1006 2331 Clemente
1031 2298 1054 2329 X
1070 2324 1077 2337 ,
1102 2297 1135 2329 11
1167 2297 1204 2337 Ι);
1230 2297 1431 2330 canonizatio
1449 2297 1478 2330 S.
1493 2297 1647 2330 Rosaede
1665 2298 1695 2331 S.
1715 2298 1824 2337 Maria,

373 2349 510 2393 Virginis
530 2350 678 2384 Limanae
701 2351 828 2384 Ordinis
853 2351 883 2384 S.
912 2350 1082 2390 Dominici‚
1111 2350 1171 2384 187
1198 2350 1213 2383 b
1239 2357 1270 2383 et
1294 2362 1370 2394 seq.;
1396 2351 1592 2384 canonizatio
1617 2350 1647 2383 S.
1677 2349 1827 2384 Ludovici

371 2402 538 2436 Bertrandi
562 2402 689 2437 Ordinis
720 2404 999 2444 Praedicatorum,
1037 2402 1099 2436 227
1131 2414 1167 2443 α;
1202 2404 1398 2437 canonizatio
1424 2404 1455 2437 S.
1495 2403 1639 2437 Caietani
1677 2403 1827 2437 Thienaei

374 2456 565 2491 clericorum
595 2458 789 2500 regularium
815 2458 1042 2491 Tlieatinorum
1078 2456 1280 2498 fundatoris,
1308 2456 1372 2491 233
1405 2458 1440 2498 Ι);
1473 2457 1537 2491 39⁶2
1563 2457 1598 2498 (13
1629 2457 1827 2491 canonizatio

373 2509 403 2542 S.
428 2509 590 2543 Francisci
615 2510 746 2553 Borgiae
779 2511 944 2545 Societatis
975 2510 1069 2550 Iesu,
1096 2509 1160 2543 230
1186 2510 1221 2550 ἰν,
1255 2511 1454 2544 canonizatio
1487 2510 1517 2544 S.
1547 2511 1682 2554 Philippi
1713 2510 1826 2544 Benitii

372 2562 501 2595 Ordinis
526 2562 694 2596 Servorum
720 2564 753 2596 B.
781 2564 821 2596 M.
848 2565 880 2597 V.
908 2563 1146 2608 propagatoris,
1170 2562 1236 2596 373
1263 2564 1291 2596 b.

283 2615 427 2660 Capitula
451 2615 656 2659 provincialia
675 2615 715 2650 de
745 2617 936 2660 sesquianno
961 2618 992 2649 in
1018 2616 1254 2660 sesquiannum
1288 2616 1471 2650 celebrandi
1496 2617 1676 2650 facultatem
1702 2615 1826 2649 obtinet

371 2668 518 2703 minister
542 2669 699 2712 generalis
723 2668 1008 2712 Cappuccinorum,
1033 2669 1096 2703 658
1123 2681 1141 2702 α
1168 2675 1198 2703 et
1223 2681 1285 2713 seq.
