2279 3260
241 252 280 278 Au
313 252 337 278 11
363 250 427 277 11173
472 242 536 275 302

434 299 610 342 respective
625 298 855 331 iuviolabiliter
869 295 1043 333 observari,
1057 294 1166 335 sicque

434 352 465 384 in
492 351 678 395 praemissis
712 361 768 393 per
801 358 1018 393 quoscumque
1046 345 1166 377 iudices

433 404 616 437 ordinarios
636 409 666 435 et
691 403 868 443 delegatos,
889 400 984 431 etiam
1003 407 1167 429 causarum

434 458 542 501 palatii
568 457 736 501 apostoliti
763 456 941 493 auditores,
977 450 1113 484 iudicari
1138 455 1169 481 et

434 511 559 544 deliniri
587 511 727 548 debere,
753 520 787 541 ac
817 507 941 539 irritum
968 510 999 537 ct
1024 504 1117 536 inane
1142 502 1166 533 si

434 575 529 597 secus
553 574 649 607 super
676 564 725 595 liis
751 573 766 594 a
792 570 960 603 quoquam,
987 557 1098 601 quavis
1115 566 1169 587 au-

436 617 591 655 ctoritate,
618 616 755 648 scienter
779 614 826 645 vel
853 612 1049 653 ignoranter,
1067 607 1169 641 conti-

437 670 520 711 gerit.
544 667 706 701 attentari.

482 724 496 765 g
524 722 571 754 15.
594 721 661 753 Non
687 718 888 752 obstantibus
913 714 1108 759 praemissis,
1134 723 1169 745 ac

439 777 546 807 nostra
562 779 593 806 et
609 771 822 805 ‹1·an‹‘·ellariae
843 769 1040 812 apostolicae
1059 767 1171 808 regula

438 828 476 859 de
503 837 566 858 non
591 823 810 857 concedendis
834 820 1043 863 indulgentiis
1069 820 1107 851 ad
1125 819 1171 850 in-

437 879 660 920 sta1·,aliisque
681 875 963 909 constitutionilms
988 878 1017 906 et
1043 872 1172 905 ordina-

438 932 576 964 tionibus
610 928 799 972 apostolicis
816 955 823 967 ‚
856 937 994 965 necnon,
1014 930 1172 968 quatenus

436 996 516 1028 opus
536 984 588 1023 sit,
599 982 728 1015 Ordinis
748 987 779 1013 et
796 979 1095 1013 consratcapitatum
1115 978 1172 1009 liu-

437 1037 585 1076 iusmodi,
613 1035 750 1078 aliisque
777 1032 958 1076 quibusvis,
979 1031 1074 1063 etiam
1091 1030 1174 1062 iura-

438 1094 560 1129 mento,
574 1086 822 1121 confirmatione
841 1084 1027 1129 apostolica,
1038 1085 1085 1116 vel
1100 1094 1172 1126 qua-

440 1141 484 1173 vis
510 1140 661 1173 firmitate
686 1140 749 1172 alia
781 1137 963 1177 roboratis,
990 1135 1118 1168 statutis
1143 1140 1171 1167 et

437 1193 738 1232 consuetudinibus,
765 1190 944 1235 privilegiis
971 1188 1174 1233 quoque‚in-

439 1247 536 1280 ‹lultis
567 1252 598 1279 et
630 1245 745 1278 litteris
778 1243 965 1288 apostolicis
992 1243 1022 1274 in
1049 1246 1175 1274 eontra-

440 1301 521 1333 rium
546 1300 796 1343 praemissorum
823 1296 1069 1340 spionioijlolibet
1099 1305 1176 1327 con-

441 1354 550 1393 cessis,
577 1352 774 1386 confirmatis
801 1356 833 1383 et
856 1349 1032 1389 iunovatis3
1058 1348 1175 1391 quibus

441 1406 590 1439 omnibus
625 1410 657 1438 et
693 1404 852 1446 singulis,
879 1403 1010 1435 illorum
1049 1406 1176 1433 tenores

441 1458 666 1502 praesentibus
702 1468 760 1500 pro
789 1457 884 1499 plene
920 1460 951 1487 et
979 1454 1177 1486 sufficienter

441 1511 604 1555 expressis
629 1516 661 1543 et
686 1510 816 1543 insertis
833 1509 998 1547 babentes,
1018 1507 1081 1540 illis
1099 1506 1177 1539 alias

441 1565 473 1596 in
490 1575 547 1597 suo
568 1565 686 1596 robore
712 1561 944 1606 permansuris,
960 1560 997 1592 ad
1024 1559 1178 1602 praemis-

441 1627 551 1650 sorum
570 1616 726 1655 effectum,
750 1616 810 1647 hac
826 1614 894 1646 viee
912 1613 1084 1651 dumtaxat,
1106 1622 1179 1654 spe-

443 1669 568 1702 cialiter
585 1674 616 1701 et
634 1678 785 1712 expresse
807 1667 1021 1708 derogamus3
1048 1665 1180 1697 ceteris-

445 1733 507 1766 que
534 1721 704 1755 contrariis
723 1721 993 1763 quilmscumque.

489 1777 503 1819 g
541 1776 592 1808 to.
628 1776 778 1808 Volumus
819 1778 924 1806 autem
964 1777 999 1804 111
1041 1771 1180 1814 ipsarum

447 1829 665 1872 praesentium
684 1828 864 1860 litterarum
887 1825 1104 1868 transumptis,
1126 1836 1179 1857 seu

448 1882 611 1925 exemplis,
631 1881 725 1913 etiam
746 1879 924 1922 impressis,
936 1889 1030 1910 manu
1047 1878 1180 1910 alicuius

449 1935 562 1968 notarii
581 1934 702 1978 publici
720 1933 919 1975 subscriptis,
942 1938 971 1964 et
989 1931 1095 1974 sigillo
1113 1941 1183 1974 per-

446 1999 545 2021 sonae
570 1988 601 2019 in
628 1986 846 2019 eie-ctosiastiea
872 1985 1026 2027 dignitate
1063 1984 1183 2017 consti-

447 2048 533 2074 tutae
551 2041 694 2080 munitis,
712 2040 825 2072 eadem
844 2049 975 2082 prorsus
997 2038 1074 2070 fides
1088 2038 1119 2069 in
1137 2038 1183 2069 111-

447 2095 530 2128 dicio
563 2100 595 2127 et
619 2099 708 2126 extra
733 2092 812 2124 illud
830 2092 950 2135 ubique
968 2092 1113 2124 locorum
1131 2091 1183 2122 lia-

447 2149 572 2187 beatur,
594 2157 675 2189 quae
701 2146 876 2177 haberetur
902 2144 980 2187 ipsis
1004 2144 1183 2187 praesenti-

447 2201 506 2233 bus
534 2200 560 2232 si
593 2200 700 2232 forent
729 2197 889 2230 exhibitae.
907 2198 955 2229 vel
975 2203 1136 2229 ostensae.

492 2253 604 2285 Datum
630 2252 760 2290 Romae,
780 2251 862 2293 apud
893 2250 923 2282 S.
944 2250 1075 2282 Mariam
1086 2250 1184 2282 Maio-

452 2317 529 2340 rem,
548 2306 606 2337 sub
636 2304 756 2336 annulo
784 2303 980 2342 Piscatoris,
1008 2303 1059 2335 die
1083 2314 1113 2336 XI
1141 2304 1184 2335 se-

452 2359 571 2393 bruaiii
586 2368 759 2397 nnetxxiu,
778 2356 986 2400 pontificatus
1005 2356 1109 2389 nostri
1131 2367 1185 2389 an-

452 2423 494 2444 no
522 2422 570 2443 111.

313 740 428 758 couti-arus

242 767 328 790 durau-it
334 781 338 786 .

295 1787 433 1811 ‘sranzumpto

253 1821 296 1834 111111
313 1814 370 1833 tid-ns.

890 2462 913 2495 l.
940 2462 974 2495 G.
1002 2462 1139 2497 Stusms.

487 2527 544 2553 Dat.
563 2525 608 2552 die
630 2526 656 2551 11
677 2524 803 2551 februarii
827 2525 904 2557 1673,
922 2525 1019 2560 pontif.
1041 2534 1111 2552 anno
1127 2532 1166 2552 111.

488 2589 652 2623 Βερίειγαία
671 2587 703 2614 in
723 2587 801 2614 Secr.
823 2587 852 2613 in
868 2587 916 2613 lib.
933 2586 1069 2615 Ere-vium
1084 2588 1188 2616 mensis

454 2633 598 2670 februarii
613 2634 691 2667 part.
715 2632 835 2666 utraque
852 2631 902 2666 sol.
924 2630 985 2658 628.

1012 246 1091 270 111111.
1100 245 1191 268 ΠΠΓΜ
1214 244 1365 270 ΠΟἎΗΝΠΜ

1947 242 1998 268 An.
2021 241 2049 268 c,
2069 241 2135 267 1073

1500 290 1638 327 (ΙΧΧἮῘ.

1210 362 1379 395 Decretum
1403 365 1602 396 recitationis
1622 363 1722 406 oflicii
1740 363 1771 396 S.
1795 363 1944 396 Caietam

1258 415 1420 454 Tliienaei,
1436 417 1461 448 T
1463 417 1637 449 laseatinoru
1644 427 1674 448 m
1698 416 1894 459 fundatoris,
1906 415 1946 446 ab

1254 467 1398 500 ommibus
1415 469 1586 512 utriusque
1602 480 1696 501 sexus
1720 468 1762 500 ad
1786 468 1946 500 recitatio-

1255 530 1326 551 nem
1357 521 1507 563 obtiyatis
1538 522 1574 554 in
1605 522 1656 553 die
1686 532 1729 554 vn
1754 520 1884 563 1111911311
1909 519 1946 551 dc

1256 574 1419 605 commum
1438 573 1631 616 Consessoris
1651 584 1714 606 non
1738 572 1921 615 Pontificis.

1441 652 1573 679 clemens
1595 653 1672 685 Papa
1691 653 1723 684 X,

1354 696 1389 722 ad
1409 695 1540 722 futuram
1559 695 1602 722 rei
1621 696 1802 722 memoriam.

1266 765 1311 797 Ad
1359 765 1529 808 pastoralis
1579 765 1745 807 dignitatis
1787 764 1946 807 fastigium
1984 777 2104 798 Exordium,

1214 817 1303 849 nullo
1329 817 1405 850 licet
1427 817 1616 850 meritorum
1638 821 1821 849 nostrorum
1839 817 1949 849 suffra-

1215 869 1266 911 gio
1291 880 1349 912 per
1380 870 1576 903 ineffabilem
1609 869 1733 903 divinae
1759 869 1950 903 clementiae

1215 923 1446 955 abundantiam
1467 923 1578 963 evecti,
1601 928 1788 956 sanctorum
1806 923 1838 955 in
1856 923 1952 955 caelis

1216 987 1287 1008 cum
1304 975 1431 1008 Christo
1448 976 1518 1009 Iesu
1536 976 1671 1009 Domino
1690 980 1802 1008 nostro
1820 985 1952 1017 regnan-

1217 1028 1306 1069 tium,
1335 1029 1464 1062 illorum
1490 1029 1689 1072 praesertim,
1708 1028 1762 1071 qui
1785 1028 1816 1061 in
1836 1028 1951 1061 diebus

1216 1082 1489 1125 peregrinationis
1515 1093 1590 1115 suae
1621 1082 1797 1115 salubrium
1822 1082 1953 1113 suerunt

1217 1140 1364 1167 auctores
1400 1135 1638 1175 institutorum,
1665 1135 1780 1178 quibus
1811 1134 1953 1166 Ecclesia

1218 1188 1272 1220 Dei
1298 1198 1368 1220 cum
1392 1188 1517 1231 ingenti
1542 1188 1720 1221 animarum
1747 1187 1850 1219 fructu
1867 1188 1951 1219 mul·

1220 1240 1370 1284 tipliciter
1395 1241 1581 1281 decoratur,
1608 1242 1727 1273 cultum
1760 1244 1792 1272 et
1823 1250 1957 1272 venera-

1220 1294 1342 1326 tionem
1375 1294 1406 1326 in
1439 1294 1534 1327 terris
1559 1304 1753 1338 promovere
1778 1293 1956 1333 studemus,

1220 1347 1304 1379 sieut
1328 1348 1366 1379 ad
1392 1347 1623 1390 omnipotentis
1649 1346 1717 1386 Dei,
1743 1346 1796 1389 qui
1831 1346 1863 1378 in
1889 1356 1958 1378 san-

1220 1400 1277 1432 etis
1304 1400 1368 1432 suis
1394 1401 1593 1440 honoratur,
1621 1399 1778 1442 gloriam,
1805 1398 1958 1431 fidelium-

1221 1465 1282 1497 que
1308 1453 1565 1486 aedificationem
1591 1452 1768 1485 salubriter
1803 1451 1957 1495 expedire

1221 1507 1252 1539 in
1276 1507 1412 1539 Domino
1437 1506 1640 1539 arbitramur.

1265 1560 1279 1603 ξ,
1304 1560 1334 1592 ί1.
1362 1560 1472 1602 ltaque
1499 1559 1614 1592 eximia
1645 1558 1676 1591 S.
1704 1558 1844 1591 Caietam
1862 1557 1957 1590 Tliie-
2011 1570 2032 1589 s,
2056 1569 2151 1600 caiegani

1222 1614 1305 1653 naei,
1321 1613 1589 1656 Congregationis
1615 1612 1808 1645 clericorum
1830 1596 2151 1654 regula-{ffiffilffi'ssdfg'ssj

1224 1667 1305 1699 rium
1340 1667 1572 1700 Tlieatinorum
1602 1669 1862 1708 nuncupatorum
1889 1651 2020 1697 sun-”m

1224 1721 1357 1760 datoris,
1382 1731 1479 1763 quem
1505 1731 1562 1752 nos
1590 1719 1782 1752 Sanctorum
1812 1720 1959 1759 catalogo

1224 1773 1361 1807 solemni
1386 1773 1450 1805 ritu
1483 1772 1735 1815 adscripsimus,
1760 1771 1793 1804 in
1818 1771 1962 1804 Ecclesia

1224 1827 1279 1859 Dei
1306 1827 1420 1859 merita
1450 1826 1503 1869 pio
1533 1825 1756 1869 peculiarique
1779 1824 1959 1857 devotionis

1225 1879 1337 1912 affectu
1362 1880 1551 1917 recolentes,
1571 1877 1794 1920 sinceramque
1819 1882 1962 1909 nostram

1224 1934 1256 1966 in
1282 1943 1355 1966 eum
1373 1932 1527 1975 pietatem
1545 1931 1652 1974 aliquo
1671 1931 1835 1963 honorum
1859 1930 1964 1963 incre—

1225 1991 1333 2018 mento
1369 1985 1471 2027 magis
1503 1989 1650 2017 testatam
1683 1994 1752 2017 esse
1778 1983 1959 2027 cupientes,

1225 2039 1414 2071 auctoritate
1441 2037 1637 2081 apostolica,
1666 2041 1779 2069 tenore
1809 2047 1962 2079 praesen-

1226 2092 1313 2132 tium,
1339 2090 1568 2134 praecipimus,
1588 2094 1623 2121 ut
1647 2089 1686 2122 de
1713 2089 1826 2121 eodem
1850 2088 1881 2121 S.
1905 2088 1961 2121 Ca-

1226 2145 1332 2177 ietano
1357 2143 1531 2187 quotannis
1566 2142 1617 2175 die
1648 2152 1692 2175 vu
1724 2142 1848 2184 augusti
1877 2143 1960 2175 cele-

1225 2198 1338 2230 bretur
1362 2198 1477 2229 festum
1502 2207 1573 2229 cum
1598 2195 1704 2228 officio
1737 2195 1775 2227 de
1798 2195 1959 2227 communi

1225 2251 1451 2284 Consessorum
1485 2260 1550 2282 non
1574 2248 1767 2281 Pontificum
1803 2248 1863 2280 sub
1897 2248 1961 2281 ritu

1227 2303 1429 2346 semiduplici
1464 2303 1503 2335 de
1534 2307 1710 2345 praecepto
1741 2301 1780 2333 ab
1814 2301 1963 2334 onmibus

1228 2356 1493 2391 christifidelibus
1530 2360 1593 2387 tam
1626 2355 1843 2387 saecularibus
1870 2366 1964 2398 quam

1229 2409 1429 2453 regularibus
1455 2408 1622 2451 utriusque
1648 2418 1750 2447 sexus,
1773 2408 1826 2451 qui
1845 2408 1884 2441 ad
1906 2408 1964 2440 bo-

1229 2474 1279 2496 ras
1307 2462 1477 2495 canonicas
1501 2466 1668 2500 tenentur,
1695 2465 1726 2493 et
1755 2461 1812 2493 sub
1845 2461 1962 2494 eodem

1230 2517 1291 2549 ritu
1317 2516 1349 2548 in
1375 2514 1559 2549 calendario
1582 2514 1732 2547 breviarii
1760 2514 1885 2547 romani
1908 2525 1963 2557 ap-

1230 2575 1381 2612 ponatur.

1275 2622 1289 2666 §
1314 2621 1344 2653 Q,
1365 2620 1433 2653 Non
1452 2620 1655 2654 obstantibus
1672 2620 1960 2655 constitutionibus
1973 2613 2158 2662 „ssffigffl'm'
