2279 3260
916 266 1010 289 mnizx
1038 266 1238 290 aramentum
1736 257 1796 290 747

394 321 434 353 (ti
461 318 621 353 Francisci
657 318 696 351 dc
728 318 936 351 observantia
969 328 1050 351 nun-

396 379 585 417 cupatorum
611 371 813 415 professoris,
842 371 916 404 528.

305 426 457 459 CLXXIII.
485 424 656 458 Concessio
674 424 948 467 indulgentiarum
974 424 1049 457 anni

394 477 524 511 jubilaei
535 488 595 521 pro
611 477 816 518 monialibus,
829 477 1051 521 oblatis‚puel-

396 531 433 563 lis
448 538 477 564 et
494 530 684 564 mulieribus
701 530 920 564 saecularibus
937 530 968 563 in
983 541 1050 564 mo-

395 584 544 617 nasteriis
565 584 767 626 degentibus,
784 594 820 617 ac
833 583 1047 624 anachoretis,
1093 588 1105 597 ¹

394 637 548 677 eremitis,
573 637 707 670 infirmis
733 643 763 670 et
788 636 818 668 in
846 646 974 669 carcere
995 637 1051 669 de-

396 690 502 729 tentis,
531 689 606 723 529.

305 743 458 776 CLXXIV.
486 743 613 776 Erectio
649 743 813 776 custodiae
843 744 874 777 S.
902 742 985 776 Petri
1012 743 1051 776 de

397 796 566 828 Alcantara
592 796 622 828 in
645 806 745 837 regno
762 796 971 839 Neapolitano
990 796 1051 828 sra-

398 855 481 881 trum
507 849 778 882 Discalceatorum
803 849 974 892 Ilispaniae
999 848 1052 881 Or-

398 902 482 934 dinis
506 901 664 934 Minorum
697 901 797 934 sancti
828 901 986 934 Francisci
1013 902 1051 934 de

395 954 605 987 Observantia
629 955 661 987 in
687 964 802 987 novam
829 954 1027 997 provinciam
1044 982 1052 995 ,

396 1018 468 1040 eum
495 1007 646 1040 omnibus
680 1007 854 1050 privilegiis
880 1013 910 1039 et
941 1017 1052 1050 prero-

397 1060 509 1101 gativis
535 1059 677 1092 adinstar
702 1059 839 1092 aliarum
871 1059 1052 1102 provincia-

396 1123 466 1145 rum
500 1112 751 1145 Discalcetorum
778 1112 950 1155 Hispaniae
975 1112 1051 1144 dicti

396 1165 539 1207 Ordinis,
564 1175 690 1199 necnon
716 1176 788 1198 cum
815 1165 925 1208 gratiis
950 1171 980 1198 et
1005 1165 1052 1198 in-

395 1220 492 1253 dultis
522 1220 627 1253 eidem
659 1221 824 1254 custodiae
860 1231 918 1264 per
952 1220 1050 1264 quin-

396 1284 458 1316 que
482 1273 592 1306 Brevia
619 1284 636 1306 a
663 1274 716 1307 SS.
744 1274 778 1307 D.
804 1274 840 1306 N.
870 1273 1050 1315 concessis,

396 1325 470 1359 531.

307 1378 443 1411 CLXXV.
469 1379 668 1422 Approbatio
694 1385 725 1412 et
750 1380 955 1413 confirmatio
981 1380 1053 1412 sun-

397 1431 564 1464 dationum
583 1438 614 1464 et
631 1431 831 1464 erectionum
849 1432 959 1464 decem
983 1442 1055 1465 con-

396 1489 550 1517 ventuum
599 1485 736 1518 fratrum
779 1484 1053 1518 Discalceatorum

397 1537 525 1570 Ordinis
549 1537 579 1570 S.
608 1537 776 1580 Augustini
802 1538 834 1570 in
858 1547 959 1580 regno
978 1538 1054 1570 Por-

399 1590 561 1632 tugatliae,
584 1596 616 1623 et
640 1590 770 1623 illorum
796 1591 915 1624 erectio
940 1591 971 1623 in
997 1601 1054 1623 no-

396 1653 466 1675 vam
486 1643 771 1685 congregationem
789 1643 848 1677 sub
863 1643 956 1676 titulo
972 1644 1054 1677 Con-

397 1695 553 1738 ceptionis
575 1696 690 1728 Beatae
707 1696 824 1729 Marlae
837 1696 975 1738 Virginis
993 1697 1055 1729 Im-

400 1749 590 1788 maculatae,
608 1750 782 1791 regendam
802 1750 841 1782 ab
859 1760 924 1782 uno
936 1749 1054 1783 vicario

399 1801 540 1842 generali
568 1802 607 1834 de
633 1803 784 1834 sexennio
811 1803 840 1834 In
867 1803 1053 1835 sexennium

399 1854 560 1895 eligendo,
585 1865 657 1888 cum
680 1855 974 1888 communicatione
994 1855 1055 1898 pri-

400 1906 592 1949 vilegiorum
626 1908 884 1950 congregationis
920 1908 1052 1940 fratrum

397 1959 669 1993 Discalceatorum
686 1961 807 2001 Italiae,
828 1961 917 1993 cuius
938 1966 1055 1993 statuta

399 2018 430 2045 et
455 2012 699 2046 constitutiones
724 2013 809 2046 dicta
824 2023 907 2047 nova
925 2023 1056 2055 congre-

399 2065 484 2107 gatio
510 2066 653 2109 dictique
685 2073 859 2099 conventus
884 2067 1055 2099 observare

399 2125 557 2158 tenentur,
586 2118 660 2151 535.

312 2171 462 2204 CLXXVI.
492 2173 599 2213 Breve,
620 2183 684 2216 quo
711 2173 894 2206 declaratur
913 2179 973 2205 tam
995 2173 1051 2206 FP.

401 2225 632 2268 Cappuccinis,
669 2236 765 2269 quam
803 2226 859 2259 Pr.
895 2226 1056 2259 Tertiariis

400 2277 582 2312 Gallicanae
597 2279 861 2322 Congregationis
875 2280 972 2312 licere
988 2290 1057 2323 per-

399 2341 493 2364 sonas
510 2333 689 2366 saeculares
707 2333 875 2376 utriusque
892 2343 984 2365 sexus
1002 2333 1056 2365 ad-

403 2383 530 2417 mittere
554 2385 593 2418 ad
609 2386 752 2419 Tertium
778 2386 930 2419 Ordinem
949 2396 966 2418 a
984 2385 1057 2419 divo

399 2437 571 2470 Francisco
602 2448 661 2481 pro
696 2439 846 2471 fidelibus
871 2439 903 2471 in
928 2439 1058 2472 saeculo

400 2490 589 2532 degentibus
624 2491 804 2525 institutum
821 2519 828 2532 ,
856 2492 999 2525 rescissis
1029 2498 1059 2525 et

402 2543 557 2576 revocatis
589 2544 848 2589 quibuscumque
885 2545 999 2578 litteris
1029 2552 1060 2578 et

400 2597 526 2629 statutis
557 2597 589 2629 in
625 2597 822 2631 contrarium
850 2598 1056 2632 decernenti-

403 2650 473 2689 bus,
502 2648 577 2682 540.

1102 318 1266 351 chxvtt.
1291 317 1499 351 Confirmatio
1517 318 1636 350 decreti
1663 318 1846 350 eiriinentis-

1192 370 1348 404 simorum
1375 370 1587 403 cardinalium
1618 370 1742 412 collegii
1769 371 1846 403 Ger-

1192 423 1308 456 manici
1336 429 1365 455 ct
1391 423 1565 465 Ilungarici
1599 423 1637 456 de
1667 423 1751 456 Urbe
1776 434 1848 467 pro-

1193 483 1361 516 tectorum,
1379 482 1414 509 ut
1429 477 1639 519 imposterum
1659 477 1777 516 nullus,
1797 477 1843 509 vel

1191 530 1354 563 convictor
1387 529 1434 562 vel
1470 530 1642 569 alumnus,
1671 529 1845 573 recipiatur

1192 582 1223 615 in
1249 582 1368 615 dictum
1396 581 1566 623 collegium
1584 609 1591 621 ‚
1619 582 1673 625 qui
1699 592 1764 614 non
1791 582 1846 614 lia-

1192 636 1264 668 beat
1298 635 1469 679 qualitates
1503 635 1533 667 in
1559 634 1642 668 dicta
1668 635 1757 668 Bulla
1783 645 1846 668 ex-

1190 699 1325 732 pressas,
1350 688 1425 721 ΜΞ).

1102 742 1283 775 CLXXVIII.
1312 742 1436 774 Erectio
1470 741 1598 784 hospitii
1632 751 1691 783 pro
1721 742 1846 774 noviter

1118 824 1121 828 .
1192 794 1351 827 conversis
1376 794 1414 826 ad
1441 793 1549 832 sideru,
1579 793 1652 826 545.

1103 848 1253 881 CLXXIX.
1282 847 1445 880 Indultum
1467 847 1553 890 quod
1573 847 1602 879 in
1622 847 1773 880 universo
1791 848 1847 880 Or-

1193 901 1267 933 dine
1282 900 1414 932 fratrum
1431 905 1494 933 tam
1510 900 1728 933 Calceatorum
1748 911 1844 943 quam

1192 953 1452 985 Excalceatorum
1469 958 1498 986 et
1512 953 1701 985 monialium
1719 953 1846 986 Ordinis

1192 1006 1225 1038 B.
1253 1006 1368 1039 Mariae
1402 1006 1442 1038 de
1466 1006 1610 1039 Mercede
1634 1006 1843 1049 Redemptio-

1193 1058 1241 1091 nis
1266 1058 1468 1101 Captivorum
1495 1059 1675 1091 celebretur
1698 1059 1757 1091 sub
1783 1059 1846 1091 ritu

1194 1112 1313 1154 duplici
1330 1112 1368 1144 de
1386 1120 1559 1155 praecepto
1573 1112 1717 1145 osticium
1733 1118 1762 1145 et
1776 1113 1850 1145 mis-

1193 1174 1227 1197 sa
1251 1164 1403 1197 Omnium
1428 1165 1619 1198 Sanctorum
1645 1172 1675 1198 et
1710 1166 1846 1198 Sancta-

1192 1227 1264 1249 rum
1291 1217 1365 1250 dicti
1391 1217 1518 1250 Ordinis
1548 1217 1598 1250 die
1630 1228 1687 1251 xm
1716 1228 1847 1250 novem-

1195 1271 1274 1311 bris,
1299 1270 1373 1303 550.

1105 1324 1246 1358 CLXXX.
1268 1324 1476 1358 Confirmatio
1490 1325 1656 1357 summarii
1679 1325 1848 1365 indulgen-

1195 1378 1311 1411 tiarum
1339 1378 1702 1411 arcliiconsraternitatis
1728 1383 1758 1410 et
1775 1389 1849 1411 con-

1196 1431 1329 1463 fratrum
1359 1430 1611 1463 cincturatorum
1627 1430 1755 1463 Ordinis
1773 1431 1849 1464 Ere-

1195 1484 1347 1516 mitarum
1374 1483 1474 1516 sancti
1500 1483 1679 1525 Augustini,
1707 1483 1781 1516 551.

1107 1537 1261 1571 CLXXXI.
1289 1536 1498 1570 Confirmatio
1523 1543 1554 1569 et
1578 1536 1742 1570 innovatio
1777 1537 1850 1580 pri-

1196 1588 1385 1632 vilegiorum
1419 1600 1477 1632 per
1501 1589 1614 1622 Iulium
1640 1589 1702 1629 III,
1730 1589 1850 1631 Grego-

1195 1643 1278 1675 rium
1304 1642 1385 1683 XIII,
1414 1642 1609 1676 Clementem
1631 1643 1707 1682 vm,
1729 1642 1850 1685 Grego-

1196 1695 1279 1728 rium
1305 1696 1357 1728 XV
1376 1701 1404 1728 et
1425 1695 1621 1728 Clementem
1647 1695 1686 1727 IX
1712 1696 1850 1738 collegio

1196 1748 1386 1781 Germanico
1424 1754 1454 1781 et
1486 1747 1669 1790 Ilungarico
1701 1749 1740 1781 de
1765 1749 1850 1781 Urbe

1197 1811 1435 1842 concessorum,
1456 1812 1528 1834 cum
1547 1801 1768 1844 prohibitione
1785 1803 1852 1846 epi-

1196 1864 1294 1897 scopo
1319 1854 1477 1887 Laudensi
1512 1864 1552 1887 ne
1578 1855 1610 1887 in
1635 1854 1769 1888 ecclesia
1794 1866 1851 1898 pa-

1195 1907 1329 1940 rochiali
1354 1913 1385 1940 et
1409 1907 1604 1940 monasterio
1625 1907 1655 1941 S.
1673 1908 1757 1941 Petri
1775 1909 1851 1941 Lau-

1197 1960 1347 1994 diveteris
1375 1960 1502 1993 Ordinis
1531 1960 1630 1993 sancti
1662 1961 1848 2001 Benedicti,

1197 2014 1329 2057 eiusque
1360 2013 1494 2046 annexis
1519 2020 1548 2046 ct
1573 2014 1848 2056 dependentibus,

1197 2067 1273 2099 olim
1299 2066 1441 2110 plenarie
1467 2066 1557 2099 unito
1575 2066 1678 2098 cidem
1701 2066 1849 2109 collegio,

1196 2120 1297 2153 ullam
1314 2125 1503 2163 potestatem
1523 2125 1578 2152 aut
1595 2119 1850 2153 iurisdictionem

1199 2179 1262 2206 tam
1281 2173 1478 2206 ordinariam
1493 2183 1588 2216 quam
1605 2173 1781 2215 delegatam
1801 2183 1853 2205 ex—

1197 2233 1314 2267 erceat,
1338 2236 1439 2270 usque
1459 2227 1499 2259 ad
1519 2226 1757 2270 beneplacitum
1775 2227 1854 2260 San-

1199 2287 1267 2313 ctae
1293 2280 1400 2321 Sedis,
1431 2280 1581 2312 translata
1606 2279 1737 2312 interim
1762 2279 1854 2312 iuris-

1199 2334 1339 2367 dictione
1375 2333 1561 2366 huiusmodi
1598 2333 1630 2365 in
1667 2333 1854 2376 metropoli-

1199 2393 1310 2420 tanum
1336 2384 1619 2425 Mediolanensem,
1646 2385 1720 2418 565.

1110 2440 1277 2474 CLXXXII.
1306 2439 1472 2483 Exemptio
1497 2438 1626 2472 Antonii
1646 2438 1749 2482 Versa
1768 2438 1857 2471 Lusi-

1202 2492 1269 2525 tani
1295 2492 1472 2536 presbyteri
1507 2491 1663 2534 regularis
1692 2491 1859 2525 Societatis

1202 2546 1272 2578 Iesu
1306 2546 1344 2578 ad
1375 2545 1443 2578 eius
1474 2544 1571 2577 vitam
1605 2554 1622 2576 a
1654 2554 1860 2587 quacumque

1202 2598 1424 2631 ittrisdictione
1438 2597 1607 2630 tribunalis
1621 2597 1650 2630 S.
1667 2596 1770 2630 Officii
1785 2597 1858 2629 Por-

1202 2651 1376 2694 miganiae,
1411 2661 1446 2683 ac
1479 2650 1665 2682 immediata
1700 2649 1856 2682 srbiectio
