2279 3260
131 241 178 266 An.
201 240 229 266 C.
251 240 316 266 ¹670

158 405 225 424 Etiam
245 404 264 424 in
280 409 311 423 as·

130 433 238 451 eventione
249 431 310 450 buno>

132 463 174 476 rum
187 458 303 476 ecclesiasti

131 490 211 503 eorum.

190 2250 296 2276 Ewnqvin
311 2256 322 2270 a

142 2276 228 2295 {lecimus
241 2280 262 2295 et
277 2277 322 2296 alu<

143 2303 316 2328 tinpwitinnibus

957 236 1098 259 CLHVHN‘S
1123 236 1136 257 Χ
1165 237 1210 257 ΙΨ.

322 299 413 320 secus
439 298 496 330 per
520 297 594 326 vos,
626 290 675 318 aut
711 286 886 328 quemlibet
917 289 1057 317 vestrum

323 340 500 383 respective
526 339 674 371 attentari
702 338 902 380 contigerit),

365 394 380 435 ἓ
402 392 433 424 Ji.
461 391 591 424 Necnon
627 391 710 423 cives
747 390 934 433 originarii,
961 389 1056 421 etiam

323 445 354 477 in
369 445 570 486 dignitatum,
585 444 815 476 beneliciorum
830 448 861 475 et
877 442 1057 475 ollieiorum

323 497 616 530 ecclesiasticorum
643 509 678 529 ac
703 497 912 529 sm·t:iil.·u·imn
928 523 934 535 ,
961 496 1057 527 ctiam

324 561 359 581 ex
385 549 529 592 personis
548 549 767 582 Ronmanorum
785 549 899 581 civium
919 547 1059 589 origina-

325 604 446 635 riorum
472 602 661 642 vacantium,
685 602 887 635 assecutione
914 607 946 633 etv
971 611 1059 632 exer-

323 709 458 751 singulis
490 709 671 742 civitatibus
703 709 900 753 praedictis,

324 763 444 804 ubique
462 764 604 795 locorum
623 767 655 795 et
672 762 830 804 gentium,
850 771 974 793 necnon
995 770 1060 791 ses-

323 816 449 848 sionum
471 820 502 847 et
518 821 741 855 conventuum,
764 820 904 852 utuntur,
931 812 1060 856 potiun-

324 874 375 900 tur
399 874 430 901 et
454 869 604 910 gaudent,
623 879 657 900 ae
676 868 730 908 uti,
750 867 847 910 potiri
867 872 898 899 et
918 865 1059 908 gaudere
1080 856 1081 866 ¹

323 926 478 964 poterunt
503 921 751 963 quomodolibet
775 920 807 951 in
827 920 974 957 futurum,
995 928 1059 950 non

324 975 428 1006 solum
453 974 492 1006 ad
518 983 629 1005 eorum
654 973 770 1012 instar,
798 972 853 1005 sed
880 970 1081 1015 parilemm-i

323 1032 373 1059 ter
398 1032 429 1059 et
453 1036 553 1069 aeque
580 1025 804 1068 principaliter
837 1036 872 1057 ac
903 1025 929 1056 si
964 1023 1061 1067 privi-

324 1079 431 1121 legia,
460 1079 649 1117 facultates,
676 1075 910 1120 exemptiones,
938 1076 1059 1119 gratiae

325 1138 357 1165 et
381 1132 504 1165 indulta
541 1131 725 1163 huiusmodi
758 1142 830 1175 pro-
852 1130 942 1163 vobis
975 1140 1060 1162 ema-

324 1189 475 1225 nassent,
501 1184 566 1223 uti,
594 1184 689 1227 potiri
715 1189 747 1216 et
771 1184 934 1226 gaudere,
959 1194 995 1215 ac
1027 1179 1081 1214 in1

325 1238 475 1270 omnibus
491 1242 522 1270 et
539 1237 674 1279 singulis
697 1236 894 1279 apostolicis,
923 1236 1060 1278 aliisque

324 1290 461 1329 litteris,
488 1290 710 1322 instrumentis
744 1295 776 1321 et
810 1289 976 1332 scripturis
1001 1295 1082 1331 pil-¹

324 1343 418 1376 blicis
450 1349 481 1375 et
512 1342 647 1385 privatis
677 1342 830 1385 deinceps
855 1341 983 1374 nomine
1009 1351 1062 1373 ve—

325 1401 390 1428 stro
416 1394 624 1435 conficiendi,
652 1406 705 1427 vos
732 1395 886 1433 notarios,
918 1394 1059 1434 comites,

325 1449 450 1493 equites
476 1454 507 1482 et
531 1448 667 1487 nobiles,
693 1460 728 1480 ac
754 1449 792 1481 de
818 1448 918 1480 nobili
940 1459 1060 1490 genere

326 1513 361 1534 ex
388 1507 525 1544 utroque
551 1507 684 1544 parente
710 1506 908 1543 procreatos,
936 1511 1061 1533 necnon
1082 1491 1084 1510 ¹¹

327 1553 511 1592 Romanos,
538 1557 569 1584 et
594 1551 728 1584 aliarum
753 1551 917 1583 civitatum
944 1556 976 1583 et
1001 1556 1063 1583 ter-

327 1617 432 1638 rarum
460 1605 553 1645 cives,
582 1609 681 1648 prout
712 1605 849 1644 libuerit,
876 1605 1062 1644 inscribere,

328 1665 361 1691 et
385 1669 439 1691 vos
463 1657 527 1691 illis
552 1658 754 1690 subscribere
779 1657 920 1697 valeatis,
940 1669 976 1690 ac
1003 1668 1063 1701 pro

327 1712 411 1744 veris
442 1718 474 1743 et
498 1721 564 1743 non
589 1710 669 1742 lictis
702 1710 849 1749 notariis,
876 1711 1064 1750 comitibus,

329 1763 494 1806 equitibus
527 1768 559 1795 et
594 1762 758 1795 nobilibus
786 1774 822 1795 ac.
858 1763 978 1795 civibus
1009 1764 1065 1795 lia-

330 1816 479 1856 bearnini,
505 1815 662 1858 nihilque,
685 1817 920 1859 qualecumque
946 1817 977 1848 id
1002 1818 1067 1849 l'ue-

330 1870 392 1910 rit,
419 1880 490 1902 cum
519 1869 558 1901 iis
586 1869 878 1912 subscriptionilms
907 1870 1066 1913 subrepti-

331 1922 417 1961 tium,
434 1924 483 1955 vel
502 1921 722 1965 obreptitium,
739 1923 788 1954 vel
807 1922 994 1963 invalidum,
1010 1924 1066 1956 sed

331 1976 409 2009 illud
429 1976 515 2008 idem
540 1975 648 2007 efficax
667 1975 699 2007 in
717 1975 864 2007 omnibus
882 1982 1064 2016 censeatur,
1087 1981 1089 1996 ²

331 2040 392 2061 nec
422 2040 486 2062 non
512 2028 646 2061 lionoris
670 2030 767 2061 causa
799 2028 937 2071 insignia
962 2030 1068 2071 gentis

332 2078 461 2114 nostrae
494 2081 559 2114 sive
593 2082 718 2123 integre
752 2081 816 2114 sive
850 2093 920 2114 cuin
954 2084 1068 2115 restris

334 2135 511 2178 respective
543 2135 723 2177 composita
759 2140 883 2177 gestare
920 2136 1068 2178 possitis,

334 2193 429 2231 prout
452 2188 542 2220 vobis
567 2187 735 2230 placuerit,
762 2188 981 2221 concedimus.

377 2242 392 2283 g
417 2240 448 2273 5.
476 2241 513 2272 Et
536 2239 670 2283 insuper
694 2251 749 2273 vos
775 2246 945 2284 vestraque
978 2242 1070 2274 bene-

336 2294 405 2325 ficia
421 2299 452 2326 et
471 2293 576 2326 officia
593 2293 819 2333 ecclesiastica,
838 2305 1069 2337 quaecumque,

335 2352 551 2390 quotcumque
584 2352 615 2379 et
644 2347 913 2390 qualiacumque,
940 2348 1070 2380 illorum

337 2401 468 2439 l‘ructus,
486 2410 537 2432 res
556 2405 587 2432 et
602 2399 683 2439 iura,
701 2399 894 2443 ubicumque
914 2402 1069 2440 locorum,

337 2462 512 2495 regnorum
538 2458 568 2485 et
601 2453 859 2496 provinciarum,
887 2464 1013 2487 necnon
1038 2455 1071 2487 in

336 2504 432 2545 Urbe,
459 2505 659 2545 civitatibus,
687 2506 779 2538 terris
805 2511 837 2539 et
861 2507 940 2539 locis
967 2507 1072 2540 eidem

336 2559 497 2591 Romanae
530 2558 689 2591 Ecclesiae
721 2559 859 2591 mediate
886 2561 934 2592 vel
961 2560 1072 2593 inmte-

337 2611 421 2644 diate
455 2611 610 2643 subiectis
647 2612 882 2653 consistentia,
916 2614 1071 2655 praedia,

425 2674 502 2705 Ball.
526 2674 607 2702 Rom.
630 2689 662 2693 —
689 2675 744 2704 Vol.
768 2675 868 2702 XVIII
1021 2676 1052 2704 12

1100 283 1224 322 domm,
1245 283 1466 325 possessiones
1482 289 1507 314 et
1528 284 1612 315 bona
1628 282 1835 325 patrimonia-

1101 335 1149 373 lia,
1172 335 1298 378 aliaque
1326 336 1540 378 temporalia,
1568 336 1698 367 mobilia
1723 341 1754 366 et
1779 335 1836 366 im-

1100 387 1243 427 mobilia,
1266 398 1302 419 ae
1320 387 1523 427 semoventia,
1543 398 1669 419 necnon
1690 387 1834 418 actiones

1100 446 1132 472 et
1155 440 1224 472 iura
1248 440 1432 483 praesentia
1458 445 1490 472 et
1515 442 1631 479 l'utura,
1657 440 1837 471 cuiuscum-

1101 505 1162 536 que
1189 493 1370 536 qualitatis,
1398 493 1585 536 quantitatis
1618 497 1648 525 et
1680 498 1835 533 naturae,

1079 582 1080 591 ,
1101 552 1132 580 ct
1157 548 1295 579 cuiusvis
1320 547 1415 579 etiam
1441 546 1537 579 annui
1560 546 1677 579 valoris·
1705 546 1834 585 fructus,

1078 593 1245 647 :redditus
1276 605 1307 632 et
1342 605 1517 643 proventus
1553 598 1736 631 huiusmodi
1775 598 1839 629 sint

324 657 409 696 citio,
428 661 490 688 tam
511 656 543 688 in
568 655 660 696 Urbe,
683 667 777 698 quam
804 656 834 688 in
860 655 1010 688 omnibus
1028 658 1060 685 et
1079 651 1080 656 ’

927 713 958 740 et
982 707 1058 739 alias
1077 742 1080 752 ,

1100 663 1136 685 ac
1162 652 1288 692 suerint,
1304 664 1338 684 ac
1358 652 1453 684 etiam
1471 662 1694 695 qmieeumque
1712 662 1728 682 a
1746 650 1838 682 vobis

1101 705 1280 745 vendenda,
1307 716 1343 737 ac
1368 716 1425 747 pro
1451 705 1562 737 vestris
1588 710 1619 736 et
1644 703 1837 736 familiarum

1102 763 1280 790 vestrarum
1306 758 1416 789 usibus
1448 757 1602 796 emenda,
1627 757 1666 788 ab
1691 756 1838 789 omnibus

1102 816 1133 842 et
1157 810 1417 852 quibuscumque
1443 810 1584 848 decimis,
1604 808 1725 852 quartis
1744 814 1775 840 et
1792 808 1840 839 ‹li-

1101 863 1207 895 midiis
1233 863 1389 905 partibus,
1415 863 1587 901 subsidiis,
1615 862 1709 894 etiam
1736 861 1841 893 cbari-

1102 915 1222 955 lativis,
1249 926 1378 947 necnon
1404 916 1634 958 vectigalibus,
1661 914 1838 958 portoriis,

1102 968 1237 1008 tributis,
1252 967 1358 1008 datiis,
1376 968 1534 1010 pedagiis,
1549 968 1752 1006 collectis‚·et
1766 978 1840 1009 quo-

1102 1031 1239 1064 cumque
1266 1020 1329 1053 alio
1355 1020 1487 1052 nomine
1514 1020 1720 1063 nuncupatis,
1743 1030 1840 1061 anga-

1102 1075 1167 1114 riis,
1192 1074 1403 1117 perangariis,
1431 1074 1611 1115 ceterisque
1637 1073 1790 1106 oneribus
1809 1077 1841 1105 et

1102 1127 1405 1166 contributionibus,
1433 1132 1495 1159 tam
1522 1126 1652 1159 urbanis
1671 1137 1766 1169 quam
1791 1137 1842 1158 ru-

1103 1180 1252 1220 sticanis,
1280 1179 1451 1212 ordinariis
1488 1184 1520 1212 et
1553 1179 1839 1219 extraordinariis,

1103 1233 1257 1273 realibus,
1284 1233 1514 1276 personalibus
1541 1238 1572 1265 et
1595 1233 1716 1272 mixtis,
1744 1233 1840 1265 etiam

1103 1287 1229 1319 ratione
1260 1286 1478 1318 munitionum
1504 1286 1668 1319 moenium
1698 1291 1729 1318 et
1761 1296 1842 1328 pon-

1082 1379 1083 1382 ,
1105 1341 1193 1379 tium,
1219 1345 1385 1383 portarum
1411 1344 1443 1372 et
1466 1339 1693 1372 n‘ioliturarum
1711 1344 1742 1372 et
1759 1350 1843 1371 mer-

1082 1408 1084 1432 ;
1104 1393 1189 1426 cium
1214 1392 1446 1436 cuiuscumque
1461 1392 1600 1435 generis,
1619 1393 1770 1425 transitus
1786 1403 1842 1425 seu

1104 1457 1218 1490 passus
1243 1451 1274 1478 et
1300 1451 1448 1479 vecturae
1475 1446 1571 1478 etiam
1600 1446 1632 1478 in
1666 1446 1752 1478 aliud
1783 1451 1844 1477 ter-

1105 1500 1250 1532 ritorium
1274 1510 1329 1532 seu
1355 1498 1564 1542 provinciam,
1592 1500 1687 1537 terra,
1709 1497 1787 1530 mari
1814 1503 1846 1529 et

1083 1578 1085 1588 1
1105 1552 1256 1591 flumine,
1283 1562 1409 1584 necnon
1436 1562 1594 1594 equorum
1619 1557 1843 1591 mortuorum,

1105 1605 1359 1638 stabulationum
1384 1604 1535 1644 militum,
1562 1603 1771 1636 institutionis
1797 1614 1845 1635 se-

1107 1658 1233 1691 minarii
1259 1657 1485 1697 ecclesiastici,
1512 1662 1567 1690 aut
1591 1667 1792 1700 quacumque
1815 1668 1846 1689 a-

1108 1714 1150 1746 lia
1168 1711 1371 1755 quantumvis
1390 1711 1475 1753 gravi
1494 1716 1525 1743 et
1543 1711 1730 1753 gravissima
1751 1712 1846 1743 causa

1108 1767 1180 1810 (pro
1206 1765 1421 1798 subventione
1447 1770 1558 1797 contra
1583 1764 1731 1797 infideles
1757 1765 1847 1797 dum-

1110 1825 1195 1853 taxat
1219 1818 1365 1861 excepta)
1384 1828 1468 1850 nunc
1489 1823 1520 1850 et
1546 1828 1605 1861 pro
1624 1823 1769 1860 tempore
1788 1818 1847 1849 im-

1109 1872 1231 1916 positis,
1258 1871 1300 1903 ita
1325 1870 1410 1913 quod
1430 1881 1484 1902 vos
1502 1875 1533 1902 et.
1550 1870 1687 1913 quilibet
1707 1876 1848 1902 vestrum

1109 1925 1190 1957 niliil
1216 1923 1348 1956 omnino
1375 1923 1490 1955 horum
1516 1927 1570 1954 aut,
1596 1922 1731 1955 aliorum
1763 1922 1849 1954 simi-

1110 1979 1187 2012 lium
1204 1977 1311 2009 subire
1334 1976 1518 2015 teneamini,
1541 1987 1602 2009 nec
1623 1987 1681 2019 per
1701 1987 1848 2008 c-ainerae

1110 2031 1307 2074 apostolicae
1332 2035 1385 2062 aut
1415 2029 1495 2061 alios
1521 2029 1761 2062 commissarios
1791 2040 1848 2061 seu

1111 2082 1318 2125 vectigaliun‘i
1336 2087 1367 2114 et
1387 2082 1579 2114 tributorum
1598 2082 1786 2114 huiusmodi
1802 2092 1851 2113 re-

1112 2137 1317 2179 demptores,
1344 2136 1560 2167 conductores
1595 2139 1625 2167 et
1661 2140 1847 2173 exactores,

1112 2199 1315 2232 quocumque
1334 2187 1519 2230 privilegio,
1539 2187 1743 2230 exemptione
1762 2192 1793 2219 et
1812 2187 1850 2219 sa-

1112 2243 1228 2274 eultate
1253 2240 1412 2278 sull'ul'os‚
1440 2241 1516 2273 alias
1543 2251 1637 2283 quam
1658 2246 1692 2272 ut
1709 2241 1852 2283 praeser-

1113 2300 1162 2327 tur
1188 2294 1318 2327 valeatis
1344 2293 1500 2325 coarctari
1519 2293 1686 2336 <tpianaliu
1714 2293 1850 2325 servitiis

1114 2348 1232 2380 nostris
1257 2346 1437 2379 institeritis
1463 2346 1657 2389 dumtaxat),
1685 2346 1850 2379 exii‘nimus

1114 2405 1145 2434 et
1169 2401 1359 2433 liberamus.

1157 2455 1171 2498 ξ
1196 2454 1227 2486 6.
1255 2454 1302 2486 Ad
1328 2454 1409 2486 liaeo
1433 2453 1599 2486 vobiscum
1624 2457 1655 2485 et
1679 2464 1751 2485 eum
1776 2463 1851 2495 quo<

1114 2508 1195 2541 libet
1221 2512 1363 2539 vestrum
1392 2505 1583 2548 respective,
1615 2510 1648 2537 ut
1680 2516 1851 2548 quaecum-

1115 2572 1177 2604 que
1198 2561 1259 2592 duo
1285 2558 1455 2592 dissimilia
1479 2559 1527 2590 vel
1553 2557 1712 2600 simplicia
1734 2557 1851 2589 similia

1116 2613 1175 2646 sub
1194 2612 1330 2655 singulis
1348 2611 1450 2643 tribus
1469 2611 1559 2643 tectis
1576 2621 1851 2654 qiutrumeumque

1753 226 1793 255 Ns)
1839 233 1888 258 An.
1912 232 1939 257 C.
1959 232 2025 257 Μ’,Τιι

1888 2457 2031 2484 ὓί5ρευ53ῑὲῡ.
