2279 3260
291 263 340 288 An.
356 263 386 289 C.
407 264 472 290 tn7o

517 254 558 286 5ss

481 311 525 343 ris
562 312 627 345 sive
661 313 840 355 regularis,
873 315 968 347 etiam
1006 315 1036 347 in
1069 314 1239 347 ecclesiis'

481 374 613 397 suorum
630 365 787 399 Ordinum
805 353 1046 399 routraidieeute
1066 367 1218 409 episcopo

481 416 669 460 praedirare
702 425 904 461 praesumat:
932 419 1117 461 itidemque,
1146 429 1217 450 cum

481 470 589 502 nullus
614 471 764 504 sacerdos
790 472 947 514 regularis
969 471 1068 514 possit
1092 471 1218 503 conses-

480 521 588 554 siones
606 524 817 556 saecularium
835 525 929 557 etiam
948 524 1148 556 saccrdotmn
1164 534 1218 555 au-

481 573 570 615 dire,
598 585 657 607 nec
681 576 720 608 ad
750 576 780 608 id
810 577 948 608 idoneus
973 575 1128 618 reputari,
1156 574 1218 606 nisi

480 632 535 659 aut
559 628 749 670 parochiale
775 628 967 660 beneticimn
988 627 1143 667 obtineat,
1166 632 1218 660 aut

481 678 520 710 ab
545 679 708 722 episcopis
734 690 793 722 per
817 689 964 719 examen,
990 679 1014 711 si
1041 679 1104 711 illis
1130 678 1218 711 vide-

481 731 566 763 bitur
579 743 649 764 esse
669 732 896 771 necessarium,
911 737 964 764 aut
984 732 1062 764 alias
1079 731 1217 763 idoneus

479 783 655 824 iudicetur,
672 790 704 817 et
719 784 999 827 approluitionem,
1017 794 1097 827 quae
1117 783 1215 825 gratis

480 837 583 876 detur,
609 837 760 877 obtineat,
787 837 965 880 privilegiis
990 843 1022 869 et
1046 841 1217 869 consuetu-

479 889 554 921 dine
580 900 780 932 quacumque
799 900 864 922 uon
884 889 1105 921 obstantibus:
1123 888 1216 921 inno-

479 942 539 974 tuit
563 942 657 974 nobis
684 942 902 974 dubitationes
928 942 1101 974 nonnullas
1131 941 1237 973 circa÷

478 994 756 1035 benedictionem,
784 994 965 1033 licentiam,
990 993 1236 1026 contradictio-³

477 1057 559 1086 nem,
576 1057 708 1079 examen
725 1052 757 1079 et
770 1047 1038 1090 approbationem
1054 1045 1214 1078 eiusmodi

477 1099 509 1131 in
535 1100 696 1143 aliquibus
715 1100 917 1146 dioecesibus
931 1100 1083 1131 excitatas
1102 1099 1211 1139 suisse;

309 1427 422 1447 [lubiorum
434 1433 465 1447 re-

282 1453 366 1473 solano.

303 2529 417 2551 Homilai-es
431 2529 458 2549 ab

277 2562 376 2581 episcopo
392 2556 457 2575 bine-

277 2583 389 2601 menmium
423 2588 459 2607 pe-

277 2611 320 2630 tere
336 2610 439 2628 tenentur.

477 1163 514 1184 ex
540 1153 654 1196 quibus
679 1153 922 1185 controversiae
938 1158 970 1185 et
994 1152 1212 1185 dissensiones

476 1206 653 1247 permultae
672 1205 703 1237 in
723 1206 808 1237 diem
833 1205 985 1248 subsequi
1010 1210 1144 1248 possent
1161 1216 1214 1237 oc-

475 1257 604 1289 casione
629 1257 884 1300 privilegiorum,
912 1268 992 1300 quae
1014 1268 1073 1300 per
1097 1257 1212 1290 Sedcm

476 1310 694 1352 Apostolicam
711 1310 873 1352 religiosis
890 1310 1061 1342 Ordinibus
1079 1320 1213 1342 conces-

475 1373 509 1394 sa
535 1363 677 1395 suerunt.

519 1415 534 1457 ἓ
559 1415 590 1447 ⁶2.
617 1415 690 1455 Nos,
719 1415 924 1448 attendentes
949 1415 1036 1457 quod
1061 1414 1139 1447 alias
1156 1415 1212 1447 'di-

474 1468 574 1501 versis
589 1469 788 1511 temporibus
799 1469 981 1511 praedictae
994 1468 1211 1500 dubitationes

474 1526 506 1553 et
529 1521 768 1554 controversiae
795 1522 958 1554 nonnullis
982 1522 1212 1564 praedecesso-

473 1584 543 1606 rum
569 1579 751 1606 nostrorum
784 1573 989 1606 Summorum
1020 1573 1210 1606 Pontificum

472 1626 758 1666 constitutionibus
789 1636 960 1669 earumque
986 1626 1212 1659 declarationi—

471 1679 532 1711 bus
558 1678 711 1711 definitae
744 1678 880 1719 suerint,
909 1678 1067 1711 eiusmodi
1098 1678 1211 1711 desini-

471 1731 578 1764 tiones
599 1731 631 1763 in
656 1742 754 1763 unum
777 1732 935 1771 collectas,
958 1736 993 1763 ut
1011 1731 1113 1774 magis
1145 1742 1211 1764 ma-

471 1785 583 1828 gisque
603 1785 841 1818 dissensionum
859 1785 1012 1817 tollantur
1028 1785 1161 1825 semina,
1180 1791 1210 1817 ct

471 1838 504 1870 in
532 1843 702 1881 posterum
728 1838 849 1870 tirmior
873 1838 905 1870 in
942 1848 1020 1880 agro
1046 1837 1208 1871 dominico

472 1902 531 1933 pax
550 1890 669 1923 Christi
688 1890 800 1923 floreat
813 1917 820 1930 ,
838 1901 896 1933 pro
911 1901 1044 1931 summo,
1060 1901 1123 1934 quo
1141 1892 1209 1923 sun-

472 1943 586 1986 gimur,
608 1944 806 1986 apostolatus
830 1943 947 1982 officio,
965 1943 1057 1976 novis
1078 1949 1209 1986 aposto-

471 1996 542 2030 licis
559 1996 674 2029 litteris
693 1996 885 2028 muniendas
904 1996 1051 2029 duximus
1065 2002 1097 2029 et
1112 1997 1208 2030 robo-

472 2050 599 2082 randas.
621 2049 745 2092 Itaque,
766 2049 804 2081 de
822 2048 957 2081 consilio
974 2050 1208 2083 nonnullorum

469 2101 705 2135 venerabilium
723 2102 840 2133 fatrum
865 2106 1045 2133 nostrorum
1062 2101 1093 2134 S.
1114 2103 1151 2135 R.
1170 2103 1204 2135 E.

469 2154 683 2188 cardinalium
709 2158 741 2186 et
765 2153 955 2186 dilectorum
977 2153 1118 2187 tiliorum
1146 2155 1208 2188 Ro-

468 2218 582 2241 manae
607 2206 716 2240 curiae
741 2207 972 2249 praelatorum,
994 2207 1124 2249 pietate,
1152 2208 1208 2241 do-

470 2261 572 2293 ctrina
589 2265 621 2292 et
636 2259 809 2302 prudentia
825 2260 1072 2302 praestantium,
1093 2266 1124 2293 et
1141 2271 1207 2293 ma-

469 2314 541 2345 tura
558 2311 796 2345 deliberatione
814 2312 929 2351 nostra,
952 2316 1046 2355 atque
1065 2322 1101 2344 ex
1122 2314 1207 2345 certa

468 2364 619 2405 scientia,
647 2364 708 2396 hac
724 2363 870 2406 generali
896 2369 928 2396 et
952 2370 1110 2407 perpetuo
1130 2365 1206 2397 vali-

469 2420 539 2450 tura
564 2416 795 2450 constitutione
822 2416 1026 2459 decernimus
1048 2422 1080 2450 et
1104 2417 1206 2451 decla-

469 2480 577 2503 ramus
593 2480 601 2501 ·.

513 2522 582 2565 53.
609 2522 801 2564 Regulares,
836 2521 889 2565 qui
918 2521 950 2554 in
980 2522 1124 2555 ecclesiis
1156 2523 1203 2555 sui

470 2575 597 2609 Ordinis
622 2575 810 2618 praedicare
836 2575 1008 2616 voluerint,
1036 2575 1139 2608 teneri
1165 2577 1204 2608 ab

471 2628 624 2673 episcopo
649 2627 841 2662 dioecesano
864 2627 1127 2662 benedictionem
1152 2639 1206 2673 pe-

1059 267 1236 291 nrttmu'n
1261 268 1411 292 nouwt‘u

1261 320 1350 355 term
1376 316 1562 358 praedicare
1589 322 1694 350 tamen
1721 328 1829 361 posse,
1855 319 1997 362 quamvis

1237 372 1238 381 ¹
1259 367 1345 400 illam
1360 379 1424 400 non
1442 369 1652 403 obtinuerint.
1673 370 1763 408 Quod
1785 371 1809 403 si
1824 371 1997 414 episcopus

1259 419 1520 455 benedictionem
1545 424 1666 456 nedum
1691 434 1755 456 non
1786 425 1994 465 concesserit,

1260 473 1315 504 sed
1340 473 1435 506 etiam
1459 475 1703 515 contradixerit,
1730 486 1789 508 nee
1813 475 1845 508 in
1871 476 1998 518 praedi-

1259 524 1316 555 ctis
1337 525 1465 567 quidem
1490 527 1636 559 ecclesiis
1663 528 1760 560 licere
1789 528 1997 570 regularibus

1259 577 1465 619 praedicare,
1491 589 1612 621 eosque
1649 580 1930 613 contravenientes
1956 581 1996 613 ab

1259 629 1315 661 illo
1336 635 1495 673 tamquam
1513 630 1604 664 Sedis
1622 632 1825 675 Apostolicae
1844 633 1995 675 delegato

1259 680 1402 713 censuris
1428 681 1563 724 aliisque
1581 683 1695 724 poenis
1720 682 1946 716 ecclesiasticis
1963 683 1995 715 in

1259 732 1320 764 vim
1353 733 1595 766 constitutionis
1630 734 1732 766 felicis
1761 735 1996 770 recordationis

1257 784 1404 827 Gregorii
1430 785 1480 817 XV
1505 786 1769 831 praedecessoris
1798 787 1914 827 nostri,
1947 787 1996 819 in-

1235 810 1406 879 lcipieutis
1436 837 1651 870 Inscrutabili
1678 838 1738 870 Dei
1761 836 1969 882 providentia
1986 866 1994 880 ,

1257 891 1396 923 coerceri
1415 897 1446 924 et
1466 891 1575 934 puniri
1593 892 1701 934 possess
1726 891 1924 934 Episcopum
1951 896 1996 924 ta-

1256 952 1329 974 men
1355 944 1478 986 absque
1508 943 1590 975 1115111
1622 949 1655 976 et
1689 943 1876 976 rationabili
1904 946 1997 976 causa

1256 995 1481 1028 contradicere
1508 1006 1572 1028 non
1591 996 1729 1035 debere,
1756 1001 1788 1028 et
1808 995 1994 1029 huiusmodi

1256 1047 1518 1081 benedictionem
1556 1048 1659 1081 teneri
1697 1048 1791 1081 etiam
1829 1049 1996 1090 regulares

1255 1105 1378 1142 petere,
1396 1100 1421 1132 si
1439 1101 1472 1133 in
1494 1100 1751 1143 quibuscumque
1775 1101 1926 1134 oratoriis
1945 1102 1995 1137 sui

2005 272 2057 298 Αη.
2076 273 2104 300 Γ..
2122 273 2191 301 1670

1254 1153 1384 1186 Ordinis
1407 1164 1588 1187 sermonem
1614 1164 1722 1187 coram
1748 1155 1869 1197 populo
1894 1156 1944 1187 vel
1962 1155 1995 1187 in
2044 1149 2048 1153 ⁴

1255 1207 1407 1249 ecclesiis}
1432 1212 1487 1239 aut
1518 1207 1556 1240 ad
1584 1212 1687 1239 crates
1722 1207 1995 1240 monasteriorum

1254 1251 1547 1292 sanctimonialium
1562 1269 1673 1291 eorum
1690 1257 1907 1291 iurisdictioni
1924 1259 1995 1292 sub-

1254 1312 1427 1351 iectarum,
1455 1312 1531 1346 lieet
1561 1312 1678 1345 clausis
1703 1311 1806 1344 ianuis
1832 1317 1864 1344 et
1887 1312 1994 1345 nullus

1253 1365 1426 1396 saecularis
1449 1364 1494 1406 ibi
1520 1363 1655 1404 intersit,
1676 1364 1797 1396 habere
1818 1364 1990 1397 voluerint.

1254 1417 1349 1449 Posse
1375 1423 1482 1449 autem
1508 1417 1704 1460 episcopum,
1731 1417 1893 1450 licentiam
1919 1428 1994 1450 eon-

1253 1480 1417 1502 cessurum
1449 1470 1651 1512 regularibus
1677 1469 1710 1502 in
1736 1469 1883 1502 ecclesiis
1909 1481 1991 1513 quae

1253 1533 1384 1555 suorum
1416 1522 1571 1555 Ordinum
1603 1533 1667 1555 non
1701 1527 1775 1554 sunt
1804 1522 1992 1566 praedicare

1253 1575 1447 1616 volentibus,
1465 1576 1551 1614 illos,
1570 1574 1715 1618 quamvis
1741 1575 1781 1607 ab
1805 1574 1993 1607 universita-
2022 1580 2029 1586 ·

1253 1686 1319 1720 tos,
1346 1680 1469 1713 etiamsi
1495 1680 1642 1724 episcopi
1674 1685 1899 1712 antecessores
1931 1690 1993 1723 per

1253 1738 1379 1776 tempus
1414 1732 1670 1765 immemorabile
1706 1733 1791 1764 hanc
1825 1732 1991 1765 licentiam

1251 1787 1371 1830 absque
1408 1786 1554 1819 examine
1591 1786 1772 1818 concedere
1809 1796 1989 1818 consueve-

1251 1839 1323 1880 rint,
1350 1839 1457 1882 quoad
1484 1838 1662 1871 doctrinam
1681 1838 1874 1878 examinare,
1900 1839 1926 1870 si
1947 1838 1990 1871 ita

1250 1892 1349 1935 ipsius
1374 1891 1519 1931 arbitrio,
1544 1891 1629 1934 quod
1649 1891 1850 1923 moderatum
1868 1896 1901 1923 et
1926 1890 1989 1923 dis-

1250 1950 1374 1977 cretum
1401 1954 1471 1976 esse
1497 1944 1603 1982 debet,
1633 1942 1733 1976 visum
1759 1943 1872 1983 suerit,
1899 1948 1930 1976 et
1951 1943 1990 1976 li-

1250 1997 1389 2030 centiam
1413 1995 1635 2040 praedicandi‚
1657 1997 1756 2029 semel
1781 1996 1898 2028 iisdem
1917 2006 1990 2029 con-

1250 2060 1398 2089 cessam,
1424 2049 1465 2086 ob
1502 2048 1711 2081 rationabiles
1746 2058 1879 2088 causas,
1912 2048 1989 2082 licet

1250 2103 1400 2142 occultas,
1422 2101 1699 2144 praedicationem
1722 2106 1829 2133 tamen
1855 2111 1988 2134 concer-

1249 2161 1385 2195 nentes,
1412 2154 1624 2197 suspendere.
1651 2153 1721 2186 Non
1752 2164 1848 2197 posse
1879 2159 1987 2187 tamen

1250 2207 1437 2251 episcopum
1462 2206 1639 2249 generatim
1664 2206 1840 2249 prohibere
1863 2208 1987 2249 regula-
2004 2233 2013 2243 .

1250 2260 1348 2299 ribus,
1367 2258 1443 2302 quin
1469 2259 1501 2290 in
1519 2258 1666 2291 ecclesiis
1682 2269 1813 2292 suorum
1830 2258 1986 2292 Ordinum

1249 2312 1451 2355 praedicent.

1293 2365 1307 2408 ἓ
1331 2364 1362 2396 4.
1389 2364 1435 2397 Ad
1461 2364 1541 2396 hacc
1565 2363 1745 2406 religiosos,
1768 2364 1807 2396 ab
1832 2363 1984 2408 episeopo

1248 2418 1287 2450 ad
1301 2417 1522 2450 consessiones
1544 2416 1755 2449 saecularium
1774 2417 1807 2449 in
1824 2419 1881 2449 sua
1898 2417 1985 2450 dioe-

2022 2369 2075 2393 Quid
2089 2370 2115 2390 de
2131 2376 2179 2391 ron»

1996 2395 2089 2415 [essartis
2099 2397 2127 2416 ab
2138 2403 2180 2423 uno

1996 2423 2109 2442 ordinario
2142 2429 2179 2450 ap·

1953 2470 1958 2475 ,
1995 2448 2097 2474 probatis.

1231 1442 1235 1630 i
1253 1628 1337 1660 tibus
1362 1633 1415 1660 aut
1431 1638 1448 1659 a
1464 1627 1706 1670 magistratibus
1731 1627 1822 1660 laicis
1848 1626 1993 1660 nomina-

1249 2470 1315 2504 cesi
1333 2469 1508 2502 audiendas
1533 2470 1737 2512 appu-batos,
1753 2480 1818 2502 non
1836 2480 1930 2512 posse
1950 2481 1983 2502 111

1249 2523 1309 2556 alia
1334 2522 1476 2555 dioecesi
1502 2531 1556 2554 eas
1580 2522 1703 2564 absque
1725 2522 1869 2565 episcopi
1895 2522 1984 2558 dioe-

1225 2567 1228 2627 Ι
1249 2576 1355 2608 eesani
1394 2575 1628 2618 approbatione
1665 2575 1774 2608 audire
1794 2601 1801 2615 ‚
1840 2576 1982 2618 quamvis

1225 2629 1452 2675 lpoenitentcs
1472 2627 1592 2661 subditi
1617 2627 1681 2661 sint
1705 2627 1773 2661 eius
1797 2627 1941 2673 episcopi
1965 2638 1984 2662 a
