2279 3260
181 209 229 236 An.
246 208 274 236 C.
298 210 365 237 1674

237 795 361 816 {insumuntur

177 821 259 841 tittemt-
295 820 360 843 Urba.

176 849 196 869 ni
209 848 259 869 vm.

215 2313 309 2334 Pontifex
324 2313 358 2333 di-

176 2342 221 2360 ctas
235 2340 315 2360 litteras
326 2346 358 2360 ex·

176 2366 243 2385 tendit
253 2368 273 2385 ut
291 2372 309 2386 in
326 2372 357 2386 ru·

176 2392 243 2412 brtessa.

999 214 1140 239 CLEMENS
1162 216 1180 240 X
1205 217 1253 240 ΡΡ.

416 260 530 293 dorum
553 260 594 293 acl
617 265 724 305 partes
744 260 924 295 orientales
949 272 1108 295 accessum

416 318 598 353 emanacae,
623 324 659 346 ac
684 313 894 357 impedientes
918 315 1107 348 exercitium

415 365 653 403 imisdictionjs
676 367 893 409 episcopormn
922 371 949 399 et
974 368 1109 399 ricario-

415 427 486 449 rum
510 418 760 461 apostolicorum.
782 419 817 451 in
842 419 938 451 dictis
961 419 1108 462 partibus

415 468 635 503 Orientalibus
662 473 946 513 commorantium,
975 482 1103 504 cerunt-

414 531 475 564 quc
499 522 725 564 operariormn
740 524 775 555 ‘in
793 524 969 566 provinciis
988 524 1066 566 ipsis
1087 534 1106 556 a

413 572 490 606 Sede
513 574 700 617 Apostoltca
725 576 912 619 assiqnaez'S.

600 662 734 690 Clemens
755 663 835 697 Papa
855 664 892 696 X,

506 707 542 733 ad
563 706 696 734 futuram
720 708 765 734 rei
785 709 966 735 memoriam.

414 784 429 827 ξ
454 784 485 816 l.
505 784 580 817 Cum
607 785 725 818 dudum
744 785 846 818 felicis
871 786 1105 819 recordationis

373 837 516 870 Urbanus
530 838 587 870 PP.
598 838 660 870 vul
674 839 910 880 praedecessor
927 844 1036 871 noster
1050 849 1108 881 per

372 891 526 933 quasdam
552 901 623 922 suas
648 890 769 923 litteras
796 891 846 923 die
872 901 934 923 xxu
955 891 1106 923 februarii

371 952 532 976 uncxxxiu
555 948 732 981 emanatas,
747 953 881 986 quarum
908 943 1033 975 initium
1060 949 1108 975 est

370 995 419 1027 Eoe
442 994 556 1033 debito,
581 999 651 1033 etc„
678 995 709 1027 in
737 995 851 1037 quihus
869 995 1107 1038 supermissio-

372 1046 466 1078 nibus
486 1047 714 1088 religiosorum
741 1047 778 1079 ad
803 1047 967 1089 Iaponiam
990 1052 1021 1079 et
1045 1047 1107 1079 alia

371 1110 469 1141 regna
494 1099 656 1132 indiarum
682 1099 892 1132 Orientalium
927 1101 1025 1132 multa
1057 1111 1106 1132 sa-

370 1152 506 1185 lubriter
537 1152 725 1191 constituit,
753 1163 973 1196 quoscumnque
1005 1155 1107 1186 ecclc-

369 1203 514 1236 siasticos
529 1209 559 1236 et
573 1205 743 1247 religiosos
764 1205 992 1248 cuiuscumque
1017 1205 1107 1238 Ordi-

370 1257 418 1288 nis
444 1261 475 1289 et
498 1256 648 1297 instituti,
678 1262 740 1289 tam
767 1268 830 1290 non
858 1258 1105 1291 Mendicantium

370 1320 465 1352 quam
501 1309 769 1348 Mendicaminm,
808 1311 901 1342 etiam
938 1310 1107 1343 Societatis

370 1362 453 1401 lesu,
475 1366 506 1394 et
522 1363 718 1399 saeculares,
736 1362 963 1405 religiosorum
981 1363 1107 1396 mitten-

370 1415 484 1447 dorum
511 1415 549 1447 ad
575 1415 706 1454 insulas,
733 1415 928 1458 provinciaS,
956 1417 1107 1459 regiones

370 1473 402 1499 et
426 1467 487 1501 alia
512 1478 612 1510 regna
643 1469 830 1501 earumdem
864 1468 1025 1501 indiarum
1058 1479 1108 1502 ac-

369 1529 493 1553 cessum
518 1521 747 1563 impedientes,
767 1522 1107 1555 exconnnunicationis

369 1574 452 1606 latae
477 1574 656 1606 sentcntiae
682 1574 810 1607 vinculo
835 1575 1048 1614 innodaverit‚
1076 1580 1105 1607 et

370 1624 465 1663 alias,
489 1631 586 1668 prout
610 1625 641 1657 in
668 1626 788 1658 eisdem
809 1627 943 1667 litteris,
970 1639 1104 1670 quarum

370 1682 515 1710 tenorem
538 1678 763 1720 praesentibus
789 1689 848 1721 pro
874 1680 970 1722 plene
989 1686 1020 1712 et
1044 1680 1107 1712 sus-

370 1728 517 1762 ticienter
543 1739 696 1772 expresso
723 1741 757 1762 ac
784 1731 822 1763 dc
848 1732 946 1764 verbo
972 1733 1009 1765 ad
1036 1743 1106 1765 ver-

370 1781 445 1813 bum
476 1781 600 1814 inserto
632 1783 744 1815 haberi
783 1784 951 1824 volumus,
978 1785 1106 1828 plenius

370 1834 569 1873 continetur3
589 1840 628 1873 et,
643 1835 723 1867 sicut
749 1846 807 1878 pro
825 1842 919 1879 parte
939 1839 1106 1871 venerabi-

370 1885 447 1918 lium
468 1887 600 1920 fratrum
620 1888 848 1931 cpiscoporum
867 1895 899 1922 et
913 1890 1105 1923 vicariorum

370 1939 620 1980 apostolicorum
655 1940 686 1972 in
715 1941 859 1983 partibus
888 1942 1105 1976 Orientalibus

371 1991 639 2024 commorantium
665 1992 760 2025 nobis
789 2003 894 2037 nuper
926 1995 1105 2037 expositum

370 2042 438 2082 suit,
456 2044 618 2082 nonnulli,
638 2044 787 2087 propriae
806 2046 919 2079 salutis
936 2047 1106 2081 immemo-

370 2105 436 2135 res,
456 2095 597 2138 ipsorum
620 2097 847 2140 cpiscoporum
867 2105 898 2132 et
914 2099 1104 2134 vicariorum

371 2149 622 2191 apostolicorum
648 2150 919 2192 iurisdictionem,
945 2163 999 2186 seu
1018 2153 1105 2186 illius

371 2201 555 2234 exercitium
581 2203 738 2245 impedire
770 2205 909 2238 audeant
933 2215 988 2238 seu
1014 2217 1106 2248 prae-

370 2259 517 2286 sumant:

415 2306 430 2348 g
454 2305 484 2338 2.
511 2305 573 2339 Nos
590 2334 597 2346 ,
624 2307 782 2342 eiusmodi
810 2310 1023 2346 temeritatem
1049 2323 1106 2356 op-

370 2359 511 2401 portuna
537 2359 705 2393 sanctione
731 2363 885 2395 cohibere
901 2390 908 2403 ,
935 2364 1105 2408 dictosque

372 2411 541 2455 episcopos
558 2417 590 2444 et
606 2413 741 2447 vicarios
760 2416 957 2458 apostolicos
972 2418 1103 2460 speciali

371 2466 477 2497 favore
491 2466 658 2508 prosequi,
677 2477 711 2499 ac
727 2468 759 2500 in
777 2469 837 2511 piis
858 2470 1103 2514 salubribusque

372 2528 483 2550 eorum
509 2518 621 2550 studiis
648 2519 685 2551 ad
712 2520 766 2552 Dei
803 2522 937 2563 gloriam
963 2528 991 2555 et
1019 2524 1105 2556 cbri-

371 2571 494 2604 stianae
532 2571 697 2614 religionis
734 2574 977 2619 catholicaeque
1014 2577 1102 2610 Fidei

1785 214 1849 248 485

1150 264 1384 298 incrementum
1410 273 1546 310 paterno
1572 270 1684 303 affectu
1710 272 1881 305 confovere

1149 317 1336 359 cupientes,
1374 324 1406 351 et
1445 330 1555 353 eorum
1586 323 1768 365 singulares
1808 335 1882 368 pcr-

1149 379 1245 402 sonas
1270 381 1286 402 a
1317 371 1483 414 quibusvis
1516 376 1879 417 excommunicationis,

1149 422 1373 464 suspensionis
1400 429 1431 456 et
1456 424 1640 465 interdicti,
1669 427 1806 471 aliisque
1833 440 1883 462 ec-

1148 473 1338 506 clcsiasticis
1369 477 1550 517 sententiis,
1575 480 1719 511 censuris
1743 485 1774 512 et
1805 491 1882 523 poe-

1149 525 1210 565 nis,
1233 536 1249 557 a
1266 526 1335 559 iure
1358 529 1405 561 vol
1432 529 1470 561 ab
1496 529 1637 569 bomine,
1656 532 1767 574 quavis
1792 542 1877 566 occa-

1148 577 1237 611 sione
1263 581 1311 612 vel
1341 584 1435 613 causa
1457 582 1536 622 latis,
1556 583 1580 615 si
1604 584 1721 626 quibus
1746 595 1883 627 quomo-

1149 629 1270 663 dolibet
1294 631 1466 666 innodatae
1495 634 1645 675 existunt,
1672 636 1710 669 ad
1735 636 1881 670 effectum

1149 684 1365 724 praesentium
1398 686 1564 719 dumtaxat
1593 690 1880 732 consequendum,

1150 735 1264 767 barum
1297 737 1379 770 serie
1414 739 1618 772 absolventes
1650 752 1687 774 ac
1721 742 1883 775 absolutas

1151 787 1218 819 sore
1242 796 1424 830 censentes,
1449 793 1741 835 supplicationibus
1770 806 1882 828 eorum

1150 840 1278 872 nomine
1305 842 1397 874 nobis
1423 853 1521 886 super
1542 845 1603 877 boc
1627 845 1793 879 humiliter
1814 857 1883 890 por-

1149 893 1244 924 rectis
1264 892 1429 933 inclinati,
1455 896 1492 927 de
1519 897 1722 938 particularis
1743 898 1884 942 Congre-

1149 943 1286 984 gationis
1303 947 1533 979 venerabilium
1550 949 1683 982 fratrum
1702 957 1883 985 nostrornm

1149 996 1177 1027 S.
1197 996 1231 1027 P..
1253 996 1286 1028 E.
1303 998 1515 1032 cardinalium
1538 1002 1675 1043 negotiis
1700 1003 1885 1047 Propagan-

1149 1048 1207 1081 dae
1241 1049 1326 1081 Fidei
1360 1053 1620 1094 praepositorum
1654 1065 1750 1098 super
1786 1057 1883 1090 rebus

1149 1099 1296 1134 Sinarum
1333 1103 1505 1146 deputatae
1532 1106 1691 1146 consilio,
1726 1109 1885 1151 praefatas

1150 1153 1268 1186 Urbani
1286 1156 1547 1197 praedecessoris
1563 1158 1687 1191 litteras
1702 1160 1796 1193 etiam
1812 1171 1886 1194 con-

1150 1211 1196 1238 tra
1217 1207 1431 1249 impedientes
1449 1209 1637 1243 exercitium
1652 1211 1884 1246 iurisdictionis

1150 1259 1308 1291 dictorum
1334 1260 1525 1294 vicariorum
1552 1264 1816 1306 apostolicorum,
1833 1277 1887 1299 eo-

1150 1322 1284 1354 rumque
1310 1314 1533 1355 operariorum
1559 1315 1591 1347 in
1624 1317 1800 1359 provinciis
1824 1319 1885 1352 sibi

1150 1375 1166 1396 a
1183 1368 1292 1397 sancta
1308 1365 1388 1399 Sede
1406 1367 1583 1410 assignatis,
1601 1370 1791 1403 auctoritate
1810 1382 1886 1414 apo-

1150 1417 1274 1456 stolica,
1304 1424 1414 1451 tenore
1430 1421 1660 1462 praesentium,
1681 1424 1884 1457 extendimus

1149 1475 1177 1503 ct
1205 1472 1408 1513 ampliamus.

1193 1522 1255 1565 §.3
1291 1523 1507 1558 Decernentes
1536 1527 1665 1560 easdem
1697 1535 1886 1572 praesentes

1150 1575 1273 1608 litteras
1297 1586 1425 1619 semper
1448 1577 1569 1618 firmas,
1596 1580 1717 1614 validas
1735 1587 1764 1614 et
1783 1582 1885 1615 effica-

1149 1638 1201 1660 ces
1227 1629 1367 1661 existere
1393 1635 1426 1662 ct
1453 1631 1531 1670 fore,
1557 1642 1696 1675 suosque
1720 1635 1883 1676 plenarios

1149 1685 1182 1712 et
1204 1680 1349 1723 integros
1374 1682 1506 1716 ellectus
1529 1684 1637 1717 sortiri
1670 1691 1701 1719 et
1726 1687 1885 1729 obtinere,

1149 1743 1184 1764 ac
1208 1732 1247 1765 ab
1272 1733 1336 1766 illis
1360 1735 1399 1767 ad
1425 1746 1506 1778 quos
1532 1743 1655 1779 spectat
1677 1744 1708 1771 et
1724 1749 1783 1782 pro
1807 1745 1887 1773 tem-

1149 1796 1226 1828 pore
1251 1787 1429 1829 spectabit,
1462 1788 1698 1824 inviolabiliter
1721 1797 1753 1824 et
1776 1792 1887 1826 incon-

1149 1849 1238 1871 cusse
1264 1840 1447 1879 observari,
1467 1841 1576 1885 sicque
1595 1848 1627 1875 et
1644 1854 1709 1876 non
1735 1845 1828 1878 aliter
1852 1846 1885 1879 in

1149 1891 1332 1933 praemissis
1357 1902 1415 1935 per
1440 1903 1661 1938 quoscumque
1684 1896 1807 1931 iudices
1832 1909 1882 1931 01·-

1149 1943 1291 1977 dinarios
1316 1949 1348 1977 et
1373 1945 1560 1988 delegatos,
1586 1948 1682 1981 etiam
1714 1960 1882 1984 causarum

1148 1997 1257 2039 palatii
1272 1998 1442 2040 apostolici
1461 2000 1637 2041 auditoreS,
1656 2002 1776 2036 aliosve
1793 2016 1885 2048 qnos—

1149 2049 1226 2081 libet
1251 2060 1453 2094 quacumque
1490 2054 1747 2095 praeeminentia
1772 2062 1803 2089 et
1827 2068 1886 2100 po—

1149 2107 1265 2135 testate
1290 2102 1463 2145 sungentes
1490 2111 1520 2137 et
1546 2106 1732 2148 suncturos,
1759 2109 1885 2142 sublata

1149 2154 1194 2186 eis
1220 2160 1252 2187 et
1275 2166 1386 2188 eorum
1423 2157 1556 2190 cuilibet
1585 2161 1696 2202 quavis
1722 2162 1815 2195 aliter
1839 2163 1887 2195 iu-

1149 2207 1277 2240 dicandi
1303 2214 1335 2241 et
1358 2208 1593 2253 interpretandi
1612 2212 1763 2247 facultate
1788 2220 1820 2248 ct
1836 2226 1886 2248 au-

1150 2261 1309 2301 ctoritate,
1329 2261 1465 2295 iudicari
1492 2269 1524 2296 et
1548 2264 1674 2298 definiri
1701 2267 1830 2306 debere,
1849 2279 1886 2301 ac

1149 2313 1274 2346 irritum
1307 2320 1338 2347 et
1362 2315 1457 2348 inane
1482 2316 1505 2350 si
1545 2327 1636 2350 secus
1661 2329 1761 2362 super
1792 2320 1842 2352 his
1867 2331 1885 2353 a

1125 2397 1127 2408 Ι
1149 2377 1322 2409 quoquam,
1334 2368 1446 2410 quavis
1464 2370 1664 2413 auctoritate,
1681 2372 1821 2406 scienter
1832 2374 1881 2406 vel

1148 2418 1345 2461 ignoranter,
1379 2421 1554 2464 contigerit
1577 2424 1739 2457 attentari.

1191 2473 1205 2515 ξ
1229 2472 1260 2504 Ιι.
1287 2472 1355 2505 Non
1374 2472 1577 2509 obstantibus
1597 2477 1880 2511 constitutionibus

1147 2530 1178 2557 et
1212 2526 1470 2560 ordinationibus
1506 2530 1710 2571 apostolicis,
1752 2541 1878 2564 necnon

1146 2578 1293 2611 omnibus
1318 2585 1348 2612 et
1373 2580 1507 2624 singulis
1533 2582 1595 2615 illis
1625 2593 1705 2627 quae
1724 2595 1879 2618 memora-

1894 224 1941 251 An.
1959 223 1987 250 C.
2011 224 2077 251 1072

1922 1543 2036 1564 Derrvuun
2051 1550 2078 1564 u·-

1895 1571 1968 1590 filans.

1910 2486 2027 2509 Contrariis
2039 2488 2075 2510 de·

1890 2517 1957 2540 rogat.
