2279 3260
484 212 547 245 706
1033 220 1129 243 BULLA
1137 219 1211 243 niun
1238 219 1387 243 ROMANUM

438 274 589 308 Habitum
621 282 678 306 seu
712 271 927 316 scapularium
961 270 1013 303 SS.
1043 270 1207 304 Trinitatis
1240 270 1467 315 redemptionis
1498 273 1694 317 captivorum
1727 273 1976 318 suscipientibus

524 325 758 368 indulgentiam
784 324 960 369 plenariam
987 323 1145 357 concessit
1170 323 1288 357 Paulus
1313 324 1349 363 V,
1376 323 1439 358 388
1463 336 1493 359 α.

438 379 589 414 Habitum
614 378 713 412 Tertii
738 378 866 412 Ordinis
891 377 921 410 S.
947 376 1108 410 Francisci
1134 377 1281 421 personis
1306 378 1523 412 saecularibus
1547 380 1730 415 conferendi
1757 380 1805 414 ius
1830 380 1976 416 convenit

527 433 622 466 etiam
648 431 869 476 CappucciniS,
889 428 953 463 540
977 429 994 462 b
1018 435 1047 463 et
1071 441 1133 473 seq.

438 486 653 521 llibcrnorum
679 485 850 528 collegium
876 484 914 517 de
940 483 1036 523 Urbe,
1062 484 1132 517 vido
1155 482 1286 527 Collegii
1311 483 1515 526 Graecorum,
1539 490 1598 518 etc.

438 539 620 583 Hospitium
647 538 782 581 erigitur
807 537 838 569 in
856 537 939 570 Urbe
964 547 1022 580 pro
1048 536 1171 571 noviter
1195 537 1235 570 ad
1261 536 1357 570 sidem
1382 537 1557 578 conversis,
1574 538 1639 571 545
1664 550 1684 573 α
1708 545 1738 574 et
1760 552 1845 584 seq.;
1872 541 1978 584 hospi-

527 592 607 626 tium
632 590 831 635 praedictum
868 590 1050 624 declaratur
1076 590 1256 626 membrum
1290 590 1398 635 palatii
1431 591 1613 635 apostolici,
1643 592 1744 634 ibide,
1768 593 1978 628 committitur

526 645 625 689 ipsius
652 643 886 677 administratio
916 644 1099 686 particulari
1125 644 1369 688 congregationi
1390 655 1463 678 cum
1481 645 1630 679 facultate
1657 651 1774 680 statuta
1803 646 1974 688 condendi,

527 697 589 731 547
619 697 648 737 ἰν,
674 696 814 740 hospitio
839 697 942 730 eidem
975 702 1005 730 et
1031 696 1210 742 hospitibus
1240 697 1462 731 conceduntur
1496 697 1604 731 omnia
1637 698 1823 743 privilegia,
1859 700 1977 743 quibus

529 750 670 794 gaudent
696 750 848 794 palatium
874 751 1087 795 apostolicum
1118 756 1149 784 et
1180 750 1224 783 illi
1250 750 1304 794 qui
1334 750 1486 784 Romanis
1511 750 1720 784 Pontificibus
1748 761 1806 795 pro
1834 757 1979 796 tempore

528 803 715 845 inserviunt,
745 802 809 836 568
841 814 879 843 α’,
909 803 1050 847 hospitio
1077 803 1109 836 in
1136 803 1248 837 eodem
1275 803 1479 844 decedentes,
1504 809 1535 838 et
1562 809 1646 837 certa
1671 810 1878 847 praestantes,
1904 804 1979 838 item

529 856 723 900 recipiendis
747 856 926 901 hospitibus
946 856 1095 890 destinati
1115 856 1265 897 ministri,
1289 856 1408 900 aliique
1433 856 1466 889 in
1491 856 1577 890 dicto
1600 857 1738 901 hospitio
1763 856 1924 901 degentes,
1947 856 1980 890 in

529 909 597 954 ipso
621 910 779 953 ingressu,
807 910 1041 953 indulgentiam
1067 909 1245 953 plenariam
1270 916 1521 953 consequuntur,
1547 909 1625 943 ibid.

440 962 637 997 Humhertus
663 962 900 1006 Praecipianus,
926 963 998 996 vide
1021 962 1229 1006 Guglielmus.

440 1016 661 1060 Hungaricum
688 1015 872 1060 collegium,
900 1016 972 1049 vide
996 1015 1170 1060 Collegium
1195 1016 1417 1052 Germanicum
1443 1021 1474 1051 et
1496 1016 1718 1061 Hungaricum
1743 1015 1781 1051 de
1805 1014 1899 1052 Urbe.

1198 1167 1210 1201 l

439 1283 571 1317 lacobus
597 1282 770 1317 cardinalis
795 1282 1026 1327 Rospigliosius
1051 1288 1200 1327 procurat
1226 1288 1256 1317 et
1280 1282 1385 1326 signat
1404 1282 1610 1317 concordiam
1635 1284 1716 1318 inter
1746 1286 1859 1320 fratres
1883 1286 1981 1320 Mino-

526 1346 577 1369 res
602 1336 824 1381 Cappuccinos
857 1342 889 1370 et
921 1337 1034 1369 fratres
1067 1336 1161 1370 Tertii
1194 1335 1321 1369 Ordinis
1355 1336 1616 1380 Congregationis
1642 1337 1847 1381 Gallicanae,
1874 1338 1932 1373 541
1962 1351 1983 1374 α

527 1396 558 1424 et
582 1400 672 1434 seq.·,
698 1395 747 1424 est
771 1399 854 1423 unus
888 1400 904 1423 e
937 1389 1154 1423 cardinalibus
1188 1389 1423 1434 protectoribus
1449 1390 1579 1435 Collegii
1604 1391 1784 1426 Germanici
1809 1393 1847 1426 de
1872 1392 1978 1434 Urbe,

528 1441 591 1476 543
616 1442 643 1476 b.

440 1493 574 1531 Iacobus
599 1494 780 1540 patriarcha
813 1494 1031 1530 Antiochenus
1064 1496 1222 1531 lethaliter
1253 1507 1270 1529 a
1302 1496 1468 1530 nonnullis
1492 1497 1672 1541 iniquitatis
1697 1497 1771 1533 filiis
1796 1499 1981 1534 vulneratus

528 1550 561 1583 in
586 1548 681 1587 Urbe,
708 1548 773 1583 372
798 1549 832 1589 b;
857 1559 1064 1594 percussores
1089 1550 1420 1589 excommunicantur,
1445 1548 1509 1583 373
1533 1561 1554 1583 α
1577 1556 1609 1584 et
1633 1561 1695 1595 seq.

437 1601 570 1637 Iacobus
596 1602 756 1642 Quintana
786 1613 804 1635 a
835 1601 906 1635 Iesu
931 1602 1029 1636 Maria
1053 1603 1151 1636 frater
1177 1604 1336 1646 professus
1361 1603 1488 1637 Ordinis
1514 1605 1670 1638 Minorum
1695 1605 1725 1639 S.
1753 1605 1914 1641 Francisoi
1940 1606 1980 1640 de

526 1655 743 1696 observantia,
770 1655 1010 1689 commissarius
1036 1661 1067 1690 et
1092 1663 1283 1700 procurator
1307 1656 1444 1690 familiae
1474 1658 1721 1699 Terrasanotae,
1747 1658 1789 1693 39
1814 1659 1856 1700 ἶν’,
1880 1658 1923 1694 66
1946 1670 1977 1693 α.

438 1708 602 1743 Ianuensis
626 1709 781 1742 ecclesiae
805 1709 875 1742 iura
900 1714 1008 1742 tuetur
1032 1709 1189 1750 Pontifex,
1215 1708 1279 1743 3:38
1304 1709 1320 1741 b
1345 1716 1371 1743 et
1398 1721 1460 1754 seq.

438 1763 578 1807 Ignatius
597 1762 705 1808 Cipres
723 1762 756 1796 in
773 1762 941 1797 officialem
960 1772 1128 1796 causarum
1146 1763 1271 1807 piarum
1290 1763 1442 1797 ecclesiae
1459 1762 1773 1808 Caesaraugustanae
1786 1764 1876 1799 irrito
1892 1776 1981 1810 pror-

525 1827 579 1851 sus
603 1822 721 1851 conatu
747 1826 763 1849 a
788 1816 951 1850 iudicibus
978 1816 1145 1851 laicalibus
1171 1818 1247 1851 sede
1270 1823 1402 1853 vacante
1427 1817 1614 1862 deputatus,
1641 1818 1706 1854 500
1729 1830 1750 1853 α
1774 1825 1806 1854 et
1828 1830 1892 1864 seq.

437 1871 576 1915 Ignatius
600 1870 731 1904 Valente
755 1876 947 1905 conventum
972 1870 1106 1904 civitatis
1130 1871 1290 1916 Lyciensis
1306 1871 1436 1906 Ordinis
1454 1871 1484 1906 S.
1506 1872 1673 1915 Augustini
1697 1872 1868 1907 haeredem
1893 1873 1980 1908 insti-

526 1923 600 1963 tuit,
626 1922 686 1957 351
715 1923 743 1956 b.

438 1977 628 2011 Immunitas
654 1982 685 2010 et
709 1976 840 2010 libertas
864 1977 1089 2019 ecclesiastica,
1116 1977 1180 2012 368
1206 1978 1243 2019 b;
1271 1984 1381 2013 contra
1408 1979 1536 2014 illarum
1561 1980 1799 2024 perturbatores
1815 1980 1979 2015 decretum

527 2030 646 2064 Urbani
670 2029 737 2063 Vttl
762 2030 908 2071 refertur,
931 2030 996 2064 369
1020 2043 1040 2064 a
1066 2037 1097 2065 et
1122 2042 1207 2076 seq.;
1230 2032 1449 2073 confirmatur,
1473 2033 1552 2067 ibid.
1578 2033 1595 2066 b
1620 2039 1651 2067 et
1675 2044 1736 2077 seq.

437 2083 652 2128 Impedientes
676 2093 838 2117 accessum
864 2084 1140 2120 missionariorum
1166 2085 1205 2120 ad
1230 2086 1394 2130 Iaponiam
1411 2093 1442 2120 et
1458 2086 1521 2120 alia
1539 2096 1639 2130 regna
1664 2085 1829 2120 lndiarum
1853 2097 1980 2122 excom-

526 2137 744 2179 municantur,
771 2136 835 2172 486
861 2138 888 2171 b.

438 2190 719 2236 Impetrationibus
743 2202 784 2224 ne
808 2191 879 2236 quis
904 2197 1024 2229 utatur,
1049 2203 1104 2227 seu
1122 2204 1162 2227 ne
1188 2193 1335 2238 impetret
1360 2204 1377 2227 a
1396 2193 1541 2227 Romana
1565 2192 1670 2234 Curia,
1695 2193 1900 2237 prohibentes
1924 2203 1980 2228 seu

526 2246 738 2290 impedientes
763 2246 1097 2288 excommunicantur,
1120 2247 1181 2281 ’177
1200 2248 1217 2280 b
1241 2254 1272 2282 et
1295 2258 1357 2292 seq.

439 2298 601 2334 Indiarum
627 2297 854 2339 Orientalium,
881 2299 1012 2340 Chia-ae,
1037 2300 1240 2346 aliorumque
1272 2301 1417 2335 locorum
1442 2299 1638 2335 missionarii
1661 2311 1726 2335 non
1751 2306 1902 2336 tenentur
1921 2302 1982 2335 Lu-

529 2352 679 2386 sitaniam
705 2353 907 2396 pertransire,
932 2353 994 2386 457
1021 2365 1040 2386 α
1067 2361 1098 2388 et
1122 2366 1181 2399 seq.

440 2406 575 2441 Indictio
601 2406 790 2439 universalis
814 2406 945 2439 Iubilaei
970 2406 1062 2440 initio
1087 2408 1294 2452 pontificatus
1319 2407 1490 2442 Clementis
1516 2407 1553 2447 X,
1579 2405 1621 2440 52
1645 2417 1666 2440 a
1690 2412 1720 2442 et
1743 2418 1816 2452 seqs,
1840 2407 1914 2442 item
1941 2408 1980 2442 ad

529 2460 671 2493 diuinam
706 2470 799 2503 opem
830 2460 1066 2504 implorandam
1099 2468 1210 2495 contra
1244 2461 1381 2503 Turcas,
1414 2460 1480 2495 364
1511 2471 1531 2494 α
1562 2467 1592 2495 et
1623 2471 1706 2506 seq.;
1737 2471 1819 2496 nova
1851 2461 1979 2496 iubilaei

531 2513 665 2547 indictio
690 2513 764 2547 anni
789 2514 889 2548 sancti
917 2523 1075 2555 nnctxxv,
1103 2514 1166 2548 476
1191 2515 1208 2546 b
1232 2520 1261 2548 et
1284 2525 1346 2559 seq.

439 2566 643 2612 Indulgentia
667 2568 700 2602 in
723 2568 857 2602 ecelesia
881 2569 982 2603 sancti
1007 2568 1119 2612 Angeli
1144 2569 1291 2603 Custodis
1308 2568 1346 2603 de
1366 2569 1451 2604 Urbe
1476 2570 1667 2605 transfertur
1683 2581 1700 2604 a
1716 2569 1859 2605 secunda
1876 2569 1979 2605 domi-

528 2623 600 2655 nica
624 2622 662 2655 ad
688 2622 770 2656 diem
797 2623 969 2657 secundam
995 2623 1146 2665 octobris,
1169 2622 1232 2658 3227
1259 2624 1275 2656 b
1300 2629 1331 2657 et
1354 2634 1414 2668 seq.
