2279 3260
140 236 190 263 Αῐι.
211 235 240 263 C.
257 235 326 265 1675

333 284 503 327 habentes,
514 289 603 318 motu
613 284 746 328 proprio
760 293 796 317 ac
810 292 847 317 ex
862 285 948 317 certa
965 282 1064 316 scicn-

333 339 376 372 tia
400 343 432 372 et
451 339 577 372 matura
601 337 837 371 deliberatione
861 336 990 376 nostris,
1012 335 1066 369 (le-

332 401 393 434 que
418 391 615 434 apostolicae
639 390 809 433 potestatis
838 389 1063 433 plenitudine,

331 444 507 487 praefatam
531 443 707 476 custodiam
729 443 762 475 in
786 453 901 476 novam
935 441 1065 485 provin-

332 497 413 529 ciam
438 497 573 529 fratrum
598 496 866 529 Discalceatorum
890 495 1064 538 Hispaniae

332 540 408 582 dicti
434 548 583 588 Ordinis,
612 558 696 592 quae
724 548 892 591 provincia
920 548 951 580 S.
978 546 1063 579 Petri

331 601 372 634 de
397 601 564 635 Alcantara
588 600 679 643 regni
704 601 855 644 Neapolis
884 599 1064 642 nuncupari

331 654 462 695 debeat,
481 665 518 688 ac
539 655 680 698 capitula
698 654 909 697 provincialia
926 663 984 697 pro
1009 653 1066 685 rni-

331 706 423 739 nistri
458 707 686 750 provincialiS,
712 706 854 740 custodis
889 710 921 739 et
955 705 1066 738 defini-

332 764 442 792 torum
489 760 692 802 aliorumque
739 759 923 792 officialium
966 757 1066 800 ipsius

332 812 517 855 provinciae
542 810 728 852 electione¹,
747 821 783 844 ac
799 810 1067 854 congregationes

331 865 477 909 aliosque
516 875 711 907 congressus
751 864 896 897 adinstar
933 864 1066 896 aliarum

332 918 573 961 provinciarum
604 917 733 950 Ordinis
770 916 957 949 huiusmodi
989 917 1068 949 cele-

331 971 439 1011 brare,
464 981 500 1003 ac
525 970 673 1003 omnibus
710 974 741 1002 et
776 969 912 1011 singulis
943 978 1068 1011 praero-

332 1023 456 1066 gativis,
482 1021 757 1065 praeeminentiis‚
782 1021 918 1060 iuribus,
954 1020 1064 1053 oneri-

331 1076 402 1116 bus,
426 1074 616 1118 privilegiiS,
643 1073 754 1116 gratiis
778 1078 810 1106 et
833 1072 979 1113 indultis,
1000 1073 1069 1115 qui-

330 1127 391 1160 bus
428 1126 510 1159 aliae
549 1125 695 1159 eiusdem
719 1125 846 1158 Ordinis
882 1125 1068 1168 provinciae

330 1185 395 1212 tam
411 1179 451 1212 de
468 1180 547 1219 iure,
566 1189 627 1211 usu
646 1184 677 1211 et
701 1179 947 1218 consuetudine,
973 1188 1068 1221 quam

331 1232 411 1265 alias
429 1230 679 1275 quomodolibet
703 1237 845 1271 utuntur,
864 1232 1014 1264 fruuntur
1039 1236 1070 1264 et

332 1285 485 1327 gaudent,
513 1294 549 1317 ac
570 1284 628 1323 uti,
645 1283 707 1315 srui
726 1289 757 1316 et
775 1284 915 1326 gaudere
934 1289 1071 1327 possunt

333 1342 365 1369 et
390 1342 543 1380 poterunt
567 1337 600 1368 in
626 1337 774 1375 futurum,
797 1336 1016 1379 parit‘ormiter
1039 1341 1070 1369 et

333 1389 456 1432 absque
487 1390 553 1422 ulla
582 1399 714 1431 prorsus
748 1388 940 1428 differentia,
961 1395 992 1422 et
1021 1389 1067 1421 si-

333 1447 472 1484 gnanter
484 1441 559 1481 illis,
571 1451 652 1484 quae
666 1441 840 1484 provinciis
854 1441 987 1474 fratrum
1003 1441 1069 1474 Dis-

333 1495 550 1527 calceatorum
574 1494 749 1537 Hispaniae
779 1494 907 1526 Ordinis
934 1495 1069 1538 praefati

334 1559 351 1582 a
370 1549 536 1591 quibusvis
564 1548 718 1581 Romanis
747 1548 957 1581 Pontificibus
980 1559 1071 1592 prae-

335 1601 561 1634 decessoribus
580 1601 712 1641 nostris,
732 1611 768 1633 ac
784 1602 976 1644 praesertim
993 1612 1010 1634 a
1026 1602 1071 1634 se-

335 1653 406 1687 licis
424 1653 662 1686 recordationis
680 1653 811 1685 Urbano
830 1653 887 1685 PP.
900 1653 963 1686 VIII
982 1664 1071 1696 prac-

336 1708 506 1740 decessore
531 1707 653 1749 pariter
683 1712 809 1747 nostro,
834 1716 893 1750 per
916 1707 1070 1749 quasdam

335 1769 408 1792 suas
424 1759 457 1791 in
472 1759 573 1791 forma
591 1759 697 1791 Brevis
711 1759 844 1798 litteras,
862 1769 995 1801 quarum
1013 1759 1071 1792 ini-

336 1812 415 1848 tium
427 1811 508 1845 Cum
521 1817 652 1851 ea,etc.‚
670 1812 721 1843 die
738 1821 797 1844 xxv
815 1811 895 1843 iunii
912 1821 1072 1845 iuncxxmx

337 1865 515 1907 expeditas,
539 1875 694 1897 concessa
718 1870 802 1905 sunt,
817 1874 945 1897 necnon
970 1866 1073 1898 omni-

335 1918 395 1950 bus
420 1922 451 1950 et
482 1917 617 1959 singulis
651 1917 793 1957 indultis,
830 1917 1010 1960 privilegiis
1042 1923 1073 1951 et

337 1970 450 2013 gratiis
477 1969 642 2003 custodiae
667 1970 851 2013 praedictae
868 1980 885 2002 a
904 1970 999 2003 nobis
1016 1981 1074 2014 per

337 2022 451 2066 quinas
469 2022 594 2055 litteras
612 2023 814 2065 supradictas
829 2023 1075 2066 quomodolibet

339 2075 516 2115 concessis,
541 2080 574 2108 ct
597 2075 711 2118 quibus
736 2076 882 2108 custodia
907 2076 977 2118 ipsa
1000 2076 1075 2109 bac-

339 2134 434 2160 tenus
456 2128 565 2170 gavisa
590 2133 647 2167 est,
672 2128 730 2167 uti,
748 2128 821 2168 frui,
838 2128 935 2171 potiri
954 2134 984 2161 et
1001 2140 1076 2171 gau-

342 2180 420 2212 dere
439 2180 541 2213 libere
563 2180 697 2213 et'licite
714 2180 822 2223 possit
842 2186 873 2213 et
893 2182 997 2214 valeat
1018 2182 1075 2224 (ita

341 2238 449 2265 tamen
469 2238 504 2265 ut
528 2243 611 2265 nova
635 2233 803 2276 provincia
826 2234 1013 2267 huiusmodi
1032 2235 1076 2267 fa-

341 2287 460 2319 cultate
484 2286 640 2319 fundandi
659 2292 692 2320 et
708 2287 854 2329 erigendi
880 2297 981 2320 novos
1004 2298 1077 2320 con-

341 2343 454 2371 ventus
490 2339 529 2372 de
565 2340 634 2372 sola
659 2339 902 2373 Ordinariorum
935 2340 1074 2380 licentia,

342 2401 425 2434 quae
451 2391 553 2424 dictae
579 2391 742 2424 custodiae
774 2392 966 2425 auctoritate
1000 2403 1076 2436 apo-

342 2443 455 2476 stolica
474 2453 627 2476 concessa
644 2444 817 2487 reperitur,
839 2444 968 2477 nonnisi
985 2445 1018 2477 in
1034 2446 1077 2478 lo-

343 2496 399 2536 eis,
432 2496 466 2528 in
504 2495 621 2538 quibus
653 2496 766 2529 fratres
802 2497 841 2530 de
865 2497 1093 2531 Observantia

380 2613 390 2638 1
413 2611 478 2638 Male
498 2611 560 2638 edit,
583 2611 659 2638 Main.
680 2612 745 2646 legit
764 2613 913 2641 electiones
930 2614 967 2649 (a.
986 2615 1035 2649 T.).

944 232 1087 260 omitt-:NS
1107 233 1126 258 7<
1150 234 1199 259 1³1³.

1728 227 1792 261 5353
1838 237 1888 264 An.
1908 235 1937 264 c.
1961 237 2029 263 1675

1106 284 1153 316 vel
1180 282 1353 318 Rctbrrnati
1375 286 1547 328 nuncupati
1567 285 1694 318 Ordinis
1718 286 1842 329 praedi-

1107 336 1146 368 cti
1172 347 1237 370 non
1259 337 1333 377 sint,
1350 337 1396 370 uti
1410 339 1540 381 valeat),
1562 343 1674 372 tenore
1693 349 1840 382 praesen-

1108 389 1198 430 tium,
1211 389 1279 423 sine
1297 390 1483 434 cuiusquam
1498 391 1709 434 praeiudicio,
1723 391 1753 424 in
1766 402 1840 435 per-

1106 447 1239 485 petuum
1265 443 1417 485 erigimus
1435 448 1466 476 ct
1491 443 1699 476 instituimus.

1108 532 1117 542 Ι
1150 494 1220 538 53.
1247 495 1418 529 Praeterea
1453 501 1568 529 statuta
1601 501 1632 529 et
1662 496 1841 529 ordinatio-
1878 509 2033 538 sianum-tnr-

1106 558 1163 580 nes
1188 558 1246 591 pro
1275 548 1358 581 felici
1394 558 1616 592 prosperoque
1642 549 1745 582 dictae
1771 537 2033 587 cus-‘ghlsslffifitfff,5525ss

1108 601 1214 633 todiac
1240 595 1397 643 regimine
1418 606 1450 634 et
1467 602 1624 643 gubernio
1655 602 1736 635 sicut
1753 588 2034 645 prae-22:2¹6&ii.'‚'¹‘'¹21'.¹,”.

1107 653 1242 686 mittitur
1267 655 1351 687 sacta
1385 659 1481 697 atque
1515 655 1612 695 edita,
1651 666 1735 698 quae
1772 643 2036 698 (utississjiistimcdlii?

1108 706 1231 749 pariter
1266 706 1468 750 accepimus)
1494 717 1511 739 a
1535 713 1712 740 memorato
1748 695 1903 740 Fran-‘¹¹⁸¹'

1108 758 1194 790 cisco
1230 758 1385 801 episcopo
1421 759 1577 792 cardinali
1604 765 1636 792 ct
1656 765 1842 802 protectore

1109 810 1289 843 examinata
1314 816 1345 843 et
1369 812 1547 853 approbata
1578 812 1719 853 suerunt,
1755 813 1845 845 dum-

1109 863 1203 895 modo
1230 867 1336 895 tamen
1361 863 1460 895 sacris
1485 863 1664 897 canonibus
1690 870 1744 897 aut
1768 864 1846 898 Con-

1109 914 1173 947 cilii
1193 914 1376 947 Tridentini
1402 916 1541 949 decretis
1567 918 1616 949 vel
1645 917 1845 950 constitutio-

1110 966 1204 999 nibus
1228 972 1259 999 e't
1282 967 1542 1001 ordinationibus
1575 970 1760 1013 apostolicis
1792 975 1847 1002 aut

1111 1019 1312 1061 regularibus
1338 1019 1415 1052 dicti
1441 1020 1568 1053 Ordinis
1600 1021 1754 1055 institutis
1780 1032 1846 1055 non

1111 1071 1329 1111 adversentur,
1363 1073 1554 1105 auctoritate
1580 1074 1768 1116 apostolica,
1792 1075 1847 1107 ha-

1112 1134 1181 1156 rum
1204 1123 1296 1164 serie,
1315 1129 1477 1167 perpetuo
1494 1127 1710 1169 approbamus
1728 1132 1760 1159 et
1775 1137 1849 1160 eon-

1112 1176 1284 1217 lirmamus,
1311 1177 1441 1220 illisque
1473 1178 1671 1211 inviolabilis
1695 1180 1850 1222 apostoli-

1113 1240 1168 1262 cae
1192 1230 1354 1263 firmitatis
1386 1231 1488 1264 robur
1522 1231 1699 1272 adiicimus,
1734 1233 1851 1265 acilia

1112 1282 1219 1314 omnia
1244 1287 1276 1315 ct
1306 1283 1432 1325 singula
1464 1293 1524 1326 per
1559 1284 1756 1327 superiores,
1790 1286 1853 1317 sra-

1114 1341 1177 1368 tres
1221 1341 1253 1367 et
1288 1345 1446 1379 personas
1486 1347 1707 1381 quascumque
1748 1338 1852 1371 dictae

1113 1399 1213 1421 novae
1237 1389 1425 1432 provinciae
1451 1389 1496 1422 sic
1520 1401 1538 1423 a
1561 1391 1656 1423 nobis
1673 1396 1799 1424 erectae
1820 1397 1852 1424 et

1112 1442 1277 1475 institutae
1302 1443 1469 1486 perpetuis
1500 1443 1615 1476 suturis
1647 1445 1850 1487 temporibus

1114 1495 1343 1528 inviolabiliter
1375 1497 1539 1529 observari
1577 1497 1704 1538 debere,
1731 1498 1849 1530 statui-

1113 1558 1181 1580 mus
1217 1559 1253 1580 ac
1277 1548 1493 1592 praecipimus
1519 1554 1551 1582 et
1574 1550 1774 1588 ordinamus.

1156 1601 1226 1643 gli.
1255 1601 1355 1634 Porro
1387 1601 1493 1634 eidem
1529 1612 1629 1635 novae
1665 1604 1851 1646 provinciae
1888 1613 1961 1644 Enim
1977 1620 2044 1635 nomn

1114 1655 1152 1686 de
1178 1654 1305 1687 idoneis
1329 1654 1478 1687 ministro
1504 1655 1693 1698 provinciali
1718 1661 1749 1689 et
1773 1656 1850 1690 defi·
1860 1646 1984 1692 lllss'fflss'ss'fnlss
2000 1648 2045 1696 ‚³:522

1114 1706 1287 1745 nitoribus,
1301 1717 1439 1749 quorum
1463 1710 1562 1750 opera
1587 1709 1751 1751 provincia
1771 1709 1850 1752 ipsa,
1861 1693 2046 1753 Elssss'{‘¹‘³}1,‘¹1313{?0'

1114 1759 1297 1802 adspirante
1322 1760 1452 1802 superni
1478 1760 1596 1794 favoris
1621 1761 1750 1802 auxilio,
1765 1746 2007 1802 sa111-l1‘2ssj'n'ff3'rilts
2018 1748 2046 1791 2⁴3}

1115 1811 1217 1844 briter
1242 1811 1409 1854 dirigatur,
1436 1813 1497 1845 hac
1522 1813 1624 1855 prima
1650 1814 1719 1847 vice
1742 1798 2046 1857 pi*0vi-i{1¹r‘1¹}.⁰¹¹¹¹¹¹⁶”‘³⁴

1116 1865 1194 1897 dere
1227 1865 1415 1907 cupientes,
1449 1876 1485 1898 ae
1509 1866 1548 1898 de
1582 1868 1727 1909 spectata
1756 1867 1855 1900 infra-

1116 1917 1309 1960 scriptorum
1334 1917 1559 1960 religiosorum
1581 1919 1652 1959 fide,
1666 1919 1852 1962 prudentia,

1117 1969 1284 2010 charitate,
1309 1970 1508 2012 integritate,
1534 1971 1700 2013 vigilantia
1720 1977 1756 2005 'et
1779 1973 1855 2006 reli-

1117 2022 1221 2065 gionis
1246 2023 1316 2055 zelo
1344 2023 1521 2066 plurimum
1548 2023 1581 2056 in
1610 2024 1747 2057 Domino
1776 2035 1852 2058 con-

1118 2075 1175 2116 fisi,
1197 2076 1332 2109 dilectos
1369 2076 1453 2109 filios
1477 2077 1632 2110 Ioannem
1656 2088 1673 2110 a
1697 2077 1728 2110 S.
1756 2078 1851 2112 Maria

1118 2128 1205 2161 verbi
1230 2128 1284 2161 Dei
1311 2129 1583 2172 praedicatorem,
1609 2130 1662 2173 qui
1684 2136 1802 2171 custos,
1819 2131 1852 2163 in

1118 2181 1298 2213 ministrum
1319 2182 1564 2224 provincialem,
1586 2193 1623 2215 ac
1643 2182 1851 2216 Franciscum

1119 2234 1295 2266 Antonium
1313 2245 1329 2266 a
1347 2235 1509 2275 Passione,
1523 2235 1676 2268 Iacobum
1695 2246 1712 2267 a
1729 2236 1759 2269 S.
1779 2236 1854 2269 Lau-

1119 2287 1234 2327 rentio,
1260 2287 1376 2320 Lucam
1402 2298 1419 2320 a
1443 2287 1473 2320 S.
1494 2287 1625 2329 Didaco‚
1642 2292 1673 2321 et
1696 2288 1852 2322 Ioannem

1119 2351 1137 2372 a
1161 2339 1273 2380 Cruee,
1299 2341 1353 2382 qui
1378 2340 1564 2373 definitores
1597 2342 1740 2374 actuales
1764 2351 1855 2384 prae-

1122 2394 1203 2426 fatae
1228 2393 1392 2426 custodiae
1424 2404 1441 2426 a
1474 2393 1559 2426 dicto
1584 2394 1758 2427 Francisco
1784 2394 1853 2437 epi-

1119 2456 1218 2489 scopo
1236 2446 1393 2479 cardinali
1413 2452 1445 2480 et
1468 2452 1654 2490 protectore
1677 2447 1852 2493 novissime

1119 2500 1259 2533 instituti
1284 2501 1425 2541 suerunt,
1442 2501 1475 2533 in
1494 2501 1682 2535 definitores
1704 2501 1852 2534 eiusdem

1119 2564 1220 2586 novae
1255 2554 1441 2597 provinciae
1472 2553 1516 2587 sic
1549 2565 1566 2587 a
1590 2554 1685 2590 nobis
1723 2559 1850 2587 erectae

1119 2606 1299 2650 respective
1317 2608 1355 2640 ad
1376 2606 1550 2640 triennium
1567 2607 1760 2651 proximum,
1779 2617 1850 2640 cum
