2279 3260
925 253 1019 276 INDEX
1047 250 1247 276 utuntcant'tt

409 317 536 340 morum
574 311 604 338 et
643 304 853 347 collegiorum
894 303 1062 338 Societatis

407 361 487 399 lesu,
512 357 588 391 328.

319 414 416 446 tll'lll.
445 412 603 445 Statutum
637 421 696 454 pro
724 410 978 453 Congregatione
1010 409 1063 442 La-

408 464 569 498 teranensi
603 464 833 497 canonicorum
866 462 1061 506 regularium

407 518 536 552 Ordinis
570 518 670 551 sancti
704 517 873 560 Augustini
911 523 945 549 ut
980 516 1064 548 illius

410 571 586 615 capitulum
624 571 772 611 gencrale
809 571 848 603 de
881 575 988 603 cetero
1025 569 1064 602 de
1106 586 1118 595 ι

407 625 560 658 sexennio
581 625 620 657 ad
645 623 833 657 sexennium
863 623 1061 660 celebretur,

410 689 482 712 cum
526 677 758 722 prorogatione
801 676 986 709 officialium
1030 686 1065 708 ac

411 731 546 764 dirersis
583 729 843 763 ordinationibus
879 738 939 772 pro
975 728 1061 761 eius-

411 785 484 817 dem
503 783 768 826 (Iongregationis
782 783 974 822 levamento,
991 787 1066 821 etc.‚

413 836 488 870 3:30.

388 918 394 923 .
423 889 571 923 Extensio
598 889 795 922 indultorum
822 888 975 920 recitandi
997 887 1067 920 ossi-

413 943 497 976 cium
522 942 552 976 S.
582 942 694 975 Iuliani
721 941 862 984 episcopi
888 946 919 972 et
943 940 1067 973 conses-

413 997 495 1029 soris
512 1005 584 1028 cum
603 996 724 1035 octava,
745 1000 807 1026 tam
827 993 878 1026 die
896 994 974 1026 sesto
989 993 1068 1025 eius-

412 1051 484 1083 dem
511 1050 616 1082 Sancti
634 1059 730 1092 quam
758 1048 809 1080 die
829 1057 1066 1080 commemora-

412 1103 507 1135 tionis
531 1102 627 1140 illius‚
651 1101 803 1144 episcopo
829 1111 865 1133 ac
882 1100 1023 1143 capitulo
1037 1105 1068 1132 et

412 1156 498 1188 clero
524 1154 659 1187 civitatis
677 1159 707 1186 et
725 1152 880 1186 dioecesis
907 1151 1069 1186 Cone-lien-

411 1208 454 1241 sis
478 1218 496 1240 a
520 1207 684 1240 Clemente
702 1206 769 1240 VIII
788 1212 818 1239 et
838 1206 937 1239 Paulo
952 1205 974 1237 V
993 1215 1069 1238 con-

414 1270 589 1297 cessorum,
610 1260 650 1291 ad
675 1259 785 1292 omnia
810 1264 838 1292 et
864 1258 989 1301 singula
1014 1258 1068 1291 lli-

413 1312 599 1355 spaniarum
626 1323 736 1355 regna,
761 1312 836 1345 336.

324 1367 382 1397 mi.
430 1365 612 1399 Declaratio
648 1365 803 1399 nullitatis
846 1364 1070 1398 transactionis

415 1430 471 1452 seu
497 1419 654 1452 cautionis
688 1419 727 1452 ab
757 1418 1001 1461 archiepiscopo
1026 1418 1071 1450 Ia-

416 1472 530 1505 nuensi
563 1483 635 1505 cum
662 1473 743 1505 duce
779 1478 810 1504 et
840 1472 1072 1513 gubernatori-

413 1526 474 1558 bus
488 1525 696 1568 Reipublicae
714 1525 879 1557 lanuensis
901 1524 931 1557 in
949 1530 1073 1557 contro-

414 1579 516 1611 versia
553 1589 650 1622 super
674 1578 758 1611 sedis
788 1577 1072 1620 archiepiscopalis

416 1632 640 1671 collocatione,
670 1637 746 1671 etc„
774 1630 849 1663 3:38

429 1685 533 1718 Editto
552 1685 601 1718 del
627 1691 718 1717 santo
737 1684 847 1717 Oslizio
866 1684 949 1717 circa
967 1684 1071 1717 alcuni

416 1738 486 1781 capi
512 1738 735 1781 appartenenti
761 1737 822 1770 :illa
846 1738 942 1770 Sacra
967 1737 1074 1780 lnqui-

417 1792 548 1830 sizione,
577 1790 652 1823 341.

327 1845 414 1877 CXII.
441 1844 610 1877 Concessio
625 1850 653 1876 et
670 1843 829 1876 indultum
846 1853 972 1884 eorum,
992 1853 1074 1887 quae

416 1907 476 1941 pro
503 1897 591 1930 totali
617 1896 835 1930 stabilimento
861 1902 892 1929 et
911 1902 999 1929 recto
1017 1906 1074 1938 gu-

416 1951 531 1984 bernio
557 1950 720 1983 custodiae
741 1952 769 1983 S.
788 1950 872 1983 Petri
898 1950 936 1983 de
961 1950 1075 1982 Alcan-

418 2010 487 2036 tara
512 2004 543 2036 in
569 2014 670 2045 regno
695 2003 908 2046 Neapolitano
938 2004 1073 2036 fratrum

417 2056 687 2090 Discalceatorum
704 2056 874 2099 Hispaniae
886 2055 1013 2089 Ordinis
1025 2056 1076 2088 Mi-

417 2120 534 2143 norum
567 2110 606 2142 de
631 2109 839 2142 Observantia
873 2115 1075 2152 nuncupato-

418 2173 489 2195 rum
515 2163 746 2198 decernuntur‚
776 2161 850 2195 343.

330 2216 430 2248 (LXIII.
458 2216 645 2256 Decretum,
672 2217 759 2258 quod
789 2215 821 2248 in
853 2215 1073 2257 congregatio-

322 892 380 925 {5131

326 1686 399 1718 mit.

420 2269 514 2301 nibus
537 2269 568 2302 S.
597 2269 760 2302 Benedicti
793 2279 852 2312 per
884 2268 1018 2301 Galliam
1047 2275 1075 2301 et
1101 2260 1105 2273 ¹

419 2322 603 2365 Hispaniam
640 2322 828 2364 suffragium
855 2321 980 2355 abbatis
1006 2321 1078 2355 ubi-

422 2385 560 2418 cumque
580 2375 676 2408 fuerit
693 2376 874 2419 praevaleat
893 2375 923 2407 in
942 2375 1078 2418 paritate

420 2434 583 2468 votorum,
611 2428 686 2462 345.

330 2482 429 2514 tzxtt'.
458 2481 667 2524 Praeceptum
687 2482 719 2515 in
736 2482 955 2526 Cappuccinos
978 2487 1079 2515 custo-

421 2534 492 2567 diae
514 2534 688 2574 Navarrae,
708 2546 748 2568 ne
773 2536 914 2569 audeant
938 2545 1078 2568 conven-

424 2592 491 2619 tum
517 2597 573 2620 seu
598 2587 730 2620 domum
752 2588 925 2622 aedificare
950 2589 981 2621 in
1007 2588 1079 2621 loco

422 2638 541 2672 Vianae
574 2639 815 2682 Calaguritanae
841 2640 1017 2681 dioecesis,
1050 2646 1080 2674 et

1747 239 1805 272 711

1202 307 1392 345 perpetuum
1418 311 1515 343 super
1539 300 1598 333 lios,-
1623 300 1785 333 silentium
1812 300 1856 332 eis

1204 354 1401 398 impositum,
1427 353 1502 386 347.

1115 408 1200 441 CXV.
1233 405 1422 441 Constitutio
1459 406 1678 448 abrogationis
1710 406 1854 439 omnium

1206 460 1404 493 indultorum
1431 469 1487 492 seu
1520 459 1761 502 privilegiorum
1788 469 1858 501 per-

1205 513 1363 546 sonalium
1391 511 1542 545 fratribus
1555 511 1682 544 Ordinis
1699 511 1856 544 Minorum

1206 568 1245 600 de
1259 566 1467 600 Observantia
1484 571 1514 598 et
1527 566 1786 598 Resorniatorum
1803 576 1857 597 seu

1206 619 1381 653 Strictioris
1406 619 1632 652 t'tbscrvantiac
1658 630 1675 651 a
1695 618 1860 661 quibusvis

1206 673 1438 716 quoquomodo
1457 679 1568 705 contra
1585 677 1615 704 et
1632 677 1760 715 praeter
1778 671 1862 704 eius-

1207 726 1279 758 dem
1305 725 1432 758 Ordinis
1460 724 1704 758 constitutiones
1730 734 1860 757 conres-

1206 789 1327 818 sorum,
1356 778 1430 811 :34st

1118 832 1217 865 cxvi.
1245 831 1456 864 Confirmatio
1491 832 1695 864 decretorum
1722 842 1739 863 a
1764 841 1862 872 gene-

1209 884 1267 916 rali
1293 883 1420 917 Ordinis
1445 884 1653 916 cremitarum
1679 884 1778 916 sancti
1800 886 1863 916 Au-

1208 937 1326 979 gustini
1350 938 1387 969 de
1401 947 1533 969 suorum
1552 937 1767 969 assistentium
1787 947 1865 970 ‹fon-

1209 991 1281 1023 silio
1297 990 1457 1023 editorum
1476 991 1562 1023 circa
1580 991 1864 1025 introductionem,

1210 1043 1444 1076 observantiam
1465 1049 1495 1075 ct
1520 1050 1709 1086 perpetuam
1736 1054 1866 1076 conser-

1209 1097 1369 1129 vationem
1386 1097 1466 1130 vilae
1481 1097 1661 1129 communis
1677 1097 1705 1129 itt
1722 1096 1864 1140 Lyciensi

1210 1156 1241 1183 et
1264 1151 1380 1182 Terrae
1405 1150 1545 1190 Soleani‚
1565 1150 1699 1193 aliisque
1713 1149 1788 1182 dicti
1809 1149 1867 1180 ttr-

1211 1203 1294 1236 dinis
1319 1203 1554 1242 conventibus,
1587 1203 1616 1235 in
1650 1203 1766 1246 quibus
1803 1203 1865 1235 vita

1211 1256 1395 1289 huiusmodi
1421 1256 1654 1295 introducetur,
1683 1255 1757 1288 5351,

1122 1310 1233 1345 Cxx‘lt.
1274 1310 1452 1343 Declaratio
1484 1310 1569 1343 circa
1601 1310 1649 1342 ius
1683 1310 1868 1342 conserendi

1211 1363 1356 1397 habitum
1383 1363 1479 1396 Tertii
1498 1363 1625 1396 Ordinis
1650 1363 1749 1395 sancti
1775 1363 1871 1395 Fran-

1213 1417 1287 1450 cIsci
1328 1423 1515 1460 competens
1558 1423 1679 1449 tantum
1720 1417 1870 1449 fratribus

1213 1470 1356 1503 eiusdem
1375 1470 1472 1503 Tertii
1490 1470 1619 1503 ‹Jrstinis
1639 1469 1778 1502 nationis
1798 1469 1871 1502 Gat-

1214 1523 1337 1556 licanae
1363 1529 1390 1555 et
1419 1523 1639 1566 Cappuchnos
1656 1523 1800 1555 eiusdem
1820 1532 1872 1555 na-

1215 1576 1312 1609 tionis
1339 1576 1522 1615 excludcns‚
1550 1575 1624 1608 3517..

1125 1630 1250 1664 CXVIII.
1268 1629 1427 1662 Statutum
1447 1634 1640 1672 perpetuum
1656 1628 1781 1670 collegii
1796 1629 1871 1662 Cer-

1216 1683 1333 1715 manici
1360 1689 1389 1715 et
1413 1682 1575 1724 Ungarici,
1599 1683 1684 1725 quod
1711 1682 1872 1715 convicto-

1216 1746 1266 1768 res
1292 1735 1488 1778 quicumque
1508 1735 1538 1767 in
1559 1735 1680 1768 dictum
1700 1735 1870 1777 collegium

1216 1788 1351 1832 recepti,
1370 1794 1401 1821 et
1419 1788 1690 1831 quandocumque
1717 1788 1873 1831 recipien-

1217 1842 1260 1881 di,
1289 1841 1505 1874 iuramentum
1544 1841 1583 1874 de
1609 1841 1804 1874 discedendo
1835 1842 1873 1874 ab

1216 1895 1302 1928 Urbe
1335 1905 1372 1927 ac
1396 1894 1428 1926 in
1453 1894 1657 1927 Germaniam
1684 1895 1875 1927 revertendo

1217 1948 1323 1981 statim
1337 1954 1433 1991 atque
1447 1947 1627 1980 studiorum
1642 1953 1766 1990 tempus
1782 1947 1875 1980 suerit

1217 2001 1414 2041 absolutum,
1430 2006 1594 2044 praestare
1609 2006 1787 2040 teneantur,
1801 2000 1875 2032 5358.

1128 2055 1225 2089 CXIX.
1256 2054 1463 2087 Confirmatio
1497 2053 1615 2086 decreti
1641 2053 1812 2086 Clementis
1839 2053 1875 2085 IX

1217 2118 1314 2151 super
1340 2106 1469 2140 unionis
1500 2105 1712 2139 dissolutione
1737 2106 1876 2147 Congre-

1218 2160 1385 2202 gationum
1421 2159 1629 2193 eremitarum
1655 2158 1878 2192 Camaldulen-

1218 2214 1299 2247 sium
1327 2213 1584 2246 Montiscoronae
1609 2218 1640 2245 et
1664 2212 1801 2244 aliarum
1821 2222 1877 2244 na·-

1220 2267 1356 2307 tionum,
1382 2277 1454 2300 cum
1481 2266 1734 2299 comminatione
1755 2275 1878 2308 poenae

1219 2327 1249 2354 et
1274 2330 1497 2359 censurarum,
1525 2319 1600 2352 359.

1130 2374 1215 2408 CXX.
1253 2373 1431 2406 Iubilaeum
1468 2372 1649 2406 universale
1682 2372 1722 2404 ad
1758 2371 1877 2414 implo-

1221 2426 1354 2459 randam
1382 2425 1522 2458 divinam
1549 2435 1643 2468 opem
1670 2429 1781 2457 contra
1801 2424 1880 2456 Tur-

1222 2489 1286 2519 cas,
1315 2478 1391 2511 364.

1131 2533 1233 2566 CXXI.
1262 2531 1471 2565 Confirmatio
1504 2528 1540 2564 ‘et
1578 2530 1741 2563 innovatio
1773 2529 1880 2563 Brevis

1223 2585 1344 2619 Urbani
1362 2585 1426 2618 Vltt
1452 2589 1564 2617 contra
1589 2583 1760 2616 violatores
1784 2582 1883 2615 liber-

1225 2640 1298 2673 tatis
1330 2644 1359 2672 et
1397 2637 1608 2670 immunitatis
1645 2636 1882 2670 ecclesiasticae
