2279 3260
154 233 207 262 An.
226 233 255 261 C.
274 233 341 261 ¹674

181 1449 293 1472 Decretum
312 1451 338 1471 ir-

154 1479 227 1497 rotans.

179 2290 294 2311 Contrariis
303 2289 339 2310 de·

155 2319 222 2342 rogat.

978 234 1119 259 emimus
1141 235 1159 260 X
1183 235 1231 260 Pr.

349 283 477 324 vationi,
497 288 651 328 quantum
674 283 768 316 nobis
794 292 828 315 ex
851 284 915 316 alto
933 283 1084 315 concedi-

348 340 409 377 tur,
435 336 602 380 providere
624 335 803 380 cupientes,
822 336 861 368 de
879 335 1083 378 particularis

349 388 615 432 Congregationis
633 388 866 421 venerabilium
885 388 1016 420 fratrum
1032 398 1083 421 no-

349 446 492 475 strorum
526 441 557 474 S.
584 441 622 473 R.
648 441 682 473 E.
710 440 919 474 cardinalium
947 441 1083 483 negotiis

349 493 578 537 Propagandac
597 493 686 526 Fidei
707 493 969 537 praepositorum
986 503 1084 536 super

348 547 446 579 rebus
470 546 616 579 Sinarum
635 547 808 590 deputatae
827 546 972 586 consilio,
990 556 1084 579 vene-

349 599 468 632 rabiles
494 599 608 632 fratres
630 599 802 642 episcopos
823 599 993 638 Indiarum,
1008 598 1083 631 alia-

348 661 486 695 rumque
507 651 645 695 partium
663 651 885 691 Orientalium,
905 652 1016 684 harum
1034 661 1083 683 se-

349 704 395 737 rie
427 709 561 748 paterne
587 715 767 744 monemus,
794 704 902 748 eisque
928 715 964 737 ac
988 704 1082 736 etiam

348 758 548 799 regularium
583 757 805 801 superioribus
837 762 869 789 et
893 756 1083 789 eisdemmet

348 810 560 852 regularibus,
577 810 670 843 etiam
691 809 858 843 Societatis
876 809 955 846 lesu,
971 814 1082 842 aucto-

347 862 444 896 ritate
469 862 652 907 apostolica,
672 863 704 895 in
724 862 842 895 virtute
860 867 989 894 sanctae
1007 861 1083 894 obe-

349 915 509 955 dientiae,
537 915 753 959 praecipimus
779 920 809 947 et
833 914 1022 947 mandamus
1048 919 1083 946 ut

348 978 459 1001 omnes
484 967 733 1001 constitutiones
759 966 950 1010 apostolicas
975 971 1006 999 et
1031 966 1083 999 de-

349 1026 435 1053 creta
463 1019 728 1062 Congregationis
764 1020 949 1052 eorumdem
983 1018 1083 1051 cardi-

348 1071 490 1111 nalium,
523 1071 582 1103 sub
615 1071 729 1114 poenis
767 1065 907 1103 arbitrio
938 1070 1081 1103 eiusdem

349 1123 617 1166 Congregationis
642 1123 862 1166 imponendis,
889 1123 997 1165 quoad
1016 1133 1083 1155 om-

348 1187 415 1216 neS,
436 1181 476 1216 et,
499 1177 607 1220 quoad
632 1178 824 1219 regulares,
857 1176 952 1209 etiam
977 1176 1084 1209 Socie-

348 1229 421 1261 tatis
444 1229 528 1269 Iesu,
554 1239 730 1272 eorumque
756 1229 940 1272 superiores
958 1228 1084 1271 praesa-

349 1286 418 1321 tos,
454 1282 550 1314 etiam
581 1281 771 1325 privationis
795 1281 882 1314 vocis
908 1280 1026 1314 activae
1052 1285 1083 1313 et

348 1335 495 1378 passivae
520 1335 593 1378 ipso
619 1335 700 1367 sacto
724 1335 950 1373 incurrendae,
975 1333 1083 1366 stricte

350 1398 386 1420 ac
401 1387 593 1421 inconcusse
608 1393 639 1420 et
654 1386 886 1420 inviolabiliter
897 1387 1082 1419 observent.

394 1441 408 1483 g
433 1439 463 1472 ⁶2.
490 1440 710 1473 Decernentes
742 1439 872 1472 easdem
899 1443 1083 1482 praesentes

349 1493 473 1526 litteras
498 1503 626 1536 semper
658 1492 785 1531 firmas,
819 1492 938 1525 validas
964 1497 995 1524 et
1019 1491 1085 1524 effi-

350 1556 442 1579 caces
459 1546 596 1578 existere
615 1550 647 1577 et
668 1546 745 1584 l'ore,
765 1555 905 1587 suosque
921 1545 1085 1587 plenarios

350 1605 381 1631 et
405 1599 547 1641 integros
574 1597 705 1630 ctl'ectus
732 1597 840 1630 sortiri
865 1603 896 1629 ct
920 1597 1084 1637 obtinere,

350 1651 461 1694 sicque
486 1656 518 1683 et
541 1661 606 1683 non
632 1651 725 1683 aliter
758 1651 789 1682 in
817 1650 1002 1693 praemissis
1027 1661 1086 1693 per

350 1713 569 1746 quoscumque
594 1702 718 1735 iudices
742 1702 921 1735 ordinarios
948 1708 978 1735 et
999 1702 1087 1735 dele-

351 1761 452 1798 gatos,
478 1755 573 1788 etiam
598 1765 765 1787 causarum
788 1754 897 1798 palatii
915 1754 1085 1798 apostolici

351 1808 527 1849 auditores,
546 1808 665 1841 aliosve
692 1808 854 1851 quoslibet
884 1818 1086 1851 quacumque

348 1861 608 1904 praeeminentia
633 1866 665 1893 et
689 1865 848 1904 potestate
868 1861 1037 1903 fungentes
1055 1866 1088 1893 et

348 1914 524 1954 suncturos,
551 1913 676 1946 sublata
699 1913 745 1945 eis
770 1918 801 1945 ct
822 1924 934 1946 eorum
952 1913 1087 1946 cuilibet

349 1967 459 2009 quavis
486 1966 579 1999 aliter
610 1964 773 1998 iudicandi
799 1971 826 1998 et
852 1965 1086 2009 interpretandi

349 2019 498 2051 facultate
533 2023 565 2051 et
589 2018 790 2058 auctoritate,
817 2019 951 2051 iudicari
977 2024 1008 2052 et
1032 2020 1087 2052 de·

349 2070 435 2104 finiri
469 2071 607 2112 debere,
646 2082 681 2104 ac
712 2071 838 2103 irritum
871 2077 901 2103 et
926 2072 1020 2104 inane
1059 2072 1085 2104 si

348 2135 441 2157 secus
466 2134 563 2168 super
588 2125 638 2157 his
663 2135 679 2157 a
705 2135 877 2168 quoquam,
902 2125 1012 2167 quavis
1034 2136 1086 2157 au—

349 2176 509 2218 ctoritate,
526 2177 666 2211 scienter
687 2178 735 2210 vel
759 2177 958 2219 ignoranter,
983 2178 1085 2210 conti-

350 2230 434 2273 gerit
456 2230 618 2263 attentari.

394 2283 408 2326 §
433 2283 464 2316 3.
491 2282 560 2316 Non
596 2283 800 2316 obstantibus
825 2283 1019 2328 apostolicis,
1049 2296 1084 2318 ac

350 2336 382 2368 in
418 2335 655 2369 universalibus
696 2336 1016 2381 provincialibusque
1053 2343 1085 2371 et

348 2388 555 2433 synodalibus
577 2388 724 2422 conciliis
751 2389 858 2429 editis,
877 2391 1083 2432 generalibus

347 2443 396 2474 vel
422 2441 626 2485 specialibus,
647 2442 932 2476 constitutionibus
953 2449 984 2475 et
1002 2444 1084 2475 ordi·
1103 2468 1106 2499 Ι

345 2494 551 2534 nationibus,
577 2504 714 2535 necnon,
741 2500 899 2538 quatenus
925 2507 1006 2539 opus
1033 2497 1081 2537 sit,
1103 2501 1105 2537 j

347 2547 450 2580 dictae
475 2547 643 2579 Societatis
670 2547 749 2587 lesu,
781 2548 980 2591 aliarumque
1006 2560 1079 2581 con-
1102 2539 1105 2564 ⁸

348 2600 591 2643 gregationum,
618 2605 644 2632 ct
672 2599 824 2633 Ordinum
852 2611 1081 2644 quorumcum-

1756 230 1821 265 483

1127 294 1204 326 que,
1237 289 1268 317 et
1301 284 1371 318 aliis
1406 286 1622 329 quibuslibet,
1650 287 1744 320 etiam
1774 288 1858 320 iura-

1127 341 1244 376 mento,
1259 337 1503 371 confirmatione
1518 340 1703 382 apostolica,
1718 341 1766 373 vel
1785 351 1860 384 qua-

1127 389 1172 421 vis
1198 389 1345 423 firmitate
1372 391 1432 424 alia
1457 391 1640 431 roboratis,
1666 393 1796 425 statutis
1829 398 1860 425 et

1127 443 1425 483 consuetudinilnis,
1453 443 1628 487 privilegiis
1655 455 1792 487 quoque,
1813 445 1861 477 in-

1117 495 1225 541 ,dutus
1262 500 1295 528 ct
1323 496 1440 529 litteris
1466 497 1651 539 apostolicis
1678 498 1708 529 iu
1732 503 1861 530 contra-

1127 547 1209 580 rium
1238 549 1492 591 praemissorum
1510 549 1758 592 quomodolibet
1784 561 1861 583 con-

1127 600 1224 632 cessis
1249 601 1444 633 confirmatis
1471 606 1502 634 et
1532 601 1708 641 innovatis,
1744 602 1859 645 quibus

1127 653 1276 685 omnibus
1313 658 1345 685 et
1380 653 1539 696 singulis,
1569 653 1697 687 illorum
1730 659 1859 687 tenores

1126 706 1350 748 praesentibus
1382 717 1441 749 pro
1471 707 1566 749 plene
1603 712 1634 739 et
1662 707 1860 740 sufficienter

1127 758 1286 801 expressis
1304 769 1339 791 ac
1365 759 1492 791 insertis
1513 760 1682 800 habentes,
1702 760 1765 792 illis
1783 760 1860 793 alias

1127 810 1158 842 in
1184 821 1243 843 suo
1268 810 1384 843 robore
1404 812 1634 853 permansuris,
1654 812 1692 844 ad
1711 811 1861 845 effectum

1126 863 1357 905 praesentium,
1383 864 1442 896 hac
1463 864 1529 897 vice
1548 865 1719 904 dumtaxat,
1741 865 1863 908 specia-

1126 915 1200 948 liter
1217 921 1248 948 et
1265 926 1417 959 expresse
1443 917 1654 959 derogamus;
1678 918 1861 961 ceterisque

1126 967 1295 1000 contrariis
1320 968 1586 1012 quibuscumque.

1170 1021 1184 1063 g
1210 1020 1240 1053 4.
1261 1020 1412 1054 Volumus
1432 1026 1535 1053 autem
1552 1027 1586 1053 ut
1604 1022 1746 1065 ipsarum
1769 1033 1858 1066 prae-

1127 1073 1262 1105 sentium
1288 1073 1469 1106 litterarum
1494 1075 1717 1117 transumptis,
1733 1086 1789 1108 scu
1809 1086 1863 1108 ex-

1127 1125 1250 1168 emplis,
1276 1125 1371 1158 etiam
1398 1126 1576 1169 impressis,
1603 1137 1699 1159 manu
1728 1128 1862 1160 alicuius

1127 1178 1245 1211 notarii
1264 1178 1385 1221 publici
1403 1179 1602 1222 subscriptis,
1622 1185 1653 1212 et
1672 1179 1779 1223 sigillo
1797 1191 1864 1224 per-

1128 1241 1223 1263 sonae
1250 1231 1283 1263 in
1307 1231 1527 1264 ecclesiastica
1562 1231 1719 1274 dignitate
1745 1233 1865 1265 consti-

1129 1289 1214 1316 tutae
1241 1283 1386 1323 munitis,
1412 1285 1524 1317 cadem
1550 1295 1682 1327 prorsus
1699 1285 1779 1318 fides
1801 1291 1864 1318 tam

1128 1336 1161 1368 in
1186 1336 1306 1369 iudicio
1325 1347 1421 1379 quam
1445 1342 1533 1369 extra
1557 1337 1761 1377 adhibeatur,
1783 1348 1864 1381 quae

1128 1389 1207 1432 ipsis
1232 1389 1460 1432 praesentibus
1481 1389 1692 1423 adhiberetur
1709 1391 1733 1422 si
1757 1391 1865 1423 forent

1128 1441 1291 1474 exhibitae
1316 1443 1365 1474 vel
1392 1447 1554 1474 ostensae.

1171 1494 1282 1526 Datum
1308 1495 1439 1534 Romae,
1469 1495 1553 1537 apud
1578 1495 1608 1528 S.
1629 1495 1756 1528 Mariam
1775 1496 1865 1528 Maio-

1129 1558 1208 1587 rem,
1228 1548 1286 1579 sub
1309 1548 1427 1580 annnlo
1445 1548 1626 1588 Piscatoris,
1651 1548 1702 1581 die
1723 1558 1766 1581 vn
1784 1548 1863 1580 iunii

1129 1610 1304 1641 unccxxiv,
1324 1599 1529 1643 pontificatus
1547 1600 1647 1632 nostri
1674 1611 1759 1633 anno
1777 1610 1807 1632 v.

1526 1653 1548 1685 l.
1575 1653 1611 1686 G.
1634 1653 1773 1686 Srusrus.

1165 1714 1222 1741 Dat.
1244 1714 1288 1742 die
1307 1715 1322 1741 7
1343 1715 1409 1742 iunii
1434 1715 1511 1749 1674,
1532 1715 1629 1750 pontife
1644 1723 1715 1742 anno
1731 1722 1755 1741 v.

1163 1777 1328 1812 Reyistrata
1344 1778 1377 1805 in
1400 1777 1565 1805 Sem-emma
1577 1777 1728 1812 Brevium,
1744 1777 1774 1804 in
1790 1776 1863 1805 libro

1128 1822 1232 1849 mensis
1253 1822 1339 1857 iunii,
1353 1824 1432 1857 part.
1458 1829 1477 1854 1,
1493 1823 1542 1857 fol.
1563 1822 1611 1850 50.

1438 1965 1547 1998 CLvtl.

1128 2042 1298 2086 Eoeemplio
1322 2044 1541 2088 episcoporum
1568 2049 1597 2077 et
1620 2044 1820 2079 vicariorum
1833 2057 1865 2079 a·

1169 2096 1400 2139 postolicorwn
1417 2097 1506 2140 apud
1523 2098 1620 2130 Sinas
1644 2099 1684 2130 ab
1706 2099 1863 2131 omnimo-

1171 2148 1213 2181 dd
1245 2149 1470 2182 iurisdictione
1501 2151 1647 2183 oninium
1672 2151 1864 2184 ordinario-

1170 2212 1244 2234 rum
1270 2202 1305 2234 in
1327 2203 1504 2245 provinciis
1530 2204 1608 2246 ipsis
1628 2204 1816 2247 assiynatis.

1354 2281 1487 2309 Clemens
1508 2283 1585 2316 Papa
1604 2283 1637 2316 X,

1275 2326 1311 2353 ad
1330 2326 1463 2353 futuram
1478 2327 1522 2354 rei
1537 2328 1715 2355 memoriam.

1170 2395 1204 2428 ln
1230 2396 1426 2439 apostolicae
1452 2397 1616 2440 dignitatis
1640 2397 1767 2441 fastigio
1792 2409 1861 2432 cum
1901 2401 2020 2425 Emittam,

1126 2449 1292 2492 potestatis
1317 2449 1521 2492 plenitudine
1547 2461 1563 2483 a
1587 2451 1723 2484 Domino
1745 2453 1862 2484 consti-

1128 2501 1207 2541 tuti,
1239 2501 1278 2534 ad
1314 2512 1369 2542 ea,
1404 2512 1461 2545 per
1496 2513 1576 2545 quae
1615 2503 1793 2536 catholicae
1828 2504 1862 2536 li-

1126 2552 1175 2586 ‹lei
1195 2553 1454 2598 christianaeque
1469 2555 1638 2598 religionis
1657 2557 1857 2599 propagatio,

1126 2603 1313 2645 praesertim
1339 2603 1368 2635 in
1397 2604 1635 2637 remotisssiiuis
1655 2604 1692 2635 ab
1712 2605 1770 2636 hac
1789 2614 1860 2637 san-

1868 239 1917 265 An.
1935 239 1962 265 C.
1988 239 2054 265 ¹674

1907 1036 2057 1062 Transunipto·

1872 1069 1916 1084 runi
1933 1062 1991 1083 tides.
