2279 3260
172 256 220 284 Αη.
243 259 271 284 C.
296 260 362 286 ¹673

365 309 466 342 sancti
491 309 654 344 Francisci
679 313 718 345 dc
742 312 949 346 Observantia
967 314 998 346 in
1013 316 1098 347 eins-

365 363 438 395 dem
463 364 564 396 sancti
589 364 751 398 Francisci
784 377 947 399 sacrorum
967 368 1097 410 stigma·
1119 376 1120 385 ¹

365 421 438 464 tum,
465 417 568 449 sancti
594 417 711 458 Didaci,
739 420 841 452 sancti
868 420 951 452 Petri
980 421 1019 453 de
1047 422 1098 453 Ai-

363 460 504 508 canlara,
525 474 710 503 sanctorum
744 477 918 515 martyrum
952 472 1097 506 eiusdem

363 520 501 561 Ordinis,
513 522 612 554 sancti
627 523 779 556 Ludoxici
794 525 878 567 regis
889 526 1097 566 Francorum,

364 578 396 605 et
419 579 545 607 sanctae
572 575 779 609 Elisabethac
813 578 945 620 reginae
971 579 1098 621 Iluuga-
1119 595 1120 601 1

362 625 427 658 riae
444 626 675 669 festivitatibus,
686 640 702 661 a
715 630 827 672 primis
839 631 984 673 vesperis
996 642 1097 674 usque

361 679 400 711 ad
416 689 564 712 occasum
581 681 658 713 solis
678 682 883 715 festivitatum
899 684 1096 724 huiusmodi,

360 731 452 764 annis
479 732 623 775 singulis,
644 735 760 767 devote
780 736 987 776 visitaverint,
1007 742 1038 770 et
1054 737 1097 769 ibi

360 794 417 825 pro
440 785 691 819 christianorum
708 788 893 831 principum
915 790 1095 829 concordia,

359 836 528 869 haeresum
544 838 769 881 extirpationc,
790 851 825 873 ac
843 846 971 873 sanctae
991 842 1097 874 Matris

358 888 519 922 Ecclesiae
545 891 739 923 exaltatione
758 892 827 934 pias
847 894 886 925 ad
907 894 1004 926 Deum
1028 905 1099 937 pre-

359 951 412 973 ces
438 940 622 981 etl‘uderint,
650 954 714 985 quo
740 944 791 976 die
810 945 1016 978 festivitatum
1038 947 1098 978 hu-

359 993 495 1025 iusmodi
530 994 561 1026 id
595 995 741 1036 egerint,
774 1002 898 1039 septem
931 1008 1032 1030 annos
1066 1005 1098 1031 et

361 1046 493 1078 totidem
511 1048 734 1089 quadragenas
752 1049 791 1082 de
810 1050 962 1083 iniunctis
978 1051 1022 1083 eis
1039 1062 1096 1084 seu

359 1098 439 1130 alias
465 1100 714 1141 quomodolibet
739 1102 858 1134 debitis
884 1104 1094 1146 poenitentiis

359 1151 390 1182 in
416 1151 515 1183 fornia
536 1152 698 1186 Ecclesiae
720 1157 875 1187 consueta
901 1158 1092 1190 relaxamus.

401 1206 416 1247 g
441 1205 471 1237 7.
500 1206 716 1240 Decernentes
751 1209 879 1241 easdem
904 1217 1094 1252 praesentes

359 1257 479 1289 litteras
504 1268 633 1300 semper
658 1259 775 1300 tirmas,
796 1262 915 1294 validas
942 1268 972 1294 et
990 1264 1094 1296 effica-

357 1320 409 1342 ces
436 1310 573 1343 existere
599 1317 629 1343 et
654 1313 732 1351 sore,
759 1324 895 1357 suosque
930 1317 1094 1358 plenarios

356 1368 388 1395 et
412 1363 557 1405 integros
583 1363 713 1397 effectus
739 1367 848 1398 sortiri
874 1372 905 1399 et
930 1369 1090 1410 obtinere,

355 1426 391 1448 ac
406 1415 489 1455 -illis,
516 1416 554 1448 ad
580 1427 660 1459 quos
679 1424 804 1460 spectat
821 1424 853 1451 et
870 1431 926 1462 pro
945 1426 1091 1464 tempore

355 1468 626 1511 quandocumque
666 1472 843 1512 spectabit,
878 1472 909 1504 in
943 1475 1091 1507 omnibus

355 1525 388 1552 et
411 1530 469 1563 per
493 1521 601 1553 omnia
633 1523 822 1564 plenissime
859 1524 1035 1567 suflragari,
1062 1534 1092 1560 et

354 1573 393 1605 ab
418 1573 464 1605 eis
488 1573 694 1608 inviolabiter
720 1578 901 1617 observari,
923 1578 1032 1621 sicque
1058 1580 1090 1612 in

352 1625 539 1668 praemissis
563 1638 622 1669 per
647 1639 866 1672 quoscumque
893 1632 1015 1664 iudices
1040 1643 1090 1665 or-

352 1678 496 1710 dinarios
530 1685 562 1711 et
586 1680 762 1721 delegatos,
797 1683 891 1715 etiam
921 1695 1089 1718 causarum

351 1731 460 1773 palatii
486 1733 657 1774 apostolici
689 1734 864 1775 auditores,
900 1737 1034 1770 iudicari
1060 1747 1090 1772 et

351 1782 477 1817 definiri
504 1784 639 1823 debere,
667 1797 702 1817 ac
727 1786 853 1819 irritum
881 1794 911 1820 et
942 1789 1037 1822 inane
1063 1792 1088 1823 si

350 1846 440 1868 secus
466 1847 563 1879 super
586 1837 637 1869 his
663 1849 679 1870 a
706 1849 881 1881 quoquam,
901 1842 1009 1883 quavis
1034 1855 1088 1876 au-

190 1210 301 1232 Decretum
320 1212 346 1232 ir-

163 1242 237 1257 mans.

349 1940 431 1983 gerit
456 1942 617 1974 attentari.

393 1994 407 2037 ξ
432 1993 462 2026 8.
490 1994 559 2026 Non
585 1996 785 2031 obstantibus
803 2000 1086 2036 constitutionibus

349 2053 381 2079 et
405 2048 665 2082 ordinationibus
688 2053 888 2093 apostolicis,
910 2060 951 2094 et,
976 2062 1087 2098 quate-

347 2111 406 2133 nus
432 2112 512 2144 opus
537 2102 587 2141 sit,
606 2106 714 2135 nostra
732 2109 763 2136 et
779 2107 991 2140 cancellariae
1009 2119 1086 2152 apo-

347 2153 481 2186 stolicae
508 2156 620 2195 regula
645 2156 684 2187 de
710 2167 774 2189 non
799 2159 1017 2193 concedendis
1040 2162 1084 2194 in-

346 2206 520 2247 dulgentiis
545 2207 585 2239 ad
611 2208 722 2248 instar,
757 2210 891 2253 aliisque
928 2214 1084 2246 constitu-

179 1998 337 2020 Contrariorum

154 2025 274 2049 derogatio.

345 2428 503 2450 concessa
527 2424 603 2451 sunt
626 2429 692 2451 non
717 2420 857 2461 obstare,
897 2425 1080 2469 ceterisque

345 2471 518 2504 contrariis
538 2471 806 2517 quibuscumque.

389 2524 404 2566 ἓ
428 2523 459 2556 9.
486 2523 638 2557 Volumus
655 2530 766 2559 autem
781 2531 817 2560 ut
831 2526 976 2573 ipsarum
992 2541 1082 2574 prae-

346 2577 487 2609 sentium
533 2576 715 2612 litterarum
753 2582 984 2626 transumptis,
1025 2595 1081 2619 seu

347 2630 512 2673 exemplis,
540 2630 636 2663 etiam
663 2631 837 2675 impressiS,
861 2646 957 2669 manu
982 2636 1082 2671 alicu-

188 2524 335 2553 transui-ipto-

150 2558 195 2572 rum
211 2552 269 2573 udus.

996 266 1137 291 CLEMENS
1158 269 1175 291 X
1201 269 1248 292 ΓΡ.

1777 261 1842 294 415

1141 315 1190 347 ius
1210 317 1326 348 notarii
1346 317 1486 360 pubblici
1506 318 1702 361 subscriptis,
1725 325 1757 351 ct
1772 319 1878 361 sigillo

1141 379 1300 411 personae
1327 369 1356 401 in
1383 370 1599 402 ecclesiastica
1625 371 1780 413 dignitate
1803 382 1878 405 con-

1142 423 1268 455 stitutae
1307 423 1447 463 innuitis,
1483 424 1597 457 eadem
1631 435 1761 466 prorsus
1799 425 1877 457 tides

1889 270 1936 296 Αη.
1954 269 1981 296 (Ἰ.
2005 269 2071 296 1673

1119 471 1120 488 ³
1143 482 1204 508 tam
1230 476 1262 507 in
1287 476 1407 508 iudicio
1434 487 1528 519 quam
1555 482 1643 509 extra
1660 477 1740 509 illud
1760 478 1878 509 habea-

1122 531 1207 567 'tur,
1235 540 1317 571 quae
1344 530 1518 562 haberetur
1540 530 1619 573 ipsis
1653 531 1877 573 praesentibus

1142 581 1165 613 si
1194 582 1299 614 forent
1319 582 1481 614 exhibitae
1507 583 1555 615 vel
1581 587 1744 615 ostensae.

1186 635 1295 667 Datum
1322 635 1453 674 llomae,
1478 636 1562 678 apud
1584 636 1614 668 S.
1634 636 1764 680 Mariam
1783 636 1878 668 Maio-

1142 698 1218 725 rem,
1245 689 1304 720 sub
1330 690 1449 721 annulo
1466 689 1645 728 piscatoris,
1665 689 1716 721 die
1734 700 1791 722 xtll
1809 689 1877 721 iulii

1141 749 1316 779 MDchxut,
1344 741 1547 783 pontificatus
1572 741 1675 774 nostri
1701 752 1785 774 anno
1810 752 1853 774 iv.

1579 795 1600 826 l.
1629 793 1664 827 G.
1692 794 1831 827 Stt'sius.

1177 852 1237 878 Dat.
1256 853 1298 879 die
1320 853 1348 879 13
1369 853 1426 879 iulii
1445 854 1513 881 1675
1534 853 1629 889 pontis.
1646 862 1716 881 anno
1739 861 1775 880 iv.

1176 914 1341 947 Refflstrata
1362 915 1392 941 in
1409 915 1490 941 Secr.
1507 916 1646 942 Brevium
1662 916 1693 942 in
1709 916 1757 942 lib.
1774 916 1879 942 mensis

1141 957 1216 987 iulii,
1231 961 1308 991 part.
1328 960 1461 992 ulmique,
1476 959 1539 992 fol„
1556 959 1617 985 594.

1428 1098 1583 1132 cxxxvi.

1141 1176 1312 1208 Imlultum,
1337 1182 1372 1208 uc
1399 1178 1431 1209 in
1459 1179 1609 1210 omnibus
1637 1179 1877 1222 Hispaniarum

1181 1230 1291 1271 reqnt's
1307 1231 1421 1271 festum
1442 1232 1478 1262 B.
1500 1231 1706 1264 Ferdinmzdi
1721 1233 1780 1265 III
1792 1235 1877 1276 reqis

1183 1282 1339 1314 Castellae
1360 1286 1387 1314 et
1412 1283 1562 1325 Lstyiom's
1579 1284 1616 1315 cle
1631 1290 1797 1328 praecepto
1813 1297 1877 1318 ser-

1180 1336 1253 1365 vari
1277 1339 1304 1366 et
1322 1336 1477 1367 celebrari
1490 1337 1601 1379 possit,
1623 1347 1659 1369 ac
1676 1338 1820 1380 officium
1840 1340 1877 1371 cie

1182 1387 1239 1419 illo
1264 1388 1321 1419 sub
1346 1389 1415 1420 ritu
1439 1389 1659 1431 dvzepticmum
1686 1390 1876 1423 lectionibus

1177 1441 1322 1482 propriis
1354 1452 1373 1472 a
1398 1442 1427 1474 S.
1456 1442 1708 1484 Conqreqalz'one
1739 1444 1877 1476 Rae'tuum

1179 1493 1408 1535 approbandis,
1435 1495 1568 1527 recitari
1592 1495 1708 1528 valeat.

1357 1567 1490 1601 Clemens
1511 1575 1589 1608 Papa
1608 1576 1632 1602 X
1646 1597 1653 1609 ,

1258 1619 1293 1644 ad
1309 1621 1485 1651 perpetuam
1501 1619 1545 1645 rei
1566 1619 1748 1647 memoriam.

1178 1689 1282 1731 Exigit
1307 1691 1505 1732 apostolicae
1532 1692 1694 1725 servitutis
1730 1693 1873 1728 ministe-
1909 1705 2032 1726 amr-uum.

1135 1741 1230 1781 rium,
1258 1743 1344 1784 quod
1378 1743 1592 1776 imbecillitati
1629 1750 1760 1777 nostrae
1785 1757 1872 1779 com-

1134 1795 1264 1827 mittere
1292 1797 1392 1828 voluit
1427 1797 1533 1829 divina
1565 1798 1729 1840 dignatio,
1756 1804 1790 1830 ut
1820 1800 1872 1842 pia

1110 1881 1111 1890 ἵ
1133 1848 1317 1880 sublimium
1343 1850 1542 1893 principum,
1570 1852 1769 1885 orthodoxae
1796 1853 1870 1886 fidei

349 1888 508 1928 ctoritate,
535 1890 676 1923 scienter
701 1893 748 1924 vel
770 1892 966 1934 ignoranter,
985 1896 1088 1928 conti-
1109 1891 1110 1898 ¹

1134 1901 1272 1934 tuendae
1305 1907 1336 1933 et
1368 1905 1597 1945 propagandae
1630 1906 1701 1938 zelo
1733 1905 1869 1948 aliisque

1131 1952 1363 1995 multiplicibus
1387 1954 1419 1985 in
1444 1954 1621 1989 Ecclesiam
1656 1957 1712 1989 Dei
1745 1958 1868 1990 meritis

1131 2005 1399 2048 conspicuorum,
1426 2013 1517 2048 vota,
1545 2009 1662 2051 quibus
1698 2011 1868 2043 beatorum

1130 2058 1279 2090 caelestis
1316 2060 1520 2093 Hierusalem
1553 2062 1671 2094 civium
1702 2062 1869 2097 immarce-

1129 2109 1234 2141 scibili
1259 2111 1382 2152 gloriae
1407 2115 1526 2146 corona
1558 2114 1784 2147 redimitorum
1817 2127 1869 2148 ve-

1128 2162 1255 2194 neratio
1281 2163 1314 2195 in
1341 2164 1434 2197 terris
1458 2173 1680 2208 promovetur,
1708 2169 1747 2200 ad
1773 2180 1869 2202 exau-

1105 2215 1260 2258 }ditionis
1286 2217 1421 2257 gratiam
1453 2222 1589 2261 paterna
1620 2221 1779 2255 charitate
1812 2224 1867 2255 ad-

348 2259 489 2290 tionibus
525 2265 558 2292 et
587 2261 845 2295 ordinationibus
883 2262 1106 2306 apostolicis„¹

343 2322 473 2344 necnon
498 2312 647 2346 omnibus
672 2319 704 2346 et
728 2315 863 2357 singulis
893 2318 968 2356 illis,
1001 2330 1081 2361 quac
1104 2340 1105 2346 κ

345 2365 377 2396 in
402 2365 553 2407 praefatis
576 2365 666 2398 Pauli
690 2368 933 2409 praedecesoris
967 2371 1081 2404 litteris
1103 2370 1105 2407 J
1127 2375 1309 2408 charissimi
1324 2377 1357 2409 in
1371 2378 1499 2412 Christo
1516 2380 1569 2412 tilii
1584 2382 1682 2413 nostri
1696 2382 1865 2416 CaroliHi-

1103 2466 1104 2470 Ἰ
1126 2428 1310 2470 spaniarum
1328 2430 1414 2472 regis
1435 2433 1586 2466 ‘catholici
1607 2440 1638 2466 et
1658 2436 1865 2469 charissimae

1103 2481 1104 2489 ¹
1127 2480 1158 2512 iu
1184 2480 1313 2514 Christo
1339 2482 1423 2516 tiliae
1449 2491 1578 2518 nostrae
1604 2487 1789 2521 Mariannae
1816 2500 1867 2521 ea-

1128 2268 1300 2301 mittamus.

1169 2322 1229 2364 §l
1249 2323 1334 2355 Alias
1354 2323 1514 2367 siquidem
1531 2337 1599 2366 nos⁷
1616 2327 1678 2371 piis
1696 2329 1863 2373 enixisque

1902 2333 2059 2359 issaar-imatus

1876 2365 1953 2384 «latum.

1126 2534 1275 2567 rumdem
1293 2535 1521 2579 Hispaniarum
1541 2541 1671 2580 reginae
1690 2542 1867 2575 catholicae

1127 2586 1254 2628 viduae,
1282 2587 1351 2621 eius
1378 2590 1552 2632 genitricis,
1587 2593 1738 2634 precibus
1771 2595 1865 2626 nobis

1128 2639 1296 2673 humiliter
1320 2643 1482 2684 porrectis
1506 2644 1656 2677 inclinati.
1685 2653 1717 2678 ut
1743 2647 1774 2678 in
1800 2658 1867 2680 on]-
