2279 3260
142 248 193 275 An.
208 248 237 274 C.
261 249 329 276 ¹672

181 679 240 699 nona
257 684 328 698 eorum

147 706 293 725 ‹tm-‹uteunum
303 704 328 724 nb

148 734 247 751 ...nunno
271 736 328 750 man·
341 721 501 761 dinamus,
527 721 682 763 vobisque
710 720 857 753 omnibus
882 725 914 751 ct
944 719 1079 759 singulis

204 764 250 777 esso
273 757 328 777 dcte*
342 774 347 779 ,

146 785 212 804 mm
232 783 258 803 aa
281 784 328 804 nat·-
341 775 546 815 indulgemus

147 811 215 831 rudus.

965 248 1106 271 crnnnxs

338 302 372 331 ut
396 309 433 330 ox
460 303 543 337 tune,
561 303 593 330 et
617 307 632 329 e
658 302 781 334 contra,
800 296 1016 339 approbxuuus
1044 301 1069 325 vt

336 351 573 390 confirmamus,
597 362 632 382 ac
653 350 756 382 valida
782 354 812 380 et
838 349 978 380 ct'tieacia
1004 358 1073 379 esse

287 397 289 399 ,
336 409 367 437 et
404 405 479 443 l'orc,
505 403 724 446 perpetuaque
760 401 889 435 roboris
927 401 1073 432 firmitate

336 456 510 489 subsistere
535 457 682 488 volumus
699 467 706 495 ·,
727 465 906 497 omnesque
925 459 956 485 ct
972 454 1077 495 singu-

338 511 387 542 los
406 509 482 541 iuris
501 513 532 541 et
549 508 622 540 sacti
641 519 676 540 ac
697 507 952 545 solemnitatum,
980 506 1075 538 etiam
1102 527 1107 540 .

339 561 609 600 substantialium,
639 561 802 600 descetus,
835 561 859 592 si
886 560 940 603 qui
971 560 1075 591 forsan

339 615 575 647 intervenerint
600 615 630 646 in
657 614 790 653 eisdem,
819 615 1020 656 supplemus.

384 669 397 709 ‚Q
423 667 453 700 8.
480 668 517 700 Et
541 668 755 701 nihilominus
781 668 946 699 statuimus
972 672 1004 699 et
1028 676 1079 698 or-

562 801 569 813 ,
597 779 641 813 ut,
674 773 798 806 etiamsi
832 772 1003 814 contigerit
1027 781 1079 803 ve-

341 832 442 859 strum
460 827 638 869 quemlibet
656 827 693 859 ab
712 826 873 863 intestato,
889 830 920 857 et
933 825 1000 856 sine
1014 825 1079 856 ulla

342 890 446 911 reruni
474 884 505 911 et
528 879 688 911 bonorum
714 888 846 910 suorum
873 876 1076 915 huiusmodi,

340 933 390 964 vel
416 942 489 964 cum
515 930 654 963 invalida
672 935 704 961 et
728 930 833 962 minus
850 929 995 970 legitima
1020 928 1080 960 dis-

341 984 518 1026 positione,
545 983 577 1015 in
602 992 803 1025 quacumque
829 981 939 1013 mundi
972 986 1078 1023 parte,

342 1036 437 1067 etiam
464 1036 493 1067 in
521 1035 604 1067 dieta
626 1035 723 1072 curia,
742 1035 791 1066 vel
818 1039 907 1066 extra
932 1034 1002 1066 loca
1026 1033 1081 1065 dc-

342 1089 426 1121 hitac
442 1099 458 1120 a
473 1087 560 1119 vobis
577 1087 756 1130 1·‹2·sp‹.³‹·tive
773 1087 974 1125 residentiae,
986 1085 1080 1117 etiam

344 1141 432 1173 nulla
451 1140 645 1172 subsistente
665 1142 767 1176 causa,
787 1140 955 1177 decederey
974 1138 1080 1171 omnia

345 1199 377 1226 et
401 1194 525 1235 singula
551 1194 654 1230 ltiona,
685 1204 735 1225 rcs
761 1198 789 1225 et
816 1193 899 1230 iura,
921 1192 1079 1231 actiones,

345 1246 474 1284 fructus,
491 1245 664 1288 sensiones
684 1249 715 1277 et
732 1245 793 1277 alia
811 1256 1032 1287 quaecumque
1052 1250 1082 1275 ct

344 1299 591 1342 qualiacumque
611 1310 709 1341 supra
727 1310 885 1342 expressa,
900 1309 964 1331 non
979 1299 1016 1330 ad
1032 1298 1080 1330 So-

343 1353 415 1385 dem
430 1358 459 1385 et
470 1352 634 1385 Cameram
649 1353 697 1384 vel
714 1352 867 1385 eeclesias
881 1357 912 1384 et
925 1357 1081 1384 monaste-

342 1405 389 1437 ria
407 1411 437 1436 et
455 1404 611 1436 beneficia
629 1405 806 1447 praedicta,
827 1415 880 1437 seu
900 1404 992 1436 ineis
1010 1415 1081 1436 suc-

343 1468 499 1496 cessores,
519 1457 575 1489 sed
603 1458 640 1489 ad
668 1458 825 1490 haeredes
851 1457 1016 1498 sauguinis
1031 1467 1082 1488 cu-

344 1510 473 1542 iuslibet
493 1517 635 1542 vestrum
655 1510 847 1552 respective,
864 1516 893 1542 et
915 1521 1082 1552 quoscum-

344 1574 405 1606 que
432 1563 511 1595 alios
535 1569 677 1596 vestrum
705 1563 834 1596 cuilibet
863 1564 902 1595 ab
929 1563 1081 1595 intestato

345 1617 566 1655 succedentes,
596 1617 720 1659 integre
746 1617 898 1649 devenire
928 1617 1078 1649 debeant.

389 1670 413 1710 ξ.
439 1670 470 1701 ti.
512 1669 729 1701 Dec-eruentes
756 1669 863 1701 omnia
899 1674 930 1701 et
955 1670 1082 1711 singula

180 1730 258 1750 Eadem
280 1729 333 1749 bona
347 1722 535 1765 praedicta,
571 1722 667 1754 etiam
693 1727 727 1754 ut
752 1724 932 1765 praefertur
958 1723 1083 1765 qualili-

153 1757 224 1777 exuuit
236 1764 247 1776 a
257 1758 336 1782 sputus.

348 1781 426 1814 cata,
454 1785 579 1806 necnon
605 1776 708 1817 spolia
734 1781 765 1808 et
783 1786 1003 1818 quaecumque
1022 1776 1083 1808 aliu

348 1837 406 1870 per
421 1838 474 1859 vos
493 1826 540 1859 et'
560 1827 738 1869 quemlibet
752 1833 891 1860 vestrum
908 1828 1082 1870 respective

348 1890 405 1922 pro
425 1884 571 1921 tempore
594 1879 716 1918 relicta,
736 1891 788 1912 res
808 1885 839 1912 et
855 1881 952 1919 bona,
970 1891 1005 1912 ac
1022 1881 1083 1913 alia

346 1933 533 1975 praeniissa,
561 1933 651 1964 nullo
673 1943 816 1975 unquam
840 1938 986 1976 tempore
1006 1939 1084 1966 tam-

348 1996 444 2028 quam
466 1985 569 2027 spolia
601 1986 640 2016 ad
666 1995 725 2018 nos
759 1996 795 2017 ac
825 1985 941 2018 Sedem
974 1991 1006 2018 et
1030 1986 1085 2018 Ca-

348 2050 470 2072 meram
494 2039 676 2082 praedictas
704 2039 830 2072 devolvi
856 2050 913 2072 seu
935 2045 1084 2083 spectare

351 2093 599 2136 quomodolibet
623 2093 791 2135 praetendi
814 2103 926 2135 posse;
954 2104 990 2126 ac
1011 2094 1086 2125 bae-

352 2146 462 2185 redes,
489 2145 676 2177 donatarios
708 2151 739 2177 et
764 2145 861 2185 alios,
889 2147 927 2178 ad
949 2157 1085 2190 quorum

351 2199 490 2230 savorem
518 2198 602 2230 bona
628 2198 696 2241 ipsa
721 2198 833 2240 quovis
855 2200 950 2231 modo
976 2200 1086 2232 relicta

350 2261 421 2283 esse
447 2261 503 2282 seu
528 2250 568 2282 ad
593 2261 673 2293 quos
698 2250 753 2282 illa
777 2251 815 2283 ab
842 2251 992 2285 intestato
1016 2263 1087 2295 spc-

349 2309 435 2335 ctare
467 2302 652 2345 contigerit,
686 2313 813 2336 necnon
843 2311 1028 2338 executores
1058 2311 1089 2338 et

349 2356 431 2388 alios
464 2356 580 2398 qiubus
617 2356 782 2398 negotium
814 2358 1012 2391 executionis
1037 2370 1089 2391 vc-

351 2413 494 2440 strarum
513 2408 713 2440 voluntatum
733 2409 918 2443 huiusmodi
936 2411 1090 2454 respecti-

350 2471 386 2493 ve
412 2460 656 2502 commiseritis,
683 2461 721 2493 ad
750 2463 940 2496 solvendum
966 2464 1090 2496 tertiam

351 2515 401 2546 vel
431 2514 526 2545 aliam
558 2519 684 2556 partem
709 2515 870 2547 bonorum
901 2517 1088 2549 eorumdem

353 2577 411 2609 per
440 2567 618 2609 quemlibet
649 2573 788 2600 vestrum
824 2569 1001 2611 respective
1033 2580 1090 2612 pro

392 2630 401 2654 1
424 2629 564 2655 Coniunct.
588 2631 614 2656 et
635 2638 681 2656 uos
701 2630 823 2657 addimus
843 2632 878 2665 (R.
900 2630 947 2665 Τ.).

1758 235 1821 269 319
1867 244 1916 270 An.
1934 243 1962 269 c.
1986 243 2052 270 1072

1118 301 1261 337 tempore
1277 294 1473 332 relictorum,
1489 304 1569 336 quac
1587 293 1689 325 forsan
1712 305 1770 336 per
1783 304 1856 326 con-

1118 347 1298 379 stitutiones
1324 346 1529 389 apostolicas,
1558 352 1610 377 aut
1634 347 1711 378 :dias
1730 347 1768 377 dc
1787 346 1854 379 iure

1119 400 1166 431 vcl
1192 399 1434 437 consuetudine,
1449 403 1524 441 post
1541 398 1663 430 obitum
1683 398 1855 431 cuiuslibet

1119 457 1258 484 vestrum
1295 452 1333 483 ad
1370 452 1487 483 dictam
1524 450 1707 489 Caius-rani,
1739 457 1792 483 :uit
1815 452 1853 483 ad

1121 515 1178 537 nos
1197 510 1228 537 et
1241 515 1441 536 successores
1459 509 1585 535 nostros
1602 504 1761 535 Romanos
1775 504 1856 535 Pon-

1122 556 1222 588 tifices
1247 562 1408 599 spectare,
1444 567 1499 587 seu
1533 556 1563 588 in
1598 556 1667 598 pios¹
1696 557 1745 588 vel
1775 556 1855 588 alios

1120 619 1204 647 usus,
1231 615 1262 642 ct
1287 610 1394 641 t'orsan
1427 614 1539 641 contra
1564 608 1720 647 infideles,
1747 614 1801 641 aut
1825 609 1855 641 in

1122 662 1274 693 labrieam
1298 662 1500 704 supradistae,
1526 662 1679 694 basilicae
1700 661 1858 704 Principis

1123 716 1351 757 Apostolorum
1386 716 1423 747 de
1450 715 1550 753 Urbe,
1587 716 1635 748 vel
1671 716 1856 747 eorumdem

1122 768 1400 806 monasteriorum,
1416 772 1468 799 aut
1486 768 1695 800 ecclesiarum
1715 773 1746 799 et
1761 768 1860 800 bene-

1122 820 1268 853 ficiorum
1285 821 1534 863 praedictorum,
1548 832 1601 853 seu
1617 821 1775 854 cruciatae
1789 833 1861 854 san-

1124 879 1204 913 ctae,
1221 875 1270 906 vel
1289 875 1369 906 alios
1385 885 1461 905 usus
1479 874 1619 907 converti
1643 874 1785 913 deberet,
1803 885 1862 907 scu

1123 927 1198 958 dum
1224 926 1366 959 vixeritis
1392 927 1571 969 respective
1597 932 1784 960 convertere
1811 928 1864 960 de-

1124 979 1238 1019 beatis,
1257 979 1412 1021 illudque,
1432 980 1519 1011 nulla
1540 980 1742 1012 subsistente
1757 983 1862 1020 causa,

1124 1032 1181 1064 sed
1199 1043 1257 1075 pro
1276 1031 1451 1064 cuiuslibet
1466 1036 1606 1064 vestrum
1629 1033 1805 1075 respective
1832 1033 1864 1066 li-

1124 1085 1189 1117 bito
1209 1085 1382 1117 voluntatis
1400 1085 1683 1127 praetermiseritis
1699 1086 1807 1128 (quam
1826 1097 1864 1118 ex

1124 1149 1209 1170 nunc
1236 1138 1324 1170 robis
1343 1144 1374 1170 et
1390 1144 1532 1170 vestrum
1554 1138 1696 1178 cuilibet,
1718 1139 1865 1171 baeredi-

1124 1191 1259 1234 busque,
1285 1190 1480 1232 donatariis,
1505 1201 1540 1223 ac
1565 1191 1636 1223 aliis
1662 1202 1866 1234 quocumque

1127 1243 1228 1282 titulo,
1255 1244 1351 1275 etiam
1377 1244 1415 1275 ab
1441 1243 1606 1281 intestato,
1627 1243 1866 1276 sut-cessoritms

1125 1297 1238 1329 vestris
1256 1297 1441 1329 huiusmodi
1463 1297 1643 1330 liberaliter
1662 1302 1692 1329 et
1711 1297 1803 1329 titulo
1821 1297 1867 1329 ir-

1126 1350 1316 1382 revocabilis
1334 1350 1518 1382 donationis
1540 1349 1622 1382 inter
1640 1350 1728 1386 vivos
1750 1349 1867 1392 gratio-

1125 1414 1156 1435 se
1176 1404 1329 1436 donamus
1346 1408 1377 1435 et
1395 1403 1584 1445 elargimur)
1600 1403 1733 1435 minime
1753 1403 1866 1436 teneri.

1169 1456 1183 1498 ξ
1213 1454 1260 1487 lt).
1287 1455 1350 1487 Nee
1375 1465 1474 1497 super
1498 1455 1592 1487 bonis
1610 1466 1669 1497 per
1688 1455 1869 1498 quemlibet

1127 1514 1279 1546 vestrum,
1296 1513 1329 1539 ut
1347 1508 1537 1550 praefertur,
1553 1518 1609 1539 seu
1628 1507 1705 1539 alias
1719 1519 1777 1551 pro
1794 1514 1866 1541 tem-

1126 1572 1205 1604 pore
1232 1561 1414 1605 dispositis,
1441 1572 1495 1593 seu
1522 1561 1619 1594 etiam
1647 1562 1685 1594 ab
1714 1562 1866 1594 intestato

1126 1614 1259 1654 relictis,
1280 1625 1338 1658 per
1355 1614 1566 1647 camerarium
1588 1626 1643 1647 seu
1660 1625 1867 1657 procamera-

1126 1668 1208 1699 rium
1232 1672 1379 1700 nostrum
1404 1678 1463 1710 pro
1491 1673 1638 1710 tempore
1664 1667 1866 1707 existentem,

1127 1720 1364 1753 thesaurarium
1382 1721 1579 1762 generalem,
1599 1720 1866 1760 commissarium,

1127 1774 1330 1811 collectores,
1345 1774 1590 1812 subcolletores,
1606 1779 1659 1805 aut
1673 1774 1753 1806 alios
1771 1785 1868 1817 quos-

1127 1837 1262 1869 cumque
1288 1831 1422 1868 agentes
1447 1836 1504 1868 pro
1526 1826 1609 1857 dicta
1626 1825 1767 1866 Camera,
1788 1838 1868 1869 quo-

1127 1879 1172 1911 vis
1198 1884 1373 1922 praetextu,
1399 1879 1603 1919 auctoritate,
1630 1884 1798 1922 potestate,
1821 1891 1870 1912 oc-

1128 1932 1258 1964 casione
1283 1933 1332 1964 vel
1359 1934 1463 1971 causa,
1490 1942 1604 1963 manus
1631 1931 1727 1972 iniici,
1747 1933 1870 1965 minus-

1128 1995 1188 2027 que
1214 1985 1258 2016 eis
1285 1984 1425 2026 aliquam
1452 1984 1716 2026 descriptionem,
1743 1995 1799 2017 seu
1824 1985 1871 2017 in-

1128 2037 1309 2071 ventarium
1323 2038 1371 2069 vel
1387 2037 1641 2080 depositum‚aut
1654 2043 1868 2081 sequestrum,

1128 2102 1183 2123 seu
1210 2091 1286 2134 quid
1312 2091 1414 2124 simile
1449 2092 1575 2130 facere,
1600 2096 1781 2130 attentare,
1811 2103 1868 2125 seu

1129 2144 1344 2187 praetendere
1370 2143 1482 2184 licere,
1509 2155 1615 2187 neque
1642 2155 1776 2187 percos
1796 2144 1868 2177 vel¹

1130 2203 1255 2230 vestros
1279 2197 1311 2229 in
1337 2197 1491 2237 ecclesiis,
1510 2198 1716 2230 monasteriis
1741 2199 1790 2231 vel
1813 2199 1870 2231 be-

1131 2252 1253 2284 neficiis
1271 2252 1451 2295 respective
1470 2262 1682 2292 successores,
1698 2258 1750 2284 aut
1768 2252 1869 2285 dictae

1133 2305 1271 2338 fabricae
1292 2306 1507 2348 praepositos,
1526 2305 1575 2337 vel
1594 2305 1675 2337 alios
1701 2316 1872 2347 quoscum-

1133 2368 1204 2400 que,
1231 2357 1342 2400 quovis
1366 2358 1473 2397 modo,
1500 2358 1620 2390 directe
1639 2359 1687 2390 vel
1714 2357 1871 2390 indirecte

1134 2410 1243 2452 (etiam
1258 2421 1293 2442 ex·
1312 2412 1407 2441 causa
1421 2410 1549 2442 illicitae
1567 2410 1805 2452 negotiationis,
1822 2412 1870 2443 vel

1134 2464 1219 2507 quod
1232 2464 1350 2495 fructus
1362 2463 1585 2502 ecclesiarum,
1598 2463 1869 2495 monasteriorum

1135 2522 1167 2549 et
1190 2516 1422 2549 beneficiorum
1447 2516 1707 2559 praedictorrun,
1734 2522 1869 2559 propter

1136 2580 1200 2602 non
1227 2569 1435 2601 residentiam
1453 2570 1502 2601 vel
1529 2568 1868 2611 incompatibilitatem

1130 248 1146 270 X
1173 248 1220 270 ΡΡ.

1905 1518 1972 1538 Euam
1988 1519 2003 1538 zi
2021 1519 2062 1538 sru-

1878 1546 1923 1564 ctus
1950 1546 2061 1564 bendictu-

1878 1577 1921 1590 ruin
1931 1572 1957 1591 ab
1969 1578 1998 1590 vis
2015 1578 2061 1596 po<-

1877 1603 1981 1617 sessorum
2007 1598 2060 1617 rnatu

1878 1627 1897 1642 et
1913 1624 2005 1644 indebite
2017 1630 2062 1650 per·

1878 1653 1980 1676 ceperint.

1172 2633 1183 2657 t
1202 2630 1339 2658 Particula
1352 2630 1393 2658 vel
1404 2631 1513 2659 omnino
1525 2630 1641 2658 delenda
1654 2630 1756 2657 videtur
1766 2632 1803 2664 (R.
1817 2629 1865 2665 aa).
