2279 3260
139 247 191 274 An.
211 245 241 273 C.
264 244 332 274 ¹676

331 295 561 338 praestabunt,
587 300 617 328 et
654 294 845 338 praesertim
876 300 1087 337 procurator*

333 348 494 389 generalis
527 347 701 390 Hispaniae
738 348 769 380 id
806 347 900 380 saciat
931 346 1065 389 singulis

331 399 540 432 semestribus
574 409 632 442 per
665 400 803 439 librum,
838 399 870 431 in
902 409 966 442 quo
992 409 1067 431 cun—

332 458 457 484 ctorum
477 451 634 483 rationem
651 451 803 494 scriptam
822 451 951 490 habeat,
979 455 1010 483 et
1035 451 1066 482 in

332 503 475 536 absentia
494 503 614 546 prioris
640 504 799 545 generalis
816 503 960 536 notitiam
977 503 1066 535 illam

332 562 363 589 et
379 556 537 589 rationem
556 556 710 599 praebeat
730 555 892 589 definitori
911 554 1068 597 antiquio-

332 609 356 640 ri
383 608 531 641 existenti
556 608 589 641 in
606 609 694 641 curia
718 609 805 651 regia
821 620 828 649 ;
848 614 879 641 et
896 613 969 640 ante
987 607 1066 639 lines

331 672 463 694 suorum
487 661 664 694 officiorum
684 666 820 704 uterque
845 661 1006 692 rationem
1023 669 1068 691 ac·
1094 665 1097 668 “

331 714 415 758 cepti
440 721 471 748 et
496 714 627 757 expensi
663 714 697 746 in
733 714 925 747 executione
957 721 1068 744 eorum

332 767 416 810 patri
440 767 585 810 generali
610 767 750 800 fideliter
775 767 924 799 reddant.

375 831 405 854 v.
425 821 594 853 Hortamur
611 825 718 863 patres
734 823 959 862 procuratores
977 827 1069 859 gene-

331 874 416 907 rales
441 879 472 906 et
495 874 591 906 etiam
615 873 845 906 conventuales
876 876 911 903 ut
942 879 1069 912 semper

332 937 369 959 ac
392 926 562 960 commode
582 926 651 959 fieri
676 926 780 969 possit
805 934 864 968 per
888 924 1069 956 saeculares

332 985 560 1023 procuratores
597 979 732 1020 negocia
763 976 909 1020 expediri
942 975 1067 1014 saciant,

333 1038 368 1065 ut
392 1032 438 1065 sic
455 1032 639 1074 frequentes
658 1041 771 1064 eorum
789 1039 939 1072 egressus
962 1039 978 1060 e
996 1037 1070 1060 con-

333 1089 431 1118 ventu
451 1083 602 1116 vitentur.

375 1146 419 1169 v1.
446 1135 541 1168 Pater
564 1139 757 1178 procurator
781 1132 940 1176 generalis
958 1132 1069 1165 Curiae

332 1188 495 1221 Romanae
520 1198 586 1220 non
606 1188 711 1220 valeat
734 1187 803 1220 sine
827 1186 960 1220 licentia
984 1185 1071 1228 capi-

331 1242 391 1274 tuli
417 1241 579 1283 generalis
605 1240 777 1283 impetrare
794 1250 811 1272 a
828 1239 909 1272 Sede
931 1240 1071 1281 Aposto-

333 1295 395 1328 lica
413 1294 537 1326 litteras
556 1293 758 1336 pertinentes
775 1293 814 1325 ad
833 1291 980 1334 regimen
1001 1291 1071 1323 uni-

332 1348 457 1381 versale
482 1346 626 1386 Ordinis,
652 1356 712 1379 nec
737 1346 879 1378 savorem
913 1346 961 1377 vel
986 1344 1071 1377 auxi-

334 1400 415 1435 lium
437 1399 509 1433 aliis
533 1399 573 1432 ad
597 1399 629 1432 id
654 1404 843 1442 praestare:
871 1398 957 1441 quod
975 1397 1001 1430 si
1019 1397 1071 1429 ali-

335 1463 399 1496 quo
424 1453 521 1485 modo
548 1456 580 1485 et
604 1452 653 1484 via
678 1452 706 1484 ei
732 1451 914 1484 constiterit
929 1450 1072 1492 aliquem

334 1504 524 1547 religiosum
558 1504 590 1536 id
627 1504 928 1547 quomodocumque
967 1503 1072 1534 inten-

335 1558 425 1598 dere,
451 1562 613 1597 teneatur,
640 1556 698 1589 sub
724 1556 880 1599 praestito
906 1555 1070 1588 fidelitatis

336 1610 528 1650 iuramento,
555 1610 737 1652 patefacere
765 1609 962 1649 definitorio,
989 1615 1020 1641 et
1039 1609 1072 1641 in

337 1663 488 1696 omnibus
513 1663 652 1704 negotiis
679 1662 848 1705 religionis
866 1668 972 1694 servet
996 1672 1071 1694 sem·

336 1726 395 1759 per
414 1716 650 1749 institutionem
674 1717 722 1748 vel
748 1715 998 1759 dispositionem
1023 1715 1072 1747 de-

336 1768 492 1809 smflorii,
519 1773 552 1802 et
574 1768 657 1801 nihil
689 1769 810 1812 absque
843 1768 912 1801 eius
943 1767 1073 1801 licentia

307 1851 315 1856 ,
338 1827 506 1865 operetur.

381 1885 437 1908 v11.
460 1874 597 1912 Quilibet
617 1873 801 1917 religiosus,
819 1874 881 1907 nisi
900 1874 995 1907 suerit
1019 1874 1073 1906 de-

337 1927 458 1967 finitor,
476 1937 536 1970 per
556 1927 689 1959 Romam
714 1933 842 1970 petens,
862 1929 911 1960 vel
936 1928 968 1959 in
984 1927 1074 1960 ltalia

339 1979 491 2019 existens,
504 1980 661 2012 subdatur
676 1980 834 2020 ministro,
847 1986 879 2013 et
893 1981 926 2013 in
940 1981 1008 2013 eius
1021 1981 1074 2013 ab—

338 2033 442 2066 sentia
464 2033 670 2076 procuratori
701 2034 845 2075 generali
877 2033 989 2067 Curiae
1016 2034 1075 2066 Ro-

338 2096 460 2126 manae,
495 2091 526 2118 et
561 2085 608 2118 illi
642 2086 808 2119 licentiam
834 2087 1021 2120 manifestet
1044 2092 1075 2119 et

340 2149 467 2171 causam
486 2138 554 2171 viae
579 2149 656 2171 suae
678 2139 823 2172 declaret
840 2145 1002 2183 tamquam
1027 2151 1075 2172 su-

341 2190 472 2232 periori,
490 2191 539 2222 cui
556 2191 589 2223 in
607 2191 759 2224 omnibus
774 2192 909 2225 obedire
926 2197 1073 2233 tenetur;

342 2242 430 2285 quod
454 2243 479 2274 si
505 2243 620 2286 aliquis
650 2245 772 2287 absque
804 2245 913 2278 debita
945 2246 1075 2279 licentia

342 2296 418 2328 illuc
442 2296 605 2338 profectus
630 2297 738 2337 suerit,
766 2297 913 2331 minister
936 2299 1077 2332 remittat

342 2348 376 2380 in
395 2347 580 2390 Hispaniam
605 2349 644 2382 ad
667 2355 915 2392 procuratorem
942 2361 1077 2394 genera-

342 2401 407 2434 lem
431 2401 482 2433 vel
507 2401 546 2433 ad
571 2411 662 2434 suum
684 2403 924 2445 provincialem,
943 2405 1015 2445 nisi,
1031 2411 1076 2438 at-

343 2452 443 2485 tentis
468 2452 737 2495 circumstantiis,
769 2455 914 2489 videatur
943 2463 1077 2500 propter

343 2506 456 2548 culpas
482 2505 515 2537 in
538 2516 702 2539 carcerem
720 2507 863 2551 iniicere,
882 2511 932 2543 vel
948 2510 1009 2543 alio
1027 2521 1077 2544 re-

343 2558 452 2591 medio
477 2558 533 2590 uti.

387 2621 455 2647 vul.
476 2612 569 2645 Pater
585 2620 775 2656 procurator
788 2616 947 2659 generalis
965 2617 1076 2661 Hispa·

966 245 1107 271 CLEMENS
1127 248 1146 272 X
1170 248 1218 272 PP-

1109 305 1181 328 mae
1218 296 1260 328 sit
1289 296 1378 329 valde
1406 297 1539 339 vigilans
1569 298 1599 330 in
1635 299 1841 341 expeditione

1109 348 1313 388 negotiorum
1339 348 1398 381 sibi
1424 360 1441 381 a
1466 350 1618 392 praelatis
1651 351 1843 382 conunisso-

1108 410 1187 440 rum,
1204 412 1284 444 quae
1299 402 1427 445 quidem
1445 408 1575 435 tenetur
1593 414 1688 445 agere
1704 410 1734 436 ct
1751 415 1843 446 cxpe-

1109 453 1189 486 dire.
1217 455 1255 487 At
1280 465 1354 488 vero
1381 455 1449 488 sine
1467 466 1626 488 consensu
1653 457 1751 498 patris
1770 467 1842 498 pro-

1109 505 1253 542 vincialis
1281 517 1446 550 nunquam
1472 507 1686 540 saecularium
1712 508 1843 549 negotia

1108 558 1158 590 vel
1179 559 1311 601 propria
1329 559 1514 601 personalia
1532 560 1580 592 vel
1599 559 1732 592 alicuius
1751 560 1843 602 parti-

1110 610 1225 643 cularis
1241 611 1385 653 religiosi
1403 617 1512 653 geral;
1532 622 1631 654 super
1649 612 1844 644 difficultati-

1109 663 1168 695 bus
1186 668 1303 704 autem,
1324 675 1404 707 quae
1422 664 1454 696 in
1472 665 1662 698 executione
1681 665 1729 697 sui
1747 665 1844 697 officii

1110 717 1320 757 occurrerint,
1337 719 1487 750 consulat
1505 723 1629 761 patrem
1644 719 1842 760 generalem.

1153 780 1194 802 lx.
1215 770 1450 803 Conventuales
1474 776 1702 813 procuratores
1728 772 1846 813 eligan-

1110 827 1161 853 tur
1185 833 1202 854 a
1220 823 1431 856 conventibus
1448 834 1506 856 seu
1522 823 1680 866 collegiis,
1699 825 1845 857 consulto

1111 879 1143 907 et
1159 876 1361 917 approbante
1378 881 1470 918 patre
1485 876 1688 919 provinciali.
1699 876 1846 909 Officium

1110 928 1326 969 procuratoris
1351 929 1571 961 conventualis
1596 930 1722 972 expiret
1747 935 1848 961 trans-

1111 985 1180 1013 acto
1214 991 1324 1013 mense
1360 981 1486 1023 integro
1524 988 1599 1023 post
1637 987 1800 1024 acceptam
1832 993 1848 1013 a

1111 1032 1256 1065 ministro
1282 1033 1389 1066 denuo
1417 1034 1521 1066 electo
1551 1033 1637 1066 illius
1670 1035 1849 1077 possessio—

1112 1095 1186 1117 nem
1206 1090 1381 1118 conventus
1408 1090 1441 1118 et
1464 1086 1595 1128 collegii
1612 1087 1698 1129 quod
1718 1087 1850 1119 manda—

1113 1143 1179 1169 tum
1202 1137 1425 1180 procuratoris
1452 1138 1560 1178 dedit·,
1595 1138 1621 1170 si
1656 1149 1732 1171 vero
1766 1139 1849 1181 patri

1113 1190 1303 1233 provinciali
1329 1195 1360 1223 et
1380 1191 1601 1224 communitati
1622 1191 1723 1223 visum
1742 1191 1849 1230 suerit,

1113 1244 1233 1286 poterit
1256 1243 1371 1286 reeligi
1396 1254 1470 1276 cum
1496 1243 1626 1276 licentia
1651 1243 1849 1283 delinitorii3

1113 1297 1201 1339 quod
1227 1297 1369 1340 quidem,
1387 1303 1558 1340 antequam
1575 1298 1664 1330 illam
1685 1298 1850 1337 concedat,

1114 1350 1260 1383 notitiam
1285 1355 1377 1383 curet
1401 1351 1523 1383 habere
1545 1351 1583 1384 de
1605 1351 1748 1383 moribus
1775 1350 1851 1384 dicti

1114 1403 1336 1445 procuratoris
1352 1408 1383 1436 et
1399 1402 1431 1435 a'
1451 1403 1623 1436 sedulitate
1643 1404 1674 1435 in
1693 1405 1852 1437 executio-

1115 1465 1154 1488 ne
1179 1455 1228 1488 sui
1253 1455 1361 1488 oflicii.
1382 1455 1495 1488 Totum
1521 1462 1627 1489 autem
1652 1456 1684 1488 in
1702 1457 1761 1488 hac
1778 1467 1854 1489 con-

1115 1508 1282 1541 stitutione
1302 1518 1490 1551 expressum
1505 1509 1609 1551 quoad
1626 1516 1851 1551 procuratores

1115 1561 1351 1600 conventuales,
1370 1570 1502 1603 prorsus
1523 1567 1554 1593 et
1577 1561 1610 1594 in
1636 1562 1786 1594 omnibus
1805 1563 1852 1594 in-

1117 1614 1217 1656 telligi
1232 1615 1379 1648 volumus
1393 1615 1431 1646 de
1446 1614 1761 1648 administratoribus
1776 1627 1853 1658 qua-

1116 1678 1325 1710 rumcumque
1366 1668 1551 1700 facultatum
1597 1678 1653 1700 seu
1693 1669 1851 1701 bonorum

1115 1720 1346 1763 cuiuscumque
1373 1725 1551 1753 conventus
1579 1726 1610 1753 et
1633 1722 1776 1764 collegii.

1158 1783 1188 1805 x.
1211 1773 1441 1806 Procuratores
1466 1775 1696 1806 conventuales
1720 1775 1753 1807 in
1778 1774 1851 1807 civi»

1116 1826 1234 1859 tatibus
1251 1836 1306 1859 seu
1322 1826 1452 1869 oppidis
1468 1826 1523 1859 ubi
1541 1831 1615 1859 sunt
1627 1828 1850 1867 cancellariae,

1116 1878 1270 1921 regiaque
1285 1878 1423 1912 consilia
1435 1889 1492 1912 seu
1506 1880 1704 1920 audientiae,
1722 1886 1853 1914 tenean-

1117 1937 1167 1964 tur
1183 1932 1361 1975 suscipere,
1380 1942 1494 1974 gerere
1512 1937 1543 1965 et
1561 1933 1714 1975 expedire
1730 1934 1802 1966 lites
1821 1940 1852 1967 et

1116 1983 1245 2026 negotia
1268 1983 1396 2016 Ordinis
1421 1985 1461 2017 ad
1487 1984 1571 2018 dicta
1586 1985 1758 2027 regiafora
1775 1997 1851 2019 con-

1116 2036 1288 2077 currentia,
1307 2042 1338 2069 et
1362 2042 1472 2080 patres
1497 2037 1636 2070 ministri
1664 2039 1851 2072 huiusmodi

1116 2094 1332 2122 conventuum
1356 2100 1422 2122 non
1446 2096 1606 2133 occupent
1629 2102 1703 2123 suos
1735 2102 1852 2134 procu*

1117 2149 1244 2175 ratores
1270 2143 1349 2175 itaut
1381 2143 1546 2185 praedicta
1569 2143 1697 2177 Ordinis
1723 2145 1852 2187 negotia

1117 2206 1213 2239 agere
1238 2206 1303 2229 non
1327 2197 1467 2230 valeant.

1159 2260 1202 2282 x1.
1229 2250 1457 2283 Procuratores
1481 2261 1593 2284 omnes
1621 2254 1852 2286 conventuales

1118 2307 1150 2335 et
1173 2302 1452 2336 administratores
1476 2303 1636 2337 bonorum
1665 2311 1695 2339 et
1722 2307 1853 2339 faculta-

1118 2361 1185 2387 tum
1216 2355 1387 2388 cuiuslibet
1418 2362 1594 2390 conventus
1620 2368 1677 2390 seu
1701 2359 1849 2401 collegii,

1118 2407 1254 2451 singulis
1279 2408 1568 2450 quadrimestribus
1592 2410 1749 2443 rationem
1779 2412 1852 2444 red-

1119 2460 1196 2492 dant
1212 2459 1277 2492 suis
1293 2460 1447 2493 ministris
1465 2466 1496 2494 et
1512 2461 1703 2494 consiliariis
1720 2463 1759 2495 de
1780 2473 1853 2496 exe-

1119 2511 1249 2544 cutione
1273 2522 1404 2545 suorum
1428 2513 1619 2554 officiorum,
1645 2519 1677 2546 et
1701 2515 1739 2547 de
1765 2526 1853 2548 acce-

1120 2564 1180 2607 ptis
1206 2569 1238 2597 et
1255 2565 1405 2608 expensis
1424 2576 1482 2609 pro
1499 2576 1613 2599 corum
1631 2568 1847 2609 expeditione,

1158 2629 1168 2654 l
1190 2627 1341 2663 Praeposit.
1361 2637 1379 2655 a
1398 2628 1530 2655 redundat
1548 2634 1584 2663 (a.
1601 2629 1649 2663 r.)²

1735 239 1804 274 675
1850 249 1899 276 An.
1916 248 1945 277 c.
1967 249 2035 276 1076
