2279 3260
244 288 281 313 Au
309 287 336 313 C.
363 285 428 312 107⁴}

280 2417 319 2441 82,
335 2416 364 2436 Do
375 2415 437 2436 niodo

254 2444 337 2469 pvtvutlt
350 2443 438 2463 clm-mo-

254 2477 315 2495 sinas
327 2476 362 2495 pro
371 2471 434 2495 capu

256 2502 293 2517 ris.

474 275 536 308 1118

435 344 486 365 res
513 333 543 364 iu
579 333 644 365 suis
679 330 916 365 visitationibus
947 328 1102 370 colligam
1134 337 1171 358 ox

437 387 518 419 arcis
537 387 738 430 captivorum
768 384 855 428 quod
872 393 931 427 pro
953 382 1097 425 ipsorum
1122 390 1173 412 re-

437 439 624 481 demptione
642 438 809 471 inveniunt
825 440 1007 479 separatum
1025 433 1111 465 iuxta
1127 442 1173 464 ra-

437 492 555 525 tionem
583 492 613 524 in
640 491 722 524 libro
748 493 923 523 conventus
955 497 1013 519 seu
1043 484 1173 527 collegii

437 546 567 581 factam,
594 550 626 576 ot.
651 544 839 576 schedulam
866 544 1025 572 extractae
1057 542 1090 570 et
1124 547 1174 569 re-

437 603 548 641 ceptae
575 597 729 640 pecuniae
747 595 814 627 suis
831 591 1017 626 nominibus
1032 589 1175 623 subscri-

438 656 524 693 ptam
551 650 760 693 relinquant;
788 647 875 690 quod
901 645 987 678 idem
1006 643 1061 676 fiat
1077 652 1175 685 quan-

439 704 480 736 do
504 704 693 745 redemptor
727 702 775 733 vel
812 699 892 732 alius
928 697 1102 739 religiosus
1135 696 1173 727 de

438 766 600 789 consensu
634 760 666 786 et.
697 752 911 796 dispositione
943 750 1018 783 dicti
1048 750 1175 781 redem-

439 809 541 853 ptoris
566 811 613 842 vel
640 807 818 841 definitoris
845 804 1018 838 extraxerit
1038 814 1074 835 cx
1093 802 1174 835 arcis

439 863 560 905 aliquid
586 863 625 894 :ul
646 860 904 903 redemptionem
922 862 1084 901 spectans.
1103 855 1176 894 Qui-

437 916 519 949 libet.
543 920 649 947 autem
674 914 822 946 visitator
846 912 965 944 librum
991 910 1117 949 babeat,
1143 909 1174 941 in

439 980 503 1012 quo
529 969 648 1001 scribat
680 972 781 999 totum
807 965 893 1009 quod
919 964 1046 1007 colligit
1070 968 1102 996 et
1126 973 1176 995 re-

439 1022 525 1066 cipit,
547 1027 579 1053 ot
595 1022 626 1053 iu
647 1030 843 1063 unoquoque
862 1023 1020 1051 conventu
1039 1027 1095 1050 seu
1113 1018 1176 1049 col<

438 1076 534 1119 legio,
553 1085 588 1107 ex
603 1073 841 1118 pertinentibus
855 1072 893 1105 ad
907 1070 1175 1114 redemptionem,

439 1129 471 1162 in
498 1140 561 1172 quo
587 1132 619 1159 et
644 1126 851 1159 subscribant
875 1125 1021 1158 minister
1046 1129 1077 1157 et
1101 1134 1177 1156 con-

439 1182 552 1215 siliarii
583 1182 631 1213 vel
658 1179 787 1213 clavarii
817 1189 909 1211 arcae
941 1177 1177 1220 redemptionis

439 1236 630 1279 respective.

482 1299 552 1322 xm.
580 1287 717 1320 Praesati
742 1292 848 1319 autem
874 1285 1090 1328 provinciales
1122 1294 1176 1316 seu

440 1342 622 1374 visitatores
646 1340 829 1383 praedictas
854 1339 1017 1382 pecunias,
1044 1347 1102 1380 pro
1128 1348 1178 1369 ca-

439 1394 542 1438 ptivis,
561 1398 595 1425 ut
611 1393 731 1425 dictum
752 1397 814 1429 est,
841 1391 880 1423 ab
906 1391 983 1434 ipsis
1010 1391 1175 1428 collectas,

440 1452 602 1491 reponant
624 1447 656 1478 in
683 1445 824 1488 generali
851 1447 923 1477 arca
948 1454 1022 1476 suae
1048 1443 1179 1487 provin-

441 1501 507 1533 ciae
525 1528 532 1541 ‚
559 1505 733 1542 antequam
770 1498 940 1531 discedant
971 1508 988 1529 a
1017 1502 1178 1530 conventu

441 1555 494 1587 ubi
521 1555 592 1586 talis
618 1557 666 1585 est
691 1552 848 1591 arca,sub
872 1552 975 1595 poena
997 1550 1180 1594 suspensio-

441 1607 490 1640 nis
515 1606 554 1639 ab
575 1604 678 1638 officio
699 1614 758 1647 per
784 1609 849 1636 tres
872 1614 1012 1636 menses.

485 1670 547 1693 xtv.
568 1657 785 1701 Praecipiinus
802 1657 947 1700 patribus
965 1656 1180 1700 redemptori-

442 1714 501 1746 bus
521 1712 734 1756 captivorum,
752 1721 792 1743 ne
810 1720 870 1753 pro
899 1709 1179 1753 redemptionibus

443 1778 496 1801 aes
515 1767 657 1799 alienum
676 1764 745 1797 sine
763 1763 891 1797 licentia
909 1763 1084 1796 definitorii
1106 1774 1181 1796 con-

443 1821 584 1860 trabant,
603 1818 658 1851 sed
685 1818 860 1850 observent
876 1817 1122 1850 instructionem
1142 1817 1181 1849 ab

444 1873 514 1917 ipso
540 1876 654 1904 nostro
680 1869 868 1903 definitorio
893 1869 958 1902 illis
984 1869 1179 1912 iniunctam,

445 1927 503 1960 sub
540 1927 645 1969 poena
675 1923 866 1967 privationis
890 1923 979 1957 vocis
1004 1924 1126 1957 activae
1152 1929 1183 1957 et

444 1979 591 2024 passivae
611 1988 671 2021 per
692 1977 881 2010 triennium.

488 2043 537 2066 xv.
566 2032 673 2064 Patres
700 2030 915 2074 provinciales
939 2031 978 2063 ad
1006 2031 1183 2075 capitulum

446 2086 597 2129 generale
623 2084 771 2116 deferant
794 2083 1016 2116 testimonium
1043 2085 1185 2118 subseri-

445 2144 535 2182 ptum
554 2149 570 2170 a
589 2136 735 2170 clavariis
761 2145 853 2167 arcae
872 2137 1033 2179 generalis
1057 2138 1185 2170 redem-

446 2192 566 2236 ptionis
592 2190 804 2235 captivorum,
831 2190 864 2222 in
889 2201 952 2233 quo
978 2191 1095 2235 scripta
1120 2193 1185 2225 sint.

447 2246 555 2280 omnia
581 2245 637 2278 illo
663 2244 804 2276 triennio
830 2248 979 2287 separata
998 2255 1058 2288 pro
1083 2246 1184 2289 capti-

447 2302 492 2333 vis
518 2301 547 2332 111
575 2298 726 2332 omnibus
751 2298 963 2331 conventibus
984 2304 1015 2331 et
1039 2300 1185 2343 collegiis

448 2364 575 2386 suarum
602 2351 842 2395 provinciarum
866 2352 1058 2395 respective.

492 2418 513 2441 1.
543 2408 602 2439 ΡΓο
627 2405 741 2439 maiori
767 2406 843 2438 cura
868 2411 899 2438 et
924 2405 1090 2448 diligentia
1121 2408 1186 2440 col-

448 2460 569 2500 liuwudi
597 2460 821 2502 eleemosynas
846 2463 878 2491 et
902 2459 1009 2492 omnia
1029 2460 1068 2493 ad
1086 2460 1184 2504 capti-

451 2525 502 2547 vos
520 2512 707 2557 spectantia,
725 2513 759 2545 in
777 2513 923 2555 qualibet
935 2513 1101 2556 provincia
1122 2514 1187 2547 sint

449 2570 512 2602 duo
537 2569 586 2600 vel
612 2572 678 2599 tres
703 2566 847 2609 religiosi
872 2572 1102 2609 procuratores
1137 2578 1186 2601 re-

450 2621 645 2666 demptionis
678 2621 717 2653 ad
750 2620 916 2653 arbitrium
949 2625 981 2653 et
1005 2621 1187 2664 dispositio-

450 2687 523 2709 nem
547 2675 647 2719 patris
667 2674 885 2718 provincialis,
903 2673 955 2718 qui
983 2678 1014 2707 et
1040 2674 1187 2718 designa-

1006 276 1187 305 minantum
1211 276 1364 306 ΜΜᾸΜΥΜ

1215 327 1261 359 bit
1280 328 1326 361 eis
1351 331 1507 365 terminos
1522 333 1560 366 ad
1575 334 1731 377 petendas
1746 338 1777 368 et.
1790 332 1947 377 colligen-

1215 381 1269 413 das
1285 382 1386 415 dictas
1402 385 1637 430 eleemosynas.
1649 386 1949 431 Insuperpraecipi-

1216 444 1283 467 nius
1301 436 1448 477 patribus
1467 439 1728 482 redemptoribus
1745 440 1947 483 captivorum

1214 491 1249 518 ut.
1285 488 1455 531 designent
1489 491 1520 522 in
1557 492 1734 526 civitatibus
1759 498 1791 525 et
1820 492 1949 536 oppidis

1216 540 1363 582 syndicos
1389 547 1421 573 et
1445 544 1640 576 collectores
1663 546 1855 584 saeculares,
1877 554 1948 576 cum

1217 592 1366 626 facultate
1398 595 1568 628 sufficienti
1598 597 1637 629 ad
1669 597 1837 639 exigenda,
1869 596 1951 629 reci-

1217 644 1333 687 pienda
1359 652 1391 679 et
1414 649 1628 682 custodienda
1652 649 1759 691 legata
1784 654 1951 682 testamen-

1218 702 1331 738 torum,
1357 710 1492 743 operum
1519 701 1643 743 piorum
1671 702 1729 743 (ut.
1752 702 1887 744 vocant>
1920 706 1953 734 et

1218 752 1359 785 omnium
1377 754 1512 786 aliarum
1530 765 1635 787 rerum
1653 754 1887 797 pertinentium
1913 754 1952 788 ad

1218 805 1488 849 redemptionem.
1531 808 1618 845 Quae
1661 808 1769 840 onmia
1806 812 1953 851 tempore

1218 864 1293 902 apto
1319 860 1541 903 redemptores
1560 861 1618 904 ipsi
1638 861 1796 903 colligant
1821 862 1870 894 vel
1896 871 1955 904 per

1219 922 1250 944 se
1275 914 1323 945 vel
1360 923 1419 956 per
1452 913 1623 956 religiosos
1652 919 1887 957 procuratores,
1914 918 1954 955 et,

1219 967 1349 1008 quando
1367 967 1397 998 iu
1420 967 1566 1010 proximo
1587 967 1659 1007 sint,
1686 978 1744 1010 pro
1762 967 1957 1010 redemptio—

1221 1031 1258 1052 ne
1291 1021 1481 1063 exequenda
1508 1022 1674 1064 postulent
1703 1030 1762 1064 pro
1796 1020 1851 1053 illa
1876 1021 1957 1053 elee-

1220 1084 1368 1117 mosynas
1394 1085 1408 1105 a
1441 1073 1642 1116 principibus
1669 1073 1895 1107 ecclesiasticis
1927 1077 1959 1106 et

1220 1127 1453 1168 saecularibus,
1476 1126 1639 1170 capitulis,
1664 1126 1956 1167 connnunitatibus,

1220 1181 1355 1224 aliisque
1381 1180 1531 1223 personis
1557 1180 1717 1223 gravibus.

1265 1245 1299 1268 11.
1326 1235 1498 1267 Praeterea
1524 1234 1740 1277 praecipimus
1763 1239 1955 1278 procurato-

1223 1287 1310 1319 ribus
1336 1286 1590 1330 redemptionis,
1614 1286 1678 1319 imo
1703 1287 1799 1319 etiam
1825 1296 1960 1329 genera-

1222 1341 1306 1372 libus
1332 1345 1363 1371 et
1387 1339 1654 1372 conventualibus
1682 1340 1833 1372 omnibus
1858 1339 1959 1381 nostri

1222 1392 1362 1432 Ordinis,
1380 1398 1414 1424 ut
1438 1392 1503 1424 sint
1527 1392 1618 1424 valde
1645 1391 1775 1425 solliciti
1793 1392 1825 1424 in
1843 1379 1961 1435 prbcu-

1223 1446 1329 1478 randis
1347 1445 1562 1488 eleemosynis
1577 1456 1634 1489 pro
1649 1444 1793 1489 captivis,
1804 1450 1836 1478 et
1848 1456 1960 1478 omnes

1223 1498 1370 1531 similiter
1405 1498 1549 1541 religiosi
1587 1503 1652 1531 tam
1688 1498 1823 1542 praelati
1863 1509 1961 1542 quam

1223 1551 1344 1584 subditi
1380 1551 1413 1584 in
1438 1551 1587 1584 districtu
1624 1562 1756 1584 suarum
1792 1551 1963 1585 domorum

1225 1605 1400 1648 ditigmuer
1430 1610 1608 1648 procurent
1646 1606 1867 1648 eleemosynas
1901 1616 1961 1648 pro

1224 1658 1472 1701 redemptione,
1511 1663 1544 1691 et
1579 1658 1762 1702 superiores
1798 1658 1965 1702 inquirant

1225 1713 1263 1745 ab
1288 1711 1505 1751 inferioribus,
1533 1712 1610 1755 quid
1637 1711 1669 1744 in
1702 1711 1764 1745 hac
1796 1722 1831 1745 re
1859 1716 1965 1745 actum

1225 1765 1407 1809 respective
1433 1765 1485 1798 sit.

1269 1830 1291 1852 1.
1314 1818 1542 1851 Definitorium
1568 1819 1732 1861 generale,
1762 1817 1854 1851 finito
1887 1828 1965 1862 quo·
2002 1832 2046 1859 §³-
2070 1832 2099 1853 111·
2115 1833 2158 1853 012-

1975 1862 2045 1880 cltone
2057 1862 2075 1879 nl
2091 1860 2160 1885 quali-

1976 1888 2019 1906 tate
2040 1885 2159 1912 ri-‹lmiipto-

1226 1872 1304 1905 libet
1335 1872 1479 1915 capitulo
1512 1871 1681 1914 generali,
1708 1871 1806 1914 eligat
1836 1872 1964 1904 redem-

1225 1931 1337 1968 ptores
1361 1925 1574 1969 captivorum.
1601 1925 1640 1958 Hi
1669 1930 1776 1958 autem
1802 1929 1897 1958 erunt
1920 1918 2028 1957 vi-'um'

1227 1985 1277 2013 tae
1303 1979 1428 2019 merito,
1456 1979 1601 2011 doctrina
1624 1989 1660 2011 ac
1685 1977 1846 2022 sapientia
1874 1988 1966 2021 prae-

1227 2033 1304 2074 diti,
1331 2038 1364 2066 et
1387 2032 1492 2066 officio
1518 2031 1725 2065 definitorum
1764 2032 1964 2075 generalium

1227 2097 1283 2120 seu
1308 2086 1529 2119 ministrorum
1553 2085 1797 2129 provincialium
1823 2085 1966 2129 aliquan-

1228 2141 1268 2174 do
1294 2139 1411 2183 potiti,
1439 2140 1487 2172 vel
1523 2140 1637 2172 saltem
1674 2149 1809 2182 capaces
1837 2144 1873 2171 ut
1909 2139 1965 2172 tali

1228 2203 1361 2227 munere
1386 2192 1561 2236 potiantur.
1588 2192 1648 2224 Pro
1677 2192 1811 2235 singulis
1836 2193 1967 2236 provin-

1228 2248 1284 2280 ciis
1306 2246 1427 2289 singuli
1445 2245 1606 2288 eligantur
1624 2245 1850 2289 redemptores
1868 2257 1875 2286 ;
1901 2257 1966 2279 mu-

1229 2307 1282 2333 tua
1306 2305 1412 2333 autem
1429 2300 1577 2342 ipsorum
1598 2299 1821 2333 subordinatio
1846 2300 1885 2333 ab
1911 2310 1966 2334 eo-

1229 2355 1300 2388 dem
1327 2352 1510 2387 definitorio
1536 2353 1771 2395 designabitur.

1273 2419 1307 2442 11.
1334 2408 1368 2441 In
1389 2407 1533 2450 qualibet
1563 2407 1660 2440 domo
1686 2409 1818 2448 nostra,
1845 2408 1877 2441 in
1903 2419 1967 2452 qua

1228 2461 1346 2494 suerint,
1365 2461 1413 2493 vel
1435 2470 1494 2503 per
1522 2470 1618 2503 quani
1636 2461 1824 2494 transierint.
1840 2462 1967 2495 redem-

1229 2520 1340 2558 ptores
1359 2512 1568 2556 captivorum,
1591 2514 1896 2547 conventualitatem
1912 2515 1967 2548 lia-

1229 2568 1337 2607 beant,
1364 2572 1396 2599 et
1420 2566 1617 2609 praecedant
1633 2577 1744 2599 omnes
1761 2577 1824 2600 non
1842 2569 1968 2611 pracla-

1229 2627 1289 2661 tos,
1306 2621 1403 2653 etiam
1423 2619 1559 2653 vicarios
1576 2630 1584 2653 ε
1612 2620 1642 2653 111
1665 2621 1823 2664 regimine
1842 2632 1917 2655 vero
1935 2628 1967 2655 et

1229 2673 1507 2707 administratione
1534 2674 1647 2707 domus
1672 2685 1738 2707 non
1756 2685 1790 2708 se
1806 2674 1968 2708 intromit-

1953 284 2004 313 An.
2021 284 2048 312 C.
2072 284 2140 313 {676
