2279 3260
242 262 292 290 Au.
310 260 339 290 c.
362 262 429 290 1670
473 251 515 286 70

257 898 368 918 Canni-rna!
378 903 427 923 pro-

244 929 266 945 ut
282 931 300 944 in
317 925 408 945 rubrio-t.

263 1977 265 1979 Ι
278 1948 389 1969 Decretum
408 1948 434 1968 ir·

249 1979 324 1997 rit-uis.

435 310 593 343 eiusmodi
609 310 789 343 functiones
807 310 1007 353 episcopales
1024 309 1091 341 lieri
1106 319 1170 341 non

435 364 560 395 soleant
601 362 668 395 sine
701 363 863 395 erectione
897 361 1103 395 baldaccbini
1136 372 1171 392 ac

434 415 548 458 populi
561 415 739 454 affluentia,
758 416 843 447 unde
863 416 1081 457 praelatorum
1100 423 1171 445 ere-

436 467 594 506 mitarum,
620 468 703 500 inter
728 467 821 499 silvas
846 473 872 499 el
901 476 1034 499 nemora
1053 470 1087 496 ut
1104 466 1172 506 pln-

436 519 532 552 1111111ί
552 519 746 561 degentium,
766 519 941 551 monastica
958 516 1171 559 tranquillitas

437 573 692 615 perturbaretur,
716 571 876 613 simulque
895 569 1048 603 orationis
1076 574 1171 611 atque

438 622 716 666 contemplationis
746 623 836 664 rigor
866 621 1003 654 relaxari
1037 625 1170 663 posset:

437 677 530 709 nobis
554 682 729 718 propterea
747 675 849 707 dictus
871 679 1061 717 procurator
1081 683 1173 715 gene-

437 730 514 761 ralis
552 727 717 760 humiliter
753 726 929 770 supplicari
966 726 1041 758 l'ecit
1070 730 1105 757 nt
1140 725 1172 756 in

437 780 622 823 praemissis
658 784 840 822 opportune
877 778 1050 821 providere
1083 783 1113 810 et
1141 782 1174 809 nt

438 833 520 865 infra
543 833 712 874 indulgere
739 831 777 864 de
810 831 1010 873 benignitate
1045 835 1174 873 aposto-

439 885 499 917 lica
533 885 751 925 dignaremur.
789 883 851 915 'Nos
884 883 995 925 igitur,
1030 883 1173 915 eiusdem

438 937 661 980 procuratoris
687 936 848 978 generalis
873 936 954 968 votis
981 936 1040 967 liae
1065 935 1097 967 in
1123 945 1170 975 re,

438 995 592 1032 qnantum
609 999 678 1021 enm
700 988 834 1020 Domino
852 998 1033 1030 possumus,
1054 987 1172 1019 favora-

437 1042 547 1075 biliter
571 1052 712 1074 annuere
737 1042 894 1081 volentes,
913 1052 1050 1084 cumque
1072 1051 1090 1072 a
1107 1040 1173 1083 qni·
1192 1056 1194 1066 ι

438 1094 545 1127 bnsvis
569 1093 924 1133 excommunicationis,
950 1093 1172 1136 suspensionis

439 1155 470 1181 et
492 1147 665 1186 interdicti,
688 1147 827 1189 aliisque
851 1146 1080 1179 ecclesiasticis
1104 1156 1172 1178 sen-

440 1200 548 1232 tentiis
564 1227 571 1240 ‚
600 1199 745 1232 censuris
777 1205 808 1231 et
831 1199 965 1242 poenis,
991 1210 1008 1231 a
1032 1199 1099 1231 iure
1123 1199 1172 1230 vel

438 1254 477 1285 ab
503 1253 646 1292 homine,
673 1252 784 1294 quavis
811 1252 981 1284 occasione
1008 1252 1056 1283 vel
1081 1252 1174 1283 causa

439 1306 521 1345 latis,
547 1305 573 1337 si
599 1305 713 1348 quibus
738 1304 983 1347 quomodolibet
999 1304 1172 1336 innodatus

440 1359 554 1398 existit,
581 1359 620 1391 ad
646 1358 792 1390 ellectum
817 1356 1037 1400 praesentium
1054 1357 1175 1388 dumta-

439 1417 492 1444 xat
516 1412 792 1454 consequendum,
822 1411 935 1442 barum
960 1409 1043 1442 serie
1067 1410 1175 1442 absol-

438 1470 550 1497 ventes
587 1469 618 1496 et
653 1465 836 1496 absolutum
874 1463 941 1495 sore
974 1467 1171 1502 censentes,

440 1516 626 1549 huiusmodi
637 1515 928 1559 supliilicationibus
944 1515 1097 1555 inclinati,
1108 1515 1175 1557 pri—

440 1569 593 1612 vilegium
617 1569 836 1612 supradictum
863 1573 1058 1600 memoratae
1094 1568 1175 1600 Con-

441 1622 620 1664 gregationi
645 1621 853 1654 eremitarum
881 1620 1174 1653 Canialdulensinin

442 1686 459 1707 a
477 1675 621 1717 praefato
640 1674 747 1706 Leone
763 1684 966 1713 concessum,
987 1678 1021 1705 ut
1037 1674 1177 1716 praeser-

443 1733 502 1767 tur,
528 1726 714 1759 auctoritate
740 1725 927 1768 apostolica,
953 1731 1064 1758 tenore
1085 1736 1177 1768 prae-

442 1779 589 1819 sentium,
604 1779 829 1812 confirmamus
847 1783 878 1810 et
898 1779 1126 1821 approbamus,
1144 1778 1176 1810 il-

443 1833 530 1875 lique
562 1831 757 1864 inviolabilis
790 1831 985 1874 apostolicae
1019 1830 1178 1863 firmitatis

444 1885 545 1916 robur
569 1884 751 1917 adiicimus.

489 1938 504 1980 g
528 1937 559 1971 3.
586 1938 805 1970 Decernentes
831 1937 960 1969 easdem
992 1941 1179 1979 praesentes

445 1991 568 2024 litteras
592 2001 721 2033 semper
744 1991 870 2030 firmas,
903 1989 1025 2022 validas
1059 1994 1091 2022 et
1115 1990 1181 2022 efli-

444 2054 534 2075 caces
560 2042 696 2075 existere
708 2047 739 2074 et
754 2043 834 2081 sore,
857 2052 999 2084 suosque
1017 2042 1180 2085 plenarios

445 2102 476 2128 et
500 2096 644 2138 integros
669 2094 800 2128 effeetus
825 2095 933 2127 sortiri
960 2100 990 2127 et
1019 2096 1179 2135 obtinere,

445 2160 481 2181 ae
505 2149 544 2180 ab
568 2148 642 2188 illis,
670 2148 709 2180 ad
736 2158 815 2191 qnos
840 2153 965 2191 spectat
986 2154 1017 2180 et
1032 2158 1091 2190 pro
1106 2153 1182 2180 lem-

444 2212 523 2244 pore
550 2201 820 2244 quandocumque
847 2192 1017 2243 spectabit,
1044 2200 1181 2233 inviola-

443 2253 553 2286 biliter
569 2252 743 2294 observari,
769 2263 896 2285 necnon
919 2253 1022 2285 dictae
1041 2253 1181 2296 Congre-

444 2305 566 2348 gationi
591 2304 723 2348 eiusque
750 2305 891 2337 eremitis
917 2305 950 2336 in
972 2305 1120 2337 omnibus
1152 2311 1183 2337 et

445 2368 503 2401 per
525 2357 631 2390 omnia
650 2356 838 2400 plenissime
860 2356 1046 2399 suffragari,
1070 2358 1181 2400 sicque

445 2411 477 2444 in
508 2411 692 2454 praemissis
724 2421 782 2453 per
811 2422 1031 2454 quoscumque
1060 2411 1182 2444 iudices

446 2464 625 2497 ordinarios
647 2469 679 2497 et
703 2464 876 2505 delegatos,
897 2464 993 2495 etiam
1011 2474 1181 2495 cansarum

446 2517 555 2561 palatii
581 2517 753 2556 auditores,
774 2517 909 2549 iudicari
934 2522 966 2549 et
990 2516 1115 2549 deliniri
1134 2517 1183 2550 dc-

485 2590 494 2614 t
518 2588 627 2615 Videtur
643 2587 785 2624 legendum
804 2588 966 2621 plurimum
988 2595 1034 2622 pro
1052 2587 1182 2622 plurium

448 2633 486 2668 (11.
503 2632 551 2668 1.).

1016 261 1195 285 BI'LIARIUM
1219 260 1370 285 Romnum

1957 256 2005 284 An.
2022 253 2051 284 C.
2073 253 2142 285 ¹670

1213 308 1302 348 bere,
1329 319 1364 340 ac
1387 308 1513 340 irritum
1539 314 1570 341 et
1595 309 1690 340 inane
1716 307 1740 340 si
1775 315 1866 339 secus
1896 316 1948 338 su-

1213 372 1273 403 per
1297 361 1347 393 his
1373 373 1389 394 a
1415 372 1592 404 quoquam,
1618 361 1726 404 quavis
1746 359 1946 400 anctoritate,

1191 414 1351 447 :scienter
1382 415 1432 447 vel
1465 414 1672 457 ignoranter,
1704 412 1878 455 contigerit
1901 416 1948 443 at-

1215 466 1343 498 tentari.

1258 519 1272 561 §
1297 518 1328 549 [1.
1343 518 1419 551 'Non
1446 518 1648 551 obstantibus
1677 515 1885 560 apostolicis,
1911 526 1947 548 ac
1984 527 2075 556 nqrogai
2091 531 2140 546 eon-

1214 568 1246 601 in
1279 569 1512 602 universalibus
1557 569 1876 613 provincialibusque
1917 555 2036 599 et²r³⁰¹⁸'

1215 622 1421 664 synodalibus
1449 622 1593 654 conciliis
1616 621 1720 661 editis,
1740 620 1948 663 generalibus

1215 675 1263 706 vel
1289 673 1497 716 specialibus,
1524 673 1812 706 constitutionibus
1837 677 1868 705 et
1899 682 1950 705 or-

1217 725 1455 766 dinationibus,
1484 736 1612 757 necnon
1638 724 1802 768 quibusvis
1819 751 1826 764 ‚
1853 724 1950 756 etiam

1215 778 1398 811 iuramento
1419 804 1426 818 ,
1466 778 1710 811 confirmatione
1746 777 1922 820 apostolica
1942 801 1950 816 ,

1216 832 1265 864 vel
1291 831 1402 874 quavis
1430 831 1577 864 lirinitate
1603 831 1665 864 alia
1688 830 1866 869 roboratis,
1893 835 1953 861 sta-

1217 884 1291 916 tutis
1306 890 1336 916 et
1356 884 1654 923 consuetudinibus,
1674 882 1851 926 privilegiis
1873 892 1953 925 quo-

1217 947 1288 979 qne,
1314 936 1445 968 indnltis
1477 942 1508 968 et
1544 936 1659 969 litteris
1696 933 1883 977 apostolicis
1918 933 1951 965 in

1216 988 1411 1021 contrarium
1448 989 1702 1031 pmcmissomm
1737 986 1946 1030 quomodoli-

1215 1042 1270 1073 bet
1301 1041 1474 1081 concessis,
1503 1040 1696 1073 confirmatis
1721 1046 1751 1072 et
1775 1039 1946 1079 innovatis,

1216 1093 1331 1136 quibus
1365 1093 1513 1126 omnibus
1553 1098 1585 1125 et
1622 1092 1778 1134 singulis,
1817 1091 1948 1124 illorum

1218 1152 1345 1178 tenores
1371 1146 1593 1189 praesentibus
1624 1155 1682 1188 pro
1708 1145 1805 1187 plene
1832 1150 1863 1177 et
1887 1144 1951 1176 sus-

1216 1199 1361 1232 Iicienter
1397 1199 1559 1241 expressis
1595 1203 1628 1230 et
1661 1197 1792 1242 insertis
1828 1197 1952 1229 haben-

1217 1257 1278 1291 tes,
1304 1250 1367 1283 illis
1400 1251 1478 1283 alias
1504 1251 1536 1282 in
1569 1260 1626 1282 sno
1656 1249 1776 1281 robore
1799 1258 1953 1292 perman-

1217 1304 1321 1343 suris,
1354 1303 1392 1336 ad
1418 1302 1669 1346 praemissorum
1700 1301 1857 1342 ellectum,
1891 1301 1952 1333 liae

1218 1356 1284 1388 vice
1311 1356 1491 1395 dumtaxat,
1519 1354 1706 1397 specialiter
1738 1358 1769 1386 et
1798 1363 1950 1396 expresse

1217 1408 1434 1449 deroganins3
1461 1407 1647 1450 ceterisque
1680 1406 1854 1440 contrariis
1886 1405 1952 1449 qui-

1217 1461 1424 1504 buscninque.

1260 1515 1275 1557 g
1308 1514 1338 1546 ἐξ.
1374 1514 1524 1546 Volumus
1557 1518 1663 1546 autem
1696 1518 1731 1545 ut
1766 1511 1951 1545 earumdem

1217 1567 1438 1611 praesentium
1455 1567 1636 1600 litterarum
1657 1566 1875 1608 transumptis,
1896 1575 1953 1597 seu

1219 1620 1382 1663 exemplis,
1402 1620 1498 1653 etiam
1519 1619 1696 1662 impressis,
1707 1629 1802 1653 manu
1818 1617 1952 1650 alieuius

1219 1673 1334 1706 notarii
1351 1673 1474 1716 publici
1492 1672 1691 1715 subscriptis,
1714 1677 1744 1704 et
1761 1671 1867 1714 sigillo
1884 1680 1955 1713 per-

1219 1737 1316 1759 sonae
1342 1727 1375 1758 in
1400 1726 1619 1759 ecclesiastiea
1644 1725 1799 1767 dignitate
1835 1723 1955 1756 consti-

1220 1785 1306 1812 tutae
1331 1779 1474 1819 munitis,
1503 1779 1616 1812 eadem
1640 1788 1773 1822 prorsus
1794 1777 1872 1809 tides
1889 1781 1954 1808 tam

1220 1833 1252 1865 in
1277 1833 1395 1865 iudicio
1427 1843 1523 1875 quam
1547 1838 1637 1865 extra
1661 1831 1741 1864 illud
1773 1830 1952 1870 habeatur,

1221 1897 1303 1930 qnae
1328 1886 1504 1919 haberetur
1522 1885 1601 1929 ipsis
1624 1884 1848 1928 praesentibus
1868 1883 1894 1916 si
1911 1883 1956 1916 so-

1222 1944 1296 1972 rent
1321 1939 1481 1971 exhibitae
1507 1939 1556 1971 vel
1581 1944 1740 1971 ostensae.

1267 1993 1380 2024 Datum
1398 1991 1534 2031 Romae,
1560 1991 1644 2034 apud
1664 1990 1694 2023 S.
1711 1989 1841 2022 Mariam
1859 1988 1957 2021 Maio-

1223 2056 1302 2086 rem,
1333 2046 1391 2078 sub
1420 2046 1540 2077 annulo
1567 2043 1757 2083 piscatoris,
1779 2043 1830 2075 die
1851 2052 1883 2074 1Ἰ
1903 2051 1957 2073 au-

1224 2098 1307 2141 gusti
1345 2107 1492 2137 nocexx,
1527 2096 1734 2140 pontificatus
1770 2094 1873 2128 nostri
1902 2104 1958 2126 an-

1224 2162 1264 2184 110
1296 2161 1319 2184 1.

2010 1519 2073 1540 Fides
2088 1522 2145 1540 tran-

1961 1549 2098 1572 sumptorum.

1637 2203 1660 2235 l.
1687 2202 1723 2235 G.
1750 2202 1889 2235 SLcans.

1259 2267 1317 2293 Dat.
1339 2266 1382 2293 die
1397 2267 1413 2293 6
1429 2265 1534 2300 augusti
1549 2265 1629 2297 1670,
1646 2264 1740 2299 pontis.
1758 2272 1827 2290 anno
1844 2269 1862 2289 t.

1259 2320 1425 2354 Reyt'strata
1442 2319 1471 2345 in
1488 2319 1594 2346 Secret.
1613 2318 1642 2344 in
1660 2318 1709 2345 lz'b.
1725 2318 1858 2345 Brevium
1878 2324 1959 2344 men-

1224 2364 1262 2392 sis
1280 2363 1456 2399 septembris.

1548 2486 1652 2520 XVIII.

1203 2581 1205 2604 ι
1227 2569 1305 2602 Alia
1329 2567 1468 2600 emensio
1494 2567 1703 2599 concessionis
1727 2566 1823 2609 officii
1838 2570 1867 2598 et
1883 2564 1961 2598 mis-

1269 2632 1321 2654 sae
1346 2621 1383 2654 B.
1414 2621 1513 2653 Roscio
1538 2620 1575 2652 de
1600 2620 1630 2653 S.
1656 2620 1764 2653 Maria
1784 2620 1887 2653 Tertii
1901 2618 1960 2653 Or-
