2279 3260
251 251 299 276 Λη.
316 249 344 276 c.
368 251 434 277 imo
478 242 520 274 oo

272 1253 434 1273 Neon-maresi-

252 1280 323 1299 *tenua
345 1280 434 1300 durante

251 1309 338 1326 sci-vnio
364 1306 434 1326 Ponti-

251 1332 298 1352 nce.

282 2531 380 2552 Pacuius
406 2537 436 2552 re·

445 300 537 331 trium
563 300 808 340 cathedralium,
835 302 931 333 etiam
956 301 1178 344 metropolita-

444 364 566 391 narum,
590 359 642 385 aut
666 354 799 386 aliarum
821 355 916 387 etiam
935 354 1177 395 collegiatarum

442 406 651 438 ecclesiarum
680 407 901 445 consistentia,
928 406 1052 438 etiamsi
1079 404 1199 449 unum'l

442 470 478 490 ex
505 459 568 491 illis
594 459 744 491 omnibus
767 470 836 491 cum
863 461 950 497 eura,
969 464 1022 490 aut
1039 458 1178 499 dignitas

442 511 538 542 etiam
564 511 667 543 maior
695 517 724 543 et
755 510 941 553 principalis
970 509 1179 541 canonicatus

442 567 474 594 et
510 563 714 604 praehenda,
741 567 949 604 personatus,
977 561 1178 593 administra-

442 615 485 646 tio
512 616 560 646 vel
588 614 726 645 ‹vilic-ium
753 613 860 653 suerit,
876 619 907 645 ct
924 614 962 645 ad
978 613 1178 654 dignitatem,

1022 253 1199 277 BULLARtt'M
1224 253 1375 276 uomxuu

1222 357 1268 383 tra
1286 362 1365 390 eam,
1383 364 1400 385 a
1418 364 1633 397 quocumque,
1654 366 1748 397 quem
1766 353 1954 392 malueritis,

1221 404 1383 437 catholico
1409 405 1551 438 antistite
1589 406 1722 448 gratiam
1756 412 1787 438 et
1813 417 1956 439 commu-

1199 496 1200 500 *
1221 456 1353 489 nioncm
1378 457 1521 490 eiusdem
1554 458 1646 491 Sedis
1675 459 1834 499 habente,
1860 469 1956 501 quem

1199 501 1200 555 J
1222 508 1374 540 duxeritis
1398 510 1595 551 eligendum,
1611 511 1649 542 ad
1675 521 1786 543 omnes
1800 510 1958 543 etiamsa-

1199 558 1293 607 ,cros
1318 566 1349 592 ct
1373 562 1615 604 presbyteratus
1641 562 1772 595 ordines
1797 562 1957 605 aliquibus

1222 613 1322 645 tribus
1343 613 1511 645 dominicis
1528 615 1577 647 vel
1596 615 1666 648 aliis
1692 615 1810 648 festivis
1827 615 1954 655 diebus,

444 672 661 708 personatum,
687 665 1012 705 administrationem,
1033 666 1082 698 vel
1111 665 1179 698 offi-
1200 694 1201 714 ,
1222 666 1318 697 ctiam
1344 671 1431 698 extra
1457 671 1603 709 tempora
1620 678 1637 699 a
1654 667 1722 700 inre
1740 673 1866 706 statuta,
1884 679 1958 710 pro-

443 720 528 751 cimn
564 719 749 751 huiusmodi
786 719 991 751 consueverit
1026 718 1096 761 quis
1121 728 1180 761 per
1200 718 1201 747 ἶ
1222 718 1284 761 prii
1314 718 1474 750 Ordinarii
1508 725 1561 750 aut
1586 719 1724 752 cuiusvis
1755 721 1888 753 alterius
1921 721 1958 753 li-

445 772 638 804 elcctionem
663 771 792 810 assumi,
813 771 906 814 eique
925 782 999 803 cura
1020 772 1115 804 etiam
1132 771 1179 803 in-
1199 792 1201 809 ,
1222 771 1326 802 centia
1352 771 1492 813 desuper
1516 772 1647 804 minime
1672 773 1827 815 requisita
1842 799 1850 813 ‚
1877 773 1900 806 si
1927 785 1958 806 a·

444 825 675 856 risdictionalis
694 824 858 856 immincat
875 824 1064 864 animarum,
1080 824 1105 856 si
1122 824 1179 857 ali·
1199 812 1202 873 l
1222 823 1280 855 lias
1305 823 1344 855 ad
1368 823 1399 855 id
1424 823 1534 856 idonei
1560 825 1680 867 reperti
1702 825 1834 865 fueritis,
1860 836 1960 869 super

445 877 494 910 cui
516 882 655 909 vestrum
679 877 757 908 alias
783 877 936 909 canonice
963 877 1177 917 conserantur,
1199 875 1202 921 l
1223 887 1285 919 quo
1311 875 1463 908 antistitis
1492 876 1722 910 conscientiam
1756 888 1929 911 oneramus
1949 905 1956 919 ,

443 936 497 962 aut
522 930 654 972 quisque
680 936 819 962 vestrum
846 930 1001 971 eligatur,
1028 940 1179 972 praesen·
1199 922 1202 986 J
1222 928 1418 971 promoveri,
1443 934 1475 961 et
1498 929 1638 972 promoti
1665 930 1697 962 in
1722 930 1786 963 illis
1805 930 1901 963 etiam
1925 931 1958 963 in

442 988 540 1020 tetur,
568 988 621 1014 aut
646 982 722 1014 alias
744 988 927 1014 assumatur
945 982 983 1015 ad
1002 982 1065 1021 illa,
1085 988 1115 1014 et
1132 982 1179 1014 in·
1199 988 1202 1004 t
1222 982 1330 1014 altaris
1356 982 1536 1015 ministerio
1562 982 1767 1016 ministrare:

442 1035 596 1067 stituatur
621 1035 653 1067 in
679 1035 735 1074 eis,
758 1035 916 1078 recipere,
942 1040 980 1075 et,
1008 1035 1179 1068 dummodo
1200 1007 1202 1090 l
1266 1036 1280 1078 ἓ
1305 1035 1335 1068 9.
1356 1035 1495 1075 Necnon,
1515 1035 1639 1068 etiamsi
1660 1037 1841 1080 presbyteri
1864 1037 1958 1070 sueri-

443 1088 498 1120 illa
513 1088 619 1120 onmia
645 1095 723 1129 tuno
743 1088 890 1130 excepto)
910 1088 1116 1129 personalem
1130 1097 1180 1119 re·
1200 1107 1203 1139 Ξ
1224 1089 1262 1121 tis
1287 1100 1323 1121 ac
1348 1088 1520 1130 dignitates
1546 1094 1578 1121 et
1601 1088 1707 1122 officia
1732 1089 1957 1126 obtinueritis,

444 1141 617 1173 sidentiam
636 1151 699 1172 non
718 1140 893 1183 requirant,
918 1140 1049 1172 insimul
1076 1140 1180 1182 quoad
1201 1170 1202 1179 ,
1223 1143 1312 1183 leges
1339 1146 1371 1174 et
1394 1141 1465 1173 iura
1488 1141 1612 1181 civilia,
1637 1141 1732 1174 etiam
1757 1143 1900 1184 publice,
1926 1143 1958 1174 iu

444 1193 587 1226 vixeritis
611 1194 773 1232 retinere,
1200 1185 1203 1226 l
1223 1194 1342 1227 scholis
1368 1199 1398 1226 et
1423 1194 1689 1227 universitatibus
1706 1194 1888 1227 studiorum
1907 1206 1961 1238 ge-

489 1247 503 1288 g
529 1246 558 1278 7.
586 1246 717 1279 Necnon
736 1246 840 1285 ctiam,
858 1245 1010 1288 quamdiu
1028 1245 1121 1277 nobis
1137 1245 1180 1277 in-
1225 1246 1381 1279 neralium
1412 1247 1449 1279 ad
1487 1247 1742 1289 quinquennium
1776 1248 1962 1287 dumtaxat,

445 1299 621 1332 servieritis
645 1305 777 1339 tantum,
797 1299 827 1331 in
846 1298 1012 1332 beneficiis
1030 1299 1181 1331 ecclesia·
1200 1291 1203 1353 ἑ
1224 1299 1400 1332 dummodo
1418 1299 1617 1341 trigesimum
1628 1299 1741 1332 aetatis
1756 1310 1876 1333 annum
1895 1311 1960 1333 non

445 1352 671 1391 sticis‚vctiam
696 1352 833 1391 curatis,
860 1362 924 1384 non
956 1358 1061 1384 tamen
1087 1362 1180 1394 paro·
1200 1356 1203 1414 i
1224 1352 1438 1389 excesseritis
1459 1352 1581 1391 audire,
1598 1358 1637 1391 et,
1657 1352 1683 1384 si
1705 1353 1830 1385 habiles
1851 1359 1883 1386 et
1899 1354 1964 1386 sus-

445 1405 603 1438 cliialibus
618 1432 625 1444 ,
652 1416 710 1437 nec
742 1404 858 1437 curatis
893 1406 969 1436 cura
1001 1405 1179 1436 animarum
1200 1416 1202 1448 1,
1223 1405 1367 1437 ficientes
1392 1405 1511 1447 reperti
1530 1405 1664 1444 fueritis,
1685 1406 1779 1438 etiam
1798 1407 1837 1438 ad
1856 1407 1965 1439 docto-

444 1458 720 1501 parochianorum
741 1484 747 1496 ,
775 1468 832 1500 per
856 1468 910 1490 vos
943 1468 1002 1500 pro
1034 1462 1179 1500 tempore
1223 1463 1308 1490 ratus
1329 1458 1461 1499 gradum
1481 1457 1512 1489 in
1532 1458 1717 1490 huiusmodi
1737 1459 1888 1491 facultate
1906 1470 1962 1492 vos

446 1511 624 1553 respective
650 1511 801 1549 obtentis,
827 1511 925 1543 etiam
951 1511 990 1543 de
1014 1510 1096 1549 iure,
1118 1517 1180 1543 sta-
1200 1538 1202 1551 ÷
1223 1510 1403 1552 promoveri
1436 1510 1561 1548 facere,
1589 1511 1721 1554 ipsaque
1757 1511 1827 1543 iura
1863 1511 1961 1544 ctiam

448 1570 528 1603 tuto,
557 1564 746 1596 fundatione
780 1564 830 1596 vcl
867 1563 1037 1606 privilegio
1068 1574 1180 1606 perso·
1200 1577 1202 1612 :³
1223 1563 1353 1606 publice
1379 1563 1509 1601 docere,
1535 1568 1630 1605 atque
1655 1563 1789 1603 iudicis,
1815 1564 1961 1597 adt-ocati

445 1618 551 1649 nalem
565 1616 772 1649 residentiam
788 1616 1037 1659 requirentibus,
1055 1616 1179 1649 etiamsi
1200 1616 1202 1655 ᾗ
1224 1621 1255 1647 ct
1279 1615 1497 1658 procuratoris
1525 1615 1664 1648 officium
1681 1616 1713 1647 in
1738 1616 1840 1649 causis
1858 1617 1961 1650 eccle-

445 1669 617 1711 dignitatcs
649 1669 681 1701 in
712 1669 950 1701 cathedralibus
987 1669 1083 1701 etiam
1115 1680 1180 1702 ine·
1200 1660 1202 1674 ¹
1223 1668 1360 1701 siasticis
1376 1673 1408 1700 et
1433 1668 1581 1700 civilibus
1607 1673 1730 1702 tantum
1748 1680 1900 1702 exercere
1925 1669 1962 1703 li-

445 1721 644 1763 nopotitanis
681 1721 838 1760 maiores,
865 1731 900 1753 ac
926 1720 1103 1763 collegiatis
1129 1732 1180 1753 ec·
1224 1720 1301 1753 bere
1327 1726 1359 1752 et
1383 1720 1469 1752 licite
1488 1719 1615 1763 possitis
1642 1726 1672 1753 ct
1696 1721 1838 1761 valeatis,
1858 1727 1964 1755 aucto-

445 1774 552 1807 ‹chsiis
589 1774 771 1806 huiusmodi
804 1773 1002 1816 princilndcs
1038 1774 1178 1813 suerint,
1224 1773 1315 1806 ritate
1338 1779 1370 1805 et
1399 1779 1511 1806 tenore
1539 1774 1722 1816 praedictis,
1751 1775 1789 1807 de
1815 1775 1962 1817 specialis

444 1827 657 1869 personaliter
673 1826 813 1859 residere
834 1837 898 1858 non
916 1826 1100 1866 teneamini,
1122 1837 1181 1859 nec
1201 1825 1203 1861 l
1224 1827 1310 1858 dono
1332 1825 1452 1867 gratiae
1472 1825 1708 1868 dispensamus.

445 1881 482 1913 ad
509 1880 541 1912 id
566 1891 624 1922 per
648 1880 794 1912 locorum
819 1878 1026 1919 Ordinarios,
1051 1884 1104 1911 ant
1129 1864 1204 1936 (ἕω-Ι
1267 1880 1282 1922 g
1307 1878 1359 1911 ⁴10.
1388 1878 1495 1911 Liceat
1519 1889 1646 1921 quoquc
1666 1879 1756 1912 vobis
1776 1885 1803 1911 et
1831 1880 1963 1913 cuilibet

445 1933 617 1966 clcsiarum
638 1933 824 1964 earumdem
844 1931 993 1975 capitula,
1013 1942 1071 1964 seu
1089 1943 1182 1975 quos·
1201 1939 1204 1966 l
1224 1936 1366 1964 vestrum
1380 1930 1522 1973 aliquem
1539 1930 1691 1963 idoneum
1706 1938 1732 1963 et
1750 1932 1963 1975 approbatum

445 1986 491 2018 vis
517 1985 597 2017 alios
622 1985 659 2017 ad
686 1984 894 2017 residendum
927 1984 1059 2018 interim
1081 1985 1115 2017 in
1142 1985 1180 2019 il-
1200 1968 1204 2028 Ι
1224 1985 1262 2017 ab
1297 1983 1466 2017 Ordinario
1507 1985 1733 2027 presbyterum
1765 1987 1963 2018 saecularem

450 2043 487 2076 lis
519 2041 609 2074 inviti
635 2038 787 2082 compelli
818 2037 966 2080 possitis,
1001 2047 1181 2079 omnesque
1225 2036 1273 2067 vel
1288 2033 1562 2066 cuiusvisOrdinis
1575 2032 1958 2075 regulareminvestrum

449 2103 480 2128 et
505 2094 651 2136 singulos
672 2097 850 2124 vestrorum
869 2089 1102 2122 beneficiorum
1127 2089 1182 2121 ob·
1224 2087 1344 2130 eligere
1361 2086 1595 2125 consessorem,
1615 2086 1688 2129 qui,
1704 2086 1768 2119 vita
1784 2087 1960 2130 cuiuslibet.

449 2152 608 2181 tentorum
634 2145 768 2183 fructus,
789 2142 934 2175 redditus
952 2148 983 2175 et
1007 2146 1181 2185 proventus

448 2201 585 2233 durante
610 2196 740 2231 servitio
758 2195 923 2238 praedicto
942 2206 1014 2227 cum
1040 2197 1078 2227 ea
1102 2195 1183 2227 inte-

448 2253 562 2295 gritate
577 2249 872 2294 (distributionibus
886 2248 1083 2291 quotidianis
1097 2248 1184 2280 dum-

449 2310 533 2338 taxat
558 2303 712 2346 exceptis)
738 2312 808 2334 cum
838 2312 901 2344 qua
931 2301 1005 2333 illos
1035 2300 1183 2343 percipe-

447 2356 558 2396 1·etis¹,
587 2356 612 2389 si
637 2356 670 2388 in
695 2355 818 2388 eisdem
841 2353 985 2386 ecclesiis
1012 2353 1077 2386 sive
1102 2352 1182 2386 locis

449 2409 664 2454 personaliter
684 2406 899 2447 reside1·etis²,
918 2406 1098 2450 percipere,
1118 2406 1183 2439 exi-

441 2473 525 2506 gere
551 2468 583 2494 et
606 2463 734 2495 levare:

493 2517 506 2558 g
532 2515 561 2548 8.
591 2516 634 2547 Ac
658 2513 802 2555 interim,
828 2513 879 2546 vel
904 2512 1132 2556 postmodum,
1157 2511 1182 2544 si

487 2591 494 2612 t
519 2587 584 2613 Male
605 2586 668 2613 edit.
686 2587 766 2612 Main.
785 2585 847 2620 legit
861 2585 1048 2619 perceperitis
1065 2591 1099 2611 tR.
1117 2585 1164 2619 T.)-

482 2632 498 2658 2
514 2632 579 2658 Male
596 2631 659 2658 edit.
678 2631 754 2658 Maiav
775 2631 836 2666 tegit
853 2630 1015 2658 resz'dcrilis
1031 2635 1068 2664 (R.
1085 2630 1133 2661 T.).

1223 2146 1361 2174 vestrum
1389 2139 1527 2179 comite,
1555 2150 1609 2172 vos
1634 2143 1667 2172 et
1699 2140 1879 2183 quemlibet
1906 2151 1960 2175 ve·

1224 2200 1324 2226 strum
1349 2204 1367 2225 a
1399 2192 1564 2236 quibusvis
1597 2193 1958 2235 excommunicationis,

1224 2245 1448 2289 suspensionis
1465 2251 1497 2278 et
1513 2245 1687 2285 interdicti,
1702 2245 1839 2289 aliisque
1858 2247 1960 2280 eccle-

1224 2299 1359 2331 siasticis
1376 2297 1560 2338 sententiis,
1579 2297 1725 2330 censuris
1743 2303 1775 2331 et
1791 2299 1922 2342 poenis,
1942 2310 1960 2332 a

1225 2355 1293 2387 iure
1318 2354 1367 2386 vel
1391 2352 1429 2385 ab
1462 2352 1615 2392 homine,
1648 2352 1759 2395 quavis
1791 2353 1959 2387 occasione

1226 2407 1274 2440 vel
1296 2407 1392 2439 causa
1411 2404 1502 2445 latis,
1530 2409 1562 2437 et
1586 2415 1644 2447 per
1669 2415 1723 2438 vos
1749 2405 1903 2447 incursis,
1929 2411 1961 2440 et

1225 2459 1340 2503 quibus
1364 2469 1420 2491 vos
1446 2457 1542 2491 etiam
1566 2457 1743 2500 apostolica
1767 2459 1960 2492 auctoritate

1225 2511 1394 2556 illaqueari
1426 2510 1618 2553 contigerit,
1646 2511 1770 2544 etiamsi
1799 2512 1959 2546 absolutio

1226 2566 1318 2598 nobis
1344 2570 1375 2598 et
1398 2563 1638 2597 successoribus
1660 2565 1781 2598 nostris
1806 2565 1958 2598 Romanis

1225 2619 1431 2653 Pontificibus
1466 2628 1524 2662 pro
1562 2622 1704 2662 tempore
1745 2619 1958 2652 existentibus

1960 253 2054 280 An.C.
2079 253 2147 280 {1170

1220 300 1397 339 volueritis,
1423 302 1473 333 hic
1498 301 1530 334 in
1557 302 1697 335 Romana
1723 302 1809 334 curia
1827 303 1874 335 vel
1901 313 2055 340 ex-cipien-tt

1964 347 2001 362 1101
2015 347 2094 360 Ιίῢῐᾛκ.

2091 315 2147 334 υΓύΙ·

1994 1047 2096 1068 inlinitum
2114 1047 2151 1067 do-

1968 1075 2029 1094 cru-t·
2045 1075 2109 1100 legi-5.

1999 1888 2094 1909 Licentia
2120 1888 2157 1908 eti-

1974 1915 2034 1944 gymti
2051 1915 2156 1935 cuntes-sa-

1975 1947 2034 1962 rium.
