2279 3260
195 229 240 254 :ln>
260 227 287 254 C.
313 227 378 254 1676

425 220 463 252 (tt
470 220 488 251 8

387 287 519 319 operam
545 278 682 319 dabunt,
700 283 731 311 et
749 284 892 322 tempore
919 277 1120 310 vacationum

390 329 420 361 in
438 330 502 362 suis
528 331 674 374 collegiis
700 336 862 370 maneant,
881 329 940 362 nisi
958 333 1051 372 pater
1068 338 1121 370 ge-

390 383 508 416 neralis
542 384 629 417 aliud
655 384 872 427 disposuerit.
902 383 979 414 Dum
1015 384 1121 413 autem

389 435 504 468 artium
530 441 558 469 et
578 437 762 479 theologiae
781 434 990 468 scholasticae
1016 432 1121 465 studio

390 487 597 529 incumbunt,
628 500 691 521 non
725 488 855 521 audiant
879 486 1119 524 consessiones,

390 551 449 573 nec
466 542 711 575 concionentur.
731 542 764 573 ln
785 540 896 572 ultimo
915 544 1019 571 tamen
1037 548 1121 571 anno

390 594 575 628 luiiusmodi
592 594 777 636 theologiae
795 592 1010 625 scholasticae
1028 591 1123 623 liccat

389 647 434 680 eis
447 648 479 680 in
493 658 625 680 munere
642 646 887 680 concion-'iterio
902 655 934 677 se
950 644 1121 682 instruere,

388 701 607 743 praedicando
633 710 738 733 coram
765 698 993 731 communitate
1018 696 1049 729 in
1071 706 1122 728 re-

390 754 522 787 fectorio
547 754 595 786 vel
617 754 687 785 aula
711 751 892 795 capitulari.

433 817 480 840 111.
507 807 656 849 Collegae
689 805 876 849 philosophi
902 806 950 837 vel
977 803 1121 845 theologi

388 859 572 892 scholastici
598 864 744 901 tempore
777 868 887 891 cursus
914 857 1043 890 ordines
1073 866 1122 888 sa*

388 923 462 945 cros
487 923 549 945 non
576 911 741 955 recipiant,
760 911 820 943 nisi
846 910 892 943 illi
917 910 1123 942 conserantur

387 967 419 998 in
446 967 516 998 loco
533 965 586 997 ubi
606 970 654 997 est
672 965 854 1007 collegium,
876 964 925 995 vel
952 962 984 994 in
1002 961 1121 1005 oppido

388 1030 405 1050 a
423 1018 560 1061 collegio
577 1028 642 1050 non
668 1017 806 1050 distante
827 1017 909 1049 ultra
925 1025 978 1048 sex
999 1016 1120 1054 leucas3

387 1081 449 1103 nec
473 1071 618 1112 collegae
636 1070 701 1110 isti,
719 1070 794 1103 dum
814 1070 894 1101 tales
912 1072 996 1107 sunt,
1014 1067 1047 1099 in
1067 1077 1122 1109 pa-

389 1124 482 1156 triam
507 1134 596 1156 suam
621 1124 766 1163 abibunt,
792 1132 851 1155 nec
876 1121 937 1153 alia
961 1120 1078 1152 itinera
1095 1130 1121 1152 a·

389 1181 477 1219 gant,
496 1186 556 1209 nec
580 1187 595 1208 a
622 1176 717 1208 domo
743 1175 876 1207 exibunt
901 1172 1040 1216 (etiamsi
1059 1172 1123 1205 sint

390 1229 421 1261 in
438 1229 548 1272 aliquo
565 1235 721 1262 conventu
741 1233 828 1260 extra
846 1226 1041 1269 collegium),
1060 1225 1121 1257 nisi

389 1292 460 1314 cum
475 1282 715 1321 communitate,
730 1282 779 1314 vel
799 1291 870 1313 cum
887 1290 947 1312 suo
964 1279 1121 1317 ministro,

389 1336 438 1368 vel
457 1346 529 1368 cnm
546 1334 693 1378 patribus
711 1333 956 1372 definitoribus;
975 1332 1013 1364 ad
1032 1341 1123 1363 exer-

389 1389 464 1421 citia
477 1393 581 1420 tamen
594 1387 773 1420 litterarum
784 1390 938 1429 poterunt
951 1384 1036 1417 exire
1051 1394 1122 1416 cum

389 1441 455 1474 suis
481 1440 670 1479 lectoribus,
688 1438 866 1482 designatis
889 1443 997 1470 tamen
1014 1448 1031 1469 a
1051 1447 1124 1480 pro-

388 1494 530 1527 vinciali.

431 1557 474 1582 lv,
501 1547 612 1580 Nullus
637 1547 760 1588 collega
791 1545 994 1588 ingrediatur
1023 1544 1122 1577 cellas

389 1606 517 1645 patrum
537 1600 708 1633 lectorum.

432 1665 462 1687 v.
489 1653 605 1687 Omnes
629 1652 796 1685 studentes
816 1650 989 1693 diligenter
1007 1649 1124 1682 exami-

389 1713 510 1741 nentur
534 1706 567 1739 in
591 1705 725 1748 singulis
748 1703 984 1737 visitationibus
1010 1713 1027 1735 a
1051 1701 1124 1735 visi-

390 1766 503 1801 tatore,
529 1759 676 1792 ministro
702 1763 734 1790 et
758 1756 946 1794 lectoribus,
965 1754 1067 1798 etqui
1092 1755 1124 1787 in

392 1814 554 1852 facultate,
580 1811 629 1844 cui
654 1816 751 1850 vacat,
771 1809 980 1853 culpabiliter
1004 1813 1058 1841 aut
1078 1808 1125 1840 in-

391 1866 598 1910 culpabiliter
612 1875 677 1897 non
702 1863 882 1907 profecerit,
901 1873 956 1895 seu
974 1872 1125 1905 progres-

391 1930 461 1953 sum
484 1929 550 1952 non
576 1918 715 1950 facturus
740 1916 912 1956 iudicetur,
937 1926 954 1947 a
986 1914 1125 1957 collegio

392 1973 580 2007 excludatur
594 1981 651 2014 per
665 1975 788 2004 secreta
802 1968 1051 2002 examinatorum
1067 1968 1127 2000 suf-

391 2026 504 2069 fragia.
524 2025 555 2058 Si
576 2029 684 2057 tamen
709 2024 853 2065 collegae
880 2021 998 2055 fuerint
1021 2021 1126 2054 minus

393 2080 612 2118 observantes,
632 2078 682 2110 vel
707 2076 751 2109 ita
776 2076 894 2108 stactae
918 2074 1123 2114 valetudinis,

391 2138 427 2165 ut
451 2132 548 2165 simul
571 2141 642 2164 cuni
673 2130 779 2163 studio
803 2139 1006 2162 communem
1031 2127 1127 2162 vitani

394 2186 485 2229 sequi
510 2195 575 2218 non
597 2183 738 2223 valeant,
767 2184 846 2215 tales
871 2182 1016 2214 visitator
1040 2182 1125 2213 solus

395 2238 565 2271 excludere
597 2237 720 2281 poterit
750 2246 767 2269 a
791 2235 940 2278 collegio.
975 2234 1128 2266 Exclusus

395 2297 514 2329 autem,
541 2292 589 2324 rel
614 2290 688 2334 quia
711 2289 918 2333 culpabiliter
941 2297 1006 2321 non
1030 2286 1129 2330 profi-

396 2347 511 2386 ciebat,
522 2346 571 2377 voi
587 2348 722 2387 propter
739 2343 817 2376 alias
831 2342 951 2385 culpas
962 2351 1026 2373 non
1041 2351 1129 2383 egre-

397 2399 503 2432 diatur
528 2409 544 2430 a
564 2400 738 2435 conventu,
759 2395 791 2427 in
818 2404 912 2437 quem
930 2393 1043 2425 missus
1062 2394 1130 2425 sue-

396 2452 448 2490 rit,
474 2462 532 2495 per
556 2449 693 2493 spatium
726 2447 881 2491 temporis
906 2445 1040 2479 arbitrio
1072 2456 1126 2478 su-

397 2504 557 2547 perioriS,
581 2513 640 2535 nec
670 2500 868 2535 concedatur
888 2499 916 2533 ei
942 2499 1075 2532 facultas
1096 2504 1131 2531 ut

398 2557 494 2590 sacris
518 2555 684 2595 initietur,
717 2554 777 2587 nisi
810 2553 979 2587 transactis
1004 2553 1129 2586 duobus

398 2611 489 2644 anuis
517 2611 600 2642 ultra
624 2609 802 2653 pernnssos
828 2617 845 2641 a
869 2606 987 2641 nostris
1012 2606 1131 2640 consti-

965 229 1144 253 nt'LlettiM
1166 228 1317 253 ROMANI'M

1164 276 1351 309 tutionibus.
1378 276 1408 310 Si
1434 287 1509 310 vero
1534 277 1596 310 iam
1621 277 1719 310 suerit.
1731 276 1895 317 sacerdos,

1164 328 1295 361 facultas
1331 329 1485 363 audiendi
1509 329 1730 363 consessiones
1767 329 1795 362 ci
1832 340 1897 362 non

1163 381 1369 422 concedatur,
1389 382 1449 415 nisi
1466 382 1631 415 transactis
1655 382 1749 415 etiam
1770 381 1897 414 duobus

1163 434 1255 466 annis
1273 435 1356 467 ultra
1372 434 1543 478 requisitos
1563 445 1621 477 pro
1642 434 1775 478 reliquis
1794 445 1897 467 sacer-

1164 486 1293 519 dotibus
1308 497 1325 519 a
1342 488 1453 519 nostra
1467 486 1712 527 constitutione;
1732 487 1833 520 semel
1848 498 1897 520 au-

1164 545 1227 572 tem
1248 541 1404 580 exclusus,
1419 539 1457 572 ad
1477 539 1584 572 studia
1599 549 1665 572 non
1682 540 1799 580 redeat,
1819 540 1895 583 quin

1164 592 1253 635 prius
1278 597 1403 626 constet
1423 603 1561 625 cessasse
1586 603 1712 625 causam
1728 619 1735 633 ,
1764 598 1898 637 propter

1165 656 1258 689 quam
1283 646 1340 678 suit
1367 646 1482 679 studiis
1509 646 1650 689 privatus
1676 646 1724 679 vel
1757 657 1775 679 a
1798 647 1897 680 eolle-

1164 698 1216 740 gio
1242 698 1374 732 eiectus.

1207 762 1249 784 vt.
1276 751 1391 784 Stricte
1416 751 1634 795 praecipimus
1658 755 1693 784 ut
1717 752 1825 785 nullus
1843 763 1894 795 pe-

1164 810 1207 837 tat
1224 805 1271 837 vel
1296 804 1355 837 sibi
1381 809 1535 848 procuret
1559 804 1674 837 mediis
1692 804 1897 838 intercessio-

1164 858 1259 890 nibus
1284 863 1373 890 extra
1396 856 1552 889 Ordinem
1588 863 1733 890 nostrum
1765 857 1872 890 studia
1888 885 1895 898 ,

1164 910 1304 949 ordines,
1322 910 1470 943 licentias
1491 909 1642 942 audiendi
1667 909 1895 950 consessiones,

1146 962 1388 1006 concionandi,
1408 962 1565 1005 pergendi
1591 962 1623 994 in
1640 961 1778 1005 patriam
1796 973 1895 1002 suam,

1164 1015 1460 1055 conventualitates,
1486 1020 1517 1047 et
1543 1014 1605 1047 alia
1631 1013 1823 1054 huiusmodi,
1838 1014 1897 1046 sub

1164 1068 1269 1110 poena
1292 1066 1505 1099 inhabilitatis
1532 1067 1570 1099 ad
1597 1066 1627 1099 id
1655 1067 1741 1110 quod
1762 1067 1842 1110 petit
1866 1072 1898 1105 et

1164 1130 1221 1163 per
1247 1120 1320 1153 talia
1344 1120 1450 1152 media
1473 1125 1640 1164 procurat,
1660 1120 1896 1163 superioribus-

1165 1183 1225 1216 que
1261 1172 1406 1205 iuhemns
1437 1177 1472 1204 ut
1514 1173 1598 1205 hanc
1634 1172 1897 1206 constitutionem

1165 1226 1338 1268 diligenter
1362 1225 1549 1258 observent.

1209 1289 1229 1311 1.
1257 1278 1290 1310 ln
1316 1278 1452 1320 singulis
1477 1277 1651 1321 provinciis
1677 1277 1780 1310 nostri
1806 1277 1898 1311 Ordi-

1166 1332 1215 1364 nis
1234 1332 1296 1364 duo
1321 1331 1384 1364 sint
1407 1330 1565 1373 collegia,
1587 1341 1687 1363 unum
1707 1341 1767 1374 pro
1791 1316 1914 1374 philo-¹

1166 1385 1297 1428 sophia,
1324 1386 1462 1417 alterum
1495 1394 1555 1427 pro
1581 1384 1749 1426 theologia
1772 1385 1898 1417 schola-

1167 1437 1247 1469 stica
1272 1436 1430 1477 docenda,
1448 1441 1489 1477 ct,
1504 1436 1528 1477 si
1554 1435 1623 1469 fieri
1640 1437 1753 1480 possit,
1770 1437 1899 1469 tertium

1168 1500 1296 1532 quoque
1321 1489 1361 1522 sit
1384 1499 1443 1532 pro
1477 1488 1640 1532 theologia
1671 1489 1846 1532 expositiva
1871 1494 1903 1522 et

1167 1542 1292 1575 morali.
1308 1541 1396 1580 Quod
1410 1541 1435 1574 si
1449 1541 1481 1574 in
1497 1542 1641 1585 qualibet
1657 1542 1825 1585 provincia
1839 1542 1903 1575 hoc

1168 1595 1341 1638 collegium
1359 1594 1521 1637 designari
1547 1604 1611 1627 non
1629 1594 1783 1637 potuerit,
1802 1595 1902 1638 depu-

1169 1653 1255 1680 tetur
1278 1648 1390 1680 saltem
1414 1657 1513 1679 unum
1538 1657 1596 1690 pro
1622 1651 1691 1679 toto
1717 1646 1848 1687 Ordine,
1870 1646 1901 1679 in

1169 1711 1231 1744 quo
1248 1699 1433 1742 theologiae
1451 1699 1650 1743 expositivae
1669 1703 1701 1731 et
1717 1699 1831 1732 morali
1853 1711 1903 1732 va-

1168 1759 1242 1786 cent
1265 1763 1323 1796 per
1346 1752 1515 1785 biennium
1532 1753 1675 1795 collegae
1701 1762 1737 1785 ex
1756 1752 1904 1785 omnibus

1168 1805 1339 1850 provinciis
1364 1804 1656 1845 indiscriminatim,
1676 1805 1729 1848 qui
1753 1805 1816 1838 iam
1835 1816 1903 1838 cur-

1169 1870 1222 1893 sus
1239 1870 1314 1892 snos
1333 1858 1544 1892 scholasticae
1562 1858 1748 1901 theologiae
1769 1869 1904 1902 perege-

1168 1917 1254 1945 runt.
1288 1912 1399 1945 Omnia
1425 1916 1529 1944 autem
1556 1916 1588 1943 et
1612 1912 1740 1953 singula
1765 1911 1903 1954 collegia

1169 1964 1388 1999 delinitorium
1413 1965 1565 2007 generale
1591 1964 1748 2006 designet.

1214 2030 1248 2053 11.
1276 2018 1409 2051 Ministri
1435 2017 1648 2060 collegiorum
1673 2017 1758 2050 docti
1784 2017 1847 2049 sint
1874 2022 1905 2049 et

1170 2074 1394 2113 observantes,
1415 2071 1468 2115 qui
1489 2071 1602 2103 sedulo
1615 2075 1729 2103 curent
1753 2074 1789 2102 ut
1803 2071 1905 2103 lecto-

1170 2138 1222 2160 res
1258 2131 1289 2158 et
1324 2126 1472 2167 collegae
1505 2125 1600 2156 causa
1632 2123 1813 2155 studiorum
1840 2133 1903 2155 non

1172 2179 1320 2214 omittant
1338 2177 1493 2211 orationis
1509 2181 1539 2209 et
1551 2175 1806 2209 mortificationis
1820 2187 1906 2209 exer-

1171 2234 1253 2274 citia,
1272 2242 1331 2265 nec
1356 2229 1596 2265 observantiam
1621 2234 1804 2262 nostrarum
1829 2241 1905 2263 con-

1172 2286 1384 2326 stitutionum,
1411 2288 1475 2317 tam
1500 2282 1742 2326 particularium
1763 2293 1822 2326 pro
1840 2284 1907 2316 col-

1172 2340 1275 2383 legiis,
1291 2348 1387 2382 quam
1412 2335 1641 2376 communium,
1660 2346 1741 2379 quae
1758 2336 1823 2369 illis
1840 2347 1906 2370 non

1173 2395 1395 2437 opponuntur.

1217 2457 1265 2480 111.
1291 2445 1325 2478 In
1351 2443 1498 2486 collegiis
1515 2442 1746 2488 philosophiae
1763 2443 1827 2477 sint
1842 2454 1909 2477 ma-

1174 2498 1264 2543 gistri
1289 2497 1484 2542 spirituales,
1502 2496 1561 2529 sub
1578 2506 1716 2540 quorum
1737 2496 1908 2540 disciplina

1173 2552 1206 2585 in
1230 2550 1429 2584 habitatione
1453 2551 1602 2593 separata
1619 2548 1726 2583 vivant
1742 2546 1907 2583 studentes

1175 2604 1230 2650 qui
1243 2604 1508 2639 sacerdotesvnon
1522 2603 1597 2637 sint.
1613 2601 1648 2636 In
1666 2602 1812 2647 collegiis
1831 2613 1908 2637 vero

1898 228 1952 256 An.
1969 228 1997 256 C.
2018 228 2091 256 1676

1935 1291 1945 1316 5
1960 1291 1980 1310 fi.
2003 1291 2032 1312 De
2048 1291 2092 1312 col-

1917 1317 1977 1343 egins.
