2279 3260
447 252 510 286 73⁶

493 313 727 357 redemptionis
757 313 958 357 captivorum
984 311 1024 344 ab
1049 311 1150 344 Urba-

491 377 534 400 no
559 366 623 400 Vltt
650 375 890 405 concessorum,
919 364 995 397 «133.

401 420 489 453 XLll,
530 419 788 453 Comn‘iunicatio
827 417 1071 461 privilegiorum
1118 421 1149 449 et

491 473 669 514 gratiarum
698 470 945 513 Congregationi
966 469 1149 503 Ciu-melita-

492 537 564 559 rum
586 526 859 559 Discaleeatorum
891 523 1020 557 Ordinis
1041 523 1073 555 B.
1091 522 1149 555 Ma-

492 579 558 612 riae
584 579 623 611 de
641 579 746 611 Monte
767 576 913 609 Carmelo
931 575 1042 608 aSede
1063 576 1148 618 Apo-

489 632 601 664 stolica
627 632 853 663 concessorum
873 634 904 661 et
923 627 1148 661 concedendo-

491 695 582 723 rum,
618 684 726 716 favore
751 682 878 715 Ordinis
902 680 1147 715 Carmelitarum

490 737 722 773 Calceatorum,
750 734 824 768 437.

401 788 503 822 XLlll.
528 789 618 822 Bulla
638 787 896 821 confirmationis
917 793 948 820 et
968 786 1148 830 ampliatio-

489 842 538 874 nis
564 841 807 885 privilegiorum
830 840 1014 873 auditorum
1033 839 1148 873 Sacrae

489 896 601 935 Rotae,
629 894 702 927 131).
1128 924 1132 936 ,Ἰ

401 948 504 982 XLIV.
524 948 728 989 indulgentia
746 946 891 991 plenaria
906 951 1061 990 perpetua
1077 956 1148 989 per-

489 1007 587 1045 petua
612 1011 671 1045 pro
697 1001 897 1034 visitantibus
922 1000 1073 1034 ecelesias
1096 999 1148 1033 Or-

489 1055 573 1087 dinis
593 1054 645 1088 SS.
666 1054 829 1087 Trinitatis
844 1053 1076 1097 redemptionis
1097 1057 1163 1085 eas

488 1108 664 1150 ptivorum,
683 1113 746 1139 tam
774 1107 887 1139 creetis
904 1117 1000 1150 quam
1027 1105 1148 1147 erigen-

490 1162 549 1201 dis,
575 1161 605 1194 in
631 1161 718 1194 sestis
750 1162 794 1194 Ss.
820 1161 948 1194 loannis
980 1161 1018 1193 do
1044 1159 1147 1192 lllatlia

491 1222 522 1248 ct
539 1215 652 1248 Felicis
671 1215 709 1247 de
725 1214 830 1247 Valois
845 1214 1053 1247 fundatorum
1069 1213 1148 1246 eins-

490 1269 563 1301 ‹lem
589 1268 728 1308 Ordinis,
756 1268 831 1300 144.

399 1322 486 1354 XLV.
515 1321 695 1354 Declaratio
713 1331 811 1364 snper
831 1320 1091 1353 innovationibus
1106 1320 1147 1351 sa-

489 1375 547 1407 ctis
583 1374 667 1406 eirca
701 1373 901 1416 provisiones
937 1372 1145 1406 ecclesiarum

490 1426 811 1469 metropolitanarum
850 1429 880 1458 et
909 1425 1144 1458 cathedralium

489 1489 664 1521 regnorum
691 1478 908 1521 Portugalliae
934 1484 963 1511 et
982 1478 1147 1520 Algarbio-

487 1544 557 1566 rum
578 1560 585 1572 ‚
619 1542 799 1575 eorumque
819 1531 983 1564 indiarum
1015 1538 1045 1564 et.
1071 1541 1147 1564 eon-

490 1587 693 1630 (mistarum,
729 1592 799 1628 post
831 1586 996 1619 decessum
1032 1596 1145 1627 regum

489 1639 667 1673 Sebastiani
687 1645 716 1671 et
732 1639 873 1679 llenrici,
899 1639 998 1682 quod,
1019 1649 1076 1682 per
1094 1649 1146 1671 eas

489 1693 709 1737 principaliter
733 1692 781 1726 vel
807 1692 983 1725 accessorie
1009 1692 1073 1726 sive
1093 1703 1147 1725 an-

491 1747 673 1780 tecedenter
686 1746 735 1778 vel
752 1752 989 1789 consequenter
1003 1751 1058 1779 aut
1075 1756 1148 1779 eon-

491 1801 683 1834 eomitanter
713 1800 759 1831 vel
789 1799 866 1832 alias
901 1799 1147 1842 quomodolibet

489 1858 596 1895 laetas,
622 1854 745 1886 iuribus
767 1863 906 1886 coronae
931 1853 1146 1895 Portugalliae

488 1909 577 1941 nullo
613 1908 710 1941 modo
745 1907 1001 1950 praeiudicatum
1028 1907 1069 1940 sit
1093 1914 1147 1941 aut,

489 1961 656 2005 praetendi
682 1960 792 2004 possit,
820 1960 875 1993 sed
902 1960 1011 1993 omnia
1036 1967 1066 1993 et
1086 1960 1147 1994 sin-

488 2017 573 2055 aula7
595 2014 794 2058 provisiones
817 2013 975 2046 dictarum
996 2014 1147 2047 ecclesia·

490 2079 560 2101 rum
587 2067 700 2110 quovis
726 2066 823 2099 modo
850 2067 1090 2107 concernentia,
1115 2068 1144 2100 in

489 2132 526 2154 eo
552 2126 646 2160 statu,
674 2120 705 2152 in
732 2129 796 2162 quo
822 2126 895 2152 ante
922 2120 1146 2153 innovationes

488 2173 672 2207 liniusinodi
692 2178 835 2216 tempore
856 2173 1078 2216 praefatorum
1097 2184 1147 2207 eo-

489 2238 626 2271 rumque
645 2232 886 2260 antecessorum
908 2237 1019 2269 regum
1039 2234 1142 2267 erant,

488 2287 677 2315 remaneant
703 2286 730 2313 et
754 2290 922 2312 remanere
951 2280 1089 2313 debeant
1114 2282 1144 2314 in

487 2334 639 2368 omnibus
664 2340 695 2367 et
718 2344 777 2377 per
801 2334 922 2373 omnia,
950 2334 1084 2377 perinde
1109 2345 1145 2368 ae

487 2391 511 2422 si
539 2389 671 2422 caedem
698 2388 788 2421 nullo
814 2387 911 2420 modo
937 2397 1080 2430 unquam
1104 2388 1146 2420 Γει-

487 2449 556 2476 etae
582 2442 725 2482 luissent,
754 2440 829 2474 isis».

397 2498 497 2531 XLll.
524 2495 702 2529 Declaratio
728 2495 766 2527 ad
789 2496 932 2528 savorem
951 2495 1040 2528 Sedis
1061 2496 1146 2538 Apo-

487 2551 618 2584 stolieae
648 2559 746 2592 super
775 2548 1036 2582 innovationibus
1062 2548 1145 2581 eirca

487 2603 688 2648 provisiones
725 2602 931 2636 ecclesiarum
968 2611 1143 2644 regnorum

487 2656 704 2699 Portngalliae
726 2661 754 2689 et
770 2654 995 2697 Algarbiorum
1012 2654 1144 2698 eiusque

999 259 1095 283 BULLA
1102 258 1176 282 tttUM
1203 258 1356 282 ROMANUM

1292 310 1454 344 indiarum
1481 317 1512 344 et
1535 313 1778 356 conquistarum
1799 320 1872 358 post
1893 314 1949 348 de-

1291 372 1416 395 cessum
1439 373 1550 405 regum
1570 364 1748 398 Sebastiani
1766 372 1798 399 et
1818 367 1947 402 llenriei

1293 414 1393 455 sactis,
1421 415 1508 459 quod
1533 427 1591 460 per
1615 427 1668 451 eas
1692 419 1818 453 nullum
1843 420 1885 453 sit
1913 421 1949 453 il-

1292 467 1392 500 latum
1419 468 1654 511 praeiudicium
1673 470 1798 506 iuribus
1819 479 1947 507 sanctae

1291 520 1382 552 Sedis
1407 521 1619 564 Apostolicae‚
1646 522 1722 557 146.

1202 572 1317 606 LXVll.
1345 573 1389 606 De
1414 574 1577 607 erectione
1607 581 1637 608 et
1661 577 1807 611 custodia
1837 589 1947 613 manu—

1291 625 1485 669 scriptorum
1512 627 1643 661 archivii
1667 629 1814 664 Datariae
1838 631 1870 664 in
1895 643 1947 666 ae-

1292 679 1386 712 dibus
1411 679 1555 714 eiusdem
1582 681 1738 724 erigendi,
1766 683 1842 718 448.

1204 731 1318 764 XLVII.
1349 732 1573 776 Exemptiones
1606 735 1733 778 collegii
1763 736 1946 773 Germanici

1292 791 1323 818 et
1335 785 1485 827 Ungarici
1500 787 1593 820 Urbis
1613 790 1822 824 confirmatae
1839 802 1857 824 a
1873 802 1945 826 san-

1291 838 1433 871 ctissimo
1470 839 1603 874 domino
1639 848 1749 876 nostro
1785 844 1946 879 Clemente

1290 892 1375 936 Papa
1400 893 1436 933 X,
1461 892 1535 926 4522.

1202 945 1301 978 XLIX.
1329 945 1537 980 Confirmatio
1563 947 1768 983 decretorum
1793 952 1822 984 S.
1849 952 1883 986 R.
1909 953 1943 986 E.

1290 999 1502 1032 cardinalium
1522 1000 1561 1033 de
1577 1003 1765 1036 revocandis
1785 1007 1947 1040 attentatis

1291 1062 1308 1084 a
1333 1052 1484 1085 fratribus
1509 1053 1704 1088 Excalceatis
1736 1057 1944 1092 eremitarum

1290 1104 1418 1138 Ordinis
1448 1106 1548 1139 sancti
1574 1107 1743 1149 Augustini
1770 1109 1801 1142 in
1827 1110 1947 1145 Lusita-

1289 1158 1341 1191 nia
1367 1159 1452 1192 cirea
1477 1159 1734 1194 iurisdietionem
1755 1170 1946 1205 procurato-

1291 1213 1334 1245 ris
1359 1213 1518 1254 generalis
1551 1219 1581 1246 et
1609 1224 1767 1247 novorum
1800 1227 1942 1250 conven-

1291 1271 1379 1297 tuum
1406 1265 1614 1305 erectionem,
1643 1265 1719 1299 (1725.

1200 1317 1233 1350 L.
1260 1317 1469 1350 ConfirmatiO
1483 1317 1712 1352 declarationis
1725 1319 1755 1352 S.
1776 1320 1812 1353 li.
1832 1321 1865 1354 Ε.
1880 1332 1947 1355 ear-

1289 1371 1445 1405 dinalium
1487 1372 1526 1405 de
1565 1373 1652 1405 cultu
1694 1373 1945 1409 immemorabili

1289 1425 1400 1458 beatae
1425 1425 1616 1466 Ludovicae,
1638 1433 1668 1459 et
1682 1437 1757 1460 casu
1774 1438 1792 1460 a
1809 1428 1947 1463 decretis

1289 1478 1408 1510 Urbani
1424 1478 1488 1511 Vlll
1510 1483 1654 1523 excepto,
1671 1480 1716 1512 uti
1735 1486 1765 1513 et
1786 1481 1825 1514 de
1851 1482 1947 1516 missa

1289 1538 1319 1564 ct
1343 1531 1451 1565 officio
1469 1531 1501 1564 in
1519 1532 1677 1565 bonorem
1703 1533 1806 1567 dictae
1830 1535 1946 1569 Beatae

1289 1585 1340 1618 die
1361 1595 1433 1618 xxxi
1451 1585 1588 1618 ianuarii
1607 1585 1638 1618 in
1653 1586 1787 1619 ecelesia
1804 1587 1834 1620 S.
1850 1588 1948 1621 Fran-

1289 1638 1363 1671 cisei
1395 1639 1529 1671 fratrum
1556 1638 1716 1672 Minorum
1749 1640 1782 1673 in
1813 1641 1945 1683 regione

1288 1692 1529 1725 Transtiberina
1554 1692 1738 1733 recitandis,
1767 1692 1841 1726 157.

1200 1746 1245 1778 Ll.
1286 1745 1450 1778 indultum
1487 1746 1527 1778 de
1563 1746 1758 1779 celebranda
1795 1747 1891 1781 missa
1916 1755 1947 1781 et

1289 1798 1397 1832 officio
1430 1799 1462 1831 in
1495 1799 1653 1832 honorem
1685 1800 1880 1833 Fer-dinandi
1906 1801 1945 1834 ΙΙΙ

1288 1853 1372 1895 regis
1397 1852 1551 1886 Castellae
1575 1858 1606 1885 et
1630 1853 1777 1895 Legionis
1808 1864 1867 1897 per
1900 1864 1946 1887 re-

1289 1917 1351 1950 gna
1375 1906 1550 1950 Hispaniae
1571 1913 1601 1939 et
1625 1917 1737 1940 omnes
1763 1907 1830 1941 eius
1856 1907 1947 1941 ditio-

1288 1971 1356 2001 nes,
1384 1961 1429 1994 uti
1455 1966 1485 1993 et
1510 1960 1542 1992 in
1568 1960 1703 1993 ecelesia
1722 1960 1769 1994 Ss.
1791 1961 1896 1993 iacobi
1918 1967 1945 1994 et

1289 2013 1473 2057 lldeplionsi
1500 2014 1538 2046 de
1564 2013 1648 2046 Urbe
1673 2013 1812 2047 nationis
1837 2014 1948 2058 Hispa-

1288 2068 1430 2106 niarum,
1458 2066 1509 2099 die
1536 2076 1599 2100 xxx
1624 2066 1700 2099 maii
1725 2066 1785 2100 sub
1806 2067 1869 2099 ritu
1892 2067 1947 2100 du-

1287 2120 1361 2164 plici
1388 2120 1567 2155 reeitando,
1595 2119 1670 2152 1158.

1198 2174 1259 2207 Lll.
1287 2173 1436 2206 Diversae
1462 2172 1695 2206 declarationes
1720 2178 1749 2205 et
1771 2173 1947 2206 ordinatio-

1288 2237 1344 2260 nes
1379 2236 1477 2269 snper
1513 2225 1707 2269 aequalitate
1745 2226 1776 2258 in
1809 2226 1946 2260 abbatiis

1288 2281 1423 2324 aliisque
1448 2279 1564 2313 officiis
1591 2280 1747 2312 servanda
1772 2279 1857 2312 inter
1883 2290 1947 2313 mo-

1288 2333 1409 2367 nachos
1443 2332 1706 2375 Congregationis
1730 2333 1760 2365 S.
1789 2334 1945 2367 Bernardi

1287 2387 1460 2431 Hispaniae
1496 2386 1624 2419 Ordinis
1660 2387 1878 2421 Cistereiensis
1909 2398 1946 2420 ex

1288 2440 1366 2473 locis
1391 2440 1471 2473 citra
1502 2446 1533 2473 et
1551 2440 1641 2472 'ultra
1672 2446 1797 2473 montes
1822 2440 1944 2473 Castel-

1288 2494 1351 2527 lam
1378 2499 1519 2526 veterem
1539 2503 1556 2526 a
1573 2495 1654 2526 nova
1675 2499 1862 2537 separantes
1879 2493 1946 2528 sitis

1287 2546 1463 2591 respective
1489 2546 1655 2587 oriundos,
1684 2545 1760 2579 160.

1301 2599 1470 2633 Concessio
1502 2605 1531 2633 et
1562 2599 1705 2633 extensio
1730 2599 1947 2642 indulgentia-

1287 2663 1382 2693 rum,
1412 2652 1630 2687 confratribus
1660 2658 1690 2686 et
1716 2651 1946 2686 consororibus

1198 2601 1272 2634 Llll.
