2279 3260
136 202 188 229 An.
211 203 238 229 C.
258 203 324 230 ¹070

187 1993 223 2013 Sic
239 1995 258 2013 et
275 1998 316 2012 nen

133 2019 195 2039 alitur
229 2020 316 2039 iudicari

134 2046 227 2066 mandat.

954 203 1095 225 (tlffinttx's
1118 205 1134 225 X
1161 205 1206 225 ΡΙ).

328 261 470 294 unquam
506 255 652 294 tempore
689 251 728 282 de
761 250 981 292 subreptionis
1014 253 1062 282 vel

328 303 553 347 obreptionis,
578 303 735 336 nullitatis
770 309 822 335 aut
858 303 1063 335 invaliditatis

328 356 423 395 vitio,
450 367 505 388 seu
529 355 718 388 intentionis
744 361 875 388 nostrae
901 357 950 388 vel
983 366 1064 398 quo-

330 409 446 441 rumvis
467 409 623 441 interesse
651 409 838 441 habentium
870 408 1062 440 consensus¹

330 465 384 492 aut
408 461 470 493 alio
502 461 613 504 quovis
649 461 851 504 quantumvis
883 471 1000 502 magno
1032 465 1064 491 et

329 513 533 546 substantiali
560 524 594 545 ac
624 513 841 555 inexcogitato
867 514 994 545 defectu
1012 523 1063 545 no-

328 565 397 604 tari,
423 565 613 608 impugnari,
633 566 814 605 invalitlari,
834 565 996 607 restringi,
1014 574 1064 596 re-

328 618 467 657 tractari,
485 618 518 650 in
543 618 593 650 ius
627 619 676 650 vel
702 618 957 651 controversiam
979 628 1064 650 revo-

329 669 403 708 czni,
429 670 596 713 suspendi,
620 670 762 708 limitari,
781 675 833 702 aut
849 670 888 702 ad
909 669 1063 701 terminos

328 722 409 755 iuris
435 722 562 761 reduci,
590 733 645 755 seu
679 723 830 755 adversus
856 722 926 755 illas
959 721 1066 764 aperi-

331 775 425 807 tionis
449 774 524 814 oris,
541 774 755 807 restitutionis
774 775 805 806 in
821 775 993 816 integrum,
1012 778 1066 805 aut

329 828 417 860 aliud
442 829 669 871 quodcumque
695 827 782 867 iuris,
809 827 880 859 sacti
910 828 960 859 vel
998 837 1066 868 gra-

328 881 390 913 tiae
414 881 594 913 remedium
619 880 785 923 impetrari
810 885 866 912 aut
883 880 1063 923 impetrato,

328 945 383 966 seu
409 934 505 966 etiam
529 939 616 966 motu
651 933 747 966 simili
774 943 929 966 concesso
956 943 1066 975 quem-

327 986 414 1028 piam
434 986 466 1018 in
494 986 612 1018 iudicio
641 986 690 1018 vel
717 990 806 1018 evtra
836 985 916 1018 illud
937 984 982 1016 uti
1008 995 1064 1017 seu

327 1049 360 1070 se
386 1038 493 1071 iuvare
519 1048 626 1081 posse,
646 1049 751 1081 neque
771 1038 899 1070 easdem
913 1047 1066 1080 praesen-

328 1096 377 1123 tes
402 1092 460 1123 sub
487 1090 653 1134 quibusvis
679 1090 831 1123 similium
855 1091 905 1123 vel
927 1090 1067 1122 dissimi-

328 1143 406 1176 lium
445 1143 710 1176 constitutionum
747 1154 783 1175 ac
822 1142 1066 1175 revocationum

328 1195 613 1228 etordinationum
640 1195 910 1235 revocationibus,
936 1205 1066 1237 suspen-

328 1249 483 1289 sionibus,
498 1249 747 1282 limitationibus
759 1254 789 1281 et,
806 1248 876 1281 aliis
894 1248 1065 1281 contrariis

328 1302 598 1345 dispositionibus
614 1313 674 1345 pro
694 1307 841 1345 tempore
861 1301 1066 1344 quomodoli-

328 1355 379 1387 bet
398 1355 488 1387 sactis
506 1355 743 1398 comprehendi
769 1360 823 1387 aut
842 1355 1062 1397 comprehen--

328 1419 379 1440 sas
404 1408 548 1448 censeri3
574 1409 631 1440 sed
658 1419 789 1451 semper
813 1408 933 1441 abillis
954 1418 1066 1450 exeep-

328 1467 386 1498 tas,
404 1466 436 1493 et
454 1461 579 1503 quoties
597 1461 670 1494 illae
689 1462 892 1499 emanabunt,
913 1461 1006 1493 toties
1032 1461 1063 1492 in

327 1514 500 1557 pristinum
519 1518 551 1545 et
569 1513 802 1545 validissimum
830 1518 947 1545 statum
974 1513 1066 1545 resti-

327 1571 421 1605 tutas,
446 1565 606 1608 repositas
625 1572 656 1598 et.
671 1566 818 1608 plenarie
837 1565 1063 1607 reintegratas,

329 1630 365 1651 ac
382 1619 477 1651 etiam
503 1619 563 1651 sub
582 1618 755 1661 posteriori
782 1618 874 1657 data,
908 1622 1066 1660 quatenus

329 1682 409 1714 opus
426 1671 474 1711 sit,
491 1671 528 1703 de
544 1682 627 1703 novo
646 1682 826 1710 concessas,
841 1677 1066 1714 perpetuoque

328 1724 449 1756 validas
467 1750 474 1763 ,
502 1724 611 1756 sirmas
642 1729 674 1756 et
698 1724 843 1756 efficaces
873 1724 1010 1756 existere
1036 1728 1068 1756 et

328 1778 407 1817 sore,
433 1787 574 1820 suosque
600 1777 764 1820 plenarios
795 1782 826 1809 et
851 1777 998 1819 integros
1024 1777 1068 1809 ef-

329 1830 431 1862 feetus
448 1829 555 1862 sortiri
574 1835 606 1862 et
620 1829 782 1867 obtinere,
800 1840 835 1862 ae
851 1830 889 1861 ab
908 1830 1066 1870 omnibus,

329 1883 366 1914 ad
388 1893 469 1925 quos
488 1887 611 1924 spectat
641 1887 672 1914 et
697 1883 970 1925 quandocumspie
995 1894 1066 1926 spe<

329 1935 437 1973 etabit,
457 1935 689 1967 imicdabiliter
711 1935 892 1974 observari,

373 1988 386 2030 ξ
413 1987 464 2019 Μ.
485 1987 601 2030 Sicque
632 1987 663 2019 in
690 1987 878 2030 praemissis
898 1998 955 2030 per
973 1999 1069 2031 quos-

329 2051 466 2082 cumque
492 2039 617 2072 iudiees
645 2046 674 2072 et
700 2040 950 2079 commissarios,
972 2041 1068 2073 etiam

329 2104 495 2125 causarum
533 2093 643 2135 palatii
679 2093 850 2136 apostolici
883 2094 1067 2133 auditores,

329 2157 364 2178 ac
396 2145 540 2178 eiusdem
566 2146 596 2178 S.
626 2146 662 2178 R.
690 2146 723 2178 E.
751 2146 945 2183 cardinaliis,
971 2148 1066 2179 etiam

328 2199 367 2231 de
404 2200 506 2231 latere
531 2199 678 2241 legatos,
708 2204 739 2231 et
764 2199 889 2241 quosvis
921 2199 1012 2232 Sedis
1039 2206 1065 2231 et

328 2261 476 2283 camerae
502 2251 738 2293 praedictarum
777 2251 932 2283 officiales
957 2256 989 2284 et
1012 2252 1069 2284 mi-

327 2303 462 2341 nistres,
481 2308 511 2336 et
533 2304 614 2336 alios
640 2314 862 2346 quoscumque
881 2305 993 2346 quavis
1019 2315 1068 2336 au-

326 2356 474 2388 ctoritate
500 2361 529 2388 et
555 2361 717 2399 potestate
752 2358 945 2398 fungentes,
983 2368 1066 2389 nune

327 2414 358 2440 et
382 2419 439 2451 pro
459 2414 604 2451 tempore
623 2410 804 2447 existentes,
832 2410 956 2442 sublata
977 2410 1023 2441 eis
1037 2415 1069 2442 et

329 2472 442 2494 eorum
461 2461 594 2494 cuilibet
613 2462 723 2504 quavis
740 2462 833 2495 aliter
857 2462 1020 2495 itu‘licandi
1037 2468 1068 2495 et

369 2575 378 2601 1
398 2574 464 2600 Male
479 2574 543 2600 edit.
560 2575 638 2601 Maio.
654 2575 718 2610 legit
732 2585 868 2602 consensu
884 2576 920 2611 (Β.
936 2576 985 2610 τ.).

1740 195 1803 227 127

1106 251 1340 292 interpretandi
1372 252 1518 283 facultate
1538 257 1565 282 et
1582 253 1785 292 auctoritate,
1801 252 1843 283 iu-

1107 302 1204 335 dicari
1234 308 1266 335 et
1292 303 1418 335 deliniri
1451 304 1584 343 debere,
1603 315 1640 336 ac
1661 304 1785 336 irritum
1812 309 1845 336 et

1106 355 1201 387 inane
1223 355 1246 387 si
1265 366 1356 387 secus
1388 367 1485 399 super
1518 356 1567 387 liis
1606 368 1622 387 a
1655 367 1841 399 quoquam,

1107 408 1217 449 quavis
1244 407 1452 445 auctoritate,
1490 407 1631 440 scienter
1666 409 1717 440 vel
1753 408 1845 450 igno-

1107 465 1233 499 ranter,
1258 459 1433 501 contigerit
1457 460 1620 492 attentari.

1150 512 1241 553 (ΕΜ.
1269 512 1424 549 Quocirca
1460 512 1585 544 dilectis
1618 511 1691 544 siliis
1731 516 1842 544 nostro

1107 569 1143 595 :tc
1155 564 1236 607 SQR.
1253 564 1286 596 E.
1303 565 1486 607 praedictae
1503 563 1678 596 ‹·auie1·a1·io
1703 574 1757 595 seu
1773 574 1845 606 pro-

1107 617 1291 657 ‹uunerariQ
1319 628 1446 649 necnon
1472 616 1722 649 viceeamerario
1738 643 1745 655 ,
1774 616 1845 648 the-

1108 670 1264 709 saurario,
1276 680 1312 702 ae
1329 670 1453 702 clericis
1469 669 1745 712 praesidentibus,
1758 679 1845 702 com-

1108 723 1255 755 missario
1273 728 1304 755 et
1322 723 1391 755 aliis
1417 733 1563 755 camerae
1584 721 1768 764 praedictae
1798 722 1845 753 os-

1108 775 1276 812 aetatibus,
1302 776 1340 807 ad
1367 786 1448 818 quos
1466 779 1609 818 spectat,
1628 774 1844 817 praecipimus

1109 832 1140 860 et
1164 828 1374 867 mandamus,
1400 832 1435 858 ut
1459 832 1663 870 praesentem
1701 831 1844 858 nostram

1109 880 1385 918 constitutionem,
1413 884 1441 912 et
1462 880 1493 911 in
1512 881 1549 911 ea
1566 884 1718 911 contenta
1748 888 1846 921 quae-

1109 943 1257 976 cumque,
1282 933 1315 965 in
1340 933 1487 965 omnibus
1505 938 1536 965 et
1554 933 1690 974 singulis
1711 931 1847 963 firmiter

1110 991 1141 1018 et
1164 985 1395 1018 inviolabiliter
1419 985 1602 1024 observent,
1621 990 1653 1018 et
1673 985 1791 1017 faciant
1808 985 1846 1016 ab

1110 1039 1180 1071 aliis
1199 1038 1379 1071 observari.

1153 1092 1167 1135 ξ
1192 1091 1245 1125 13.
1272 1091 1342 1123 Non
1364 1091 1566 1124 obstantibus
1591 1091 1845 1133 supradictarum

1110 1144 1212 1176 litium
1238 1144 1431 1187 pendentia,
1466 1143 1604 1186 aliisque
1629 1143 1779 1176 omnibus
1815 1149 1847 1177 et

1110 1197 1246 1239 singulis
1277 1196 1461 1239 praemissis
1481 1223 1488 1235 ,
1522 1206 1650 1228 necnon
1682 1198 1792 1228 nostra
1817 1201 1849 1228 et

1109 1249 1319 1282 cancellariae
1345 1249 1544 1292 apostolieae
1570 1250 1683 1291 regula
1708 1249 1747 1281 de
1779 1249 1848 1280 iure

1110 1303 1256 1346 quaesito
1270 1313 1334 1335 non
1354 1303 1509 1341 tollendo,
1522 1312 1566 1341 ae,
1586 1307 1747 1344 quatenus
1767 1312 1848 1344 opus

1109 1356 1160 1395 sit,
1189 1355 1346 1398 praedicti
1373 1355 1417 1386 Pii
1437 1354 1698 1397 praedecessoris
1718 1354 1756 1386 de
1779 1365 1850 1396 gra-

1109 1409 1160 1441 tiis
1187 1410 1420 1452 qualecumque
1446 1408 1603 1440 interesse
1623 1408 1728 1439 dit-tae
1747 1417 1850 1439 came-

1107 1472 1160 1494 rae
1180 1465 1414 1494 concernentes
1432 1461 1464 1492 in
1487 1461 1599 1492 eadem
1615 1462 1743 1492 camera
1759 1470 1851 1503 prae-

1108 1514 1273 1547 sentandis
1299 1519 1330 1546 et
1354 1513 1585 1555 registrandis,
1608 1513 1651 1545 ita
1685 1518 1721 1544 ut
1756 1523 1849 1555 prae-

1109 1572 1217 1599 sentes
1244 1567 1276 1598 in
1301 1568 1337 1598 ea
1357 1565 1560 1608 praesentari
1594 1570 1647 1596 aut
1679 1565 1848 1607 registrari

1108 1630 1273 1663 nunquam
1299 1629 1433 1651 neeesse
1459 1619 1508 1657 sit,
1528 1617 1667 1660 aliisque
1697 1617 1851 1659 apostoli-

1110 1672 1174 1711 cis,
1201 1683 1236 1703 ae
1261 1671 1293 1703 in
1319 1671 1555 1703 universalibus
1582 1669 1851 1713 provincialibus-

1110 1736 1170 1767 que
1189 1720 1344 1757 conciliis*
1362 1723 1472 1761 editis,
1489 1722 1697 1765 generalibus
1715 1723 1763 1754 vel
1783 1732 1851 1764 spe-

1110 1777 1255 1817 cialibus,
1275 1775 1560 1809 constitutionibus
1586 1780 1617 1807 et
1640 1775 1851 1807 ordinationi-

1110 1830 1180 1869 bus,
1206 1840 1335 1861 necnon
1362 1828 1542 1871 quibusvis,
1568 1827 1664 1860 etiam
1690 1827 1852 1859 iuramen-

1110 1888 1155 1923 to,
1175 1881 1420 1914 confirmatione
1447 1880 1628 1923 apostolica
1662 1881 1712 1912 vel
1738 1880 1850 1922 quavis

1110 1934 1261 1967 firmitate
1289 1934 1350 1966 alia
1375 1933 1552 1973 roboratis,
1570 1932 1696 1965 statutis
1723 1938 1753 1964 et
1777 1936 1863 1965 eon-⁷

1111 1987 1333 2021 suetudinilms
1352 2014 1359 2027 ,
1388 1987 1482 2019 etiam
1515 1986 1825 2019 immemorabilibus
1842 2014 1849 2026 ,

1111 2041 1289 2084 privilegiis
1316 2051 1464 2083 quoque,
1490 2040 1641 2079 indultis,
1666 2039 1851 2072 concessio-

1111 2094 1228 2133 nibus,
1256 2092 1530 2131 immunitatibus,
1567 2091 1827 2134 exemptionibus
1842 2120 1849 2133 ,

1111 2146 1356 2188 ebirograpbis,
1390 2146 1512 2177 eedulis
1550 2144 1851 2187 motuumproprio-

1112 2210 1193 2238 rum,
1216 2204 1245 2230 et
1272 2198 1343 2230 aliis
1364 2197 1530 2240 scripturis
1551 2203 1581 2229 et
1602 2197 1728 2234 litteris,
1751 2197 1849 2229 etiam

1111 2251 1310 2294 apostolicis,
1330 2250 1503 2293 praedictis
1522 2255 1553 2282 et
1573 2249 1738 2293 quibusvis
1763 2250 1846 2289 aliis,

1112 2304 1206 2336 etiam
1233 2308 1269 2335 ut.
1292 2304 1474 2346 praefertur
1498 2303 1701 2345 (malidentis,
1720 2313 1754 2334 ar
1778 2313 1849 2345 spe-

1111 2357 1184 2390 ciali
1217 2358 1293 2389 uota
1317 2362 1347 2389 et
1380 2356 1543 2389 mentione
1581 2356 1698 2398 dignis,
1723 2355 1848 2387 etiamsi

1112 2409 1299 2443 nominatim
1325 2414 1433 2441 essent
1456 2408 1673 2451 exprimendi,
1699 2408 1758 2440 sub
1784 2408 1849 2450 qui-

1109 2464 1309 2505 buscumque
1335 2462 1504 2494 verborum
1531 2462 1698 2494 tenoribus
1725 2466 1754 2493 et
1784 2462 1848 2493 sor-

1110 2516 1180 2555 mis,
1207 2526 1242 2547 ac
1267 2526 1339 2548 cum
1364 2515 1530 2558 quibusvis
1555 2515 1650 2546 etiam
1677 2515 1847 2555 derogato-

1108 2568 1228 2600 riarum
1254 2567 1477 2610 derogatoriis,
1505 2567 1640 2610 aliisque
1663 2566 1848 2604 efficaciori-

1850 204 1898 228 Λιι.
1920 203 1947 227 C.
1968 203 2034 228 ltin

1892 525 2036 549 qumuuros

1853 551 1948 577 deputat.

1926 1100 2042 1120 Contrariis

1857 1127 1954 1153 derogat.
