2279 3260
243 266 292 292 An.
308 266 337 293 c.
361 267 428 293 ¹070
472 257 515 289 94

241 852 353 872 (Hau-ulau
363 859 422 878 prm.

240 882 367 899 Bel‘hliss‘ilss.

437 319 598 357 potestate
623 314 842 356 fungentibus,
870 315 929 347 sub
955 314 1173 347 excommuni-

436 367 571 399 cationis
595 367 727 400 maioris
761 368 897 410 aliisque
944 366 1173 400 ecclesiasticis

434 419 615 460 sententiis,
642 421 788 453 censuris
817 426 848 453 et
879 419 1013 463 poenis,
1039 430 1077 451 ne
1102 418 1173 450 uni-

432 472 614 511 versitates,
632 473 779 514 collegia,
799 484 834 505 ac
854 473 923 504 loca
940 476 971 503 ct
988 470 1170 512 legatarios,

433 524 592 557 haeredes
610 530 641 557 et
661 535 830 568 personas,
849 534 976 556 necnon
1003 528 1174 555 testamen-

432 581 551 615 torum,
572 578 771 609 voluntatum
790 582 821 609 ct
845 576 1089 609 ordinationum
1114 575 1173 606 liu-

431 629 572 662 iusmodi
599 635 815 672 exequutores
840 628 1025 671 praedictos
1050 627 1172 660 directe

432 733 565 775 ingenio
582 734 754 766 molestare
773 734 912 765 audeaut
941 732 1172 775 quoquomodo

433 787 482 818 vel
508 786 714 829 perturbare.

477 840 492 881 ς’
511 838 563 870 15.
585 838 628 870 Ac
645 838 858 870 decernentes
879 838 1044 881 praedicta
1065 837 1173 870 omnia

435 896 465 923 et
490 890 626 932 singula,
652 896 905 933 praesentesque
927 891 1059 930 litteras,
1079 896 1111 923 et
1128 895 1173 922 te—

434 948 610 982 stanienta,
638 943 851 982 donationes,
879 943 1057 984 codicillos,
1083 943 1173 975 fidei-

434 995 614 1034 commissa,
642 996 758 1036 legata,
784 995 1015 1035 ordinationes,
1039 997 1173 1037 deroga-

434 1048 553 1088 tiones,
570 1048 798 1090 dispositiones
813 1054 844 1081 et
857 1049 918 1081 alia
936 1059 1172 1091 quaecumque,

435 1112 564 1134 necnon
597 1112 678 1144 quae
709 1102 741 1134 in
772 1101 958 1144 praemissis
991 1102 1072 1134 sacta
1100 1105 1174 1133 sunt

436 1160 489 1187 aut
505 1154 575 1187 sieri
596 1154 781 1196 contigerit,
801 1159 864 1186 tam
888 1154 1000 1196 vigore
1021 1164 1174 1197 praesen-

437 1207 475 1239 tis
501 1217 597 1249 quam
632 1206 728 1238 etiam
764 1206 898 1239 aliarum
930 1207 1174 1239 concessionum

436 1259 526 1292 vobis
551 1260 724 1299 saetarum,
752 1270 788 1291 ac
813 1259 967 1302 deinceps
998 1259 1030 1291 in
1056 1270 1174 1301 genere

437 1318 468 1345 et
492 1313 523 1344 in
549 1312 658 1354 specie
683 1312 911 1351 faciendarum,
933 1324 1003 1345 cum
1024 1313 1099 1345 inde
1124 1323 1175 1345 sc—

437 1365 545 1408 quutis
570 1371 601 1397 et
626 1365 825 1407 sequuturis,
852 1365 979 1397 etiamsi
1009 1375 1065 1397 vos
1091 1364 1176 1397 intra

437 1417 569 1457 curiam,
597 1422 651 1450 aut
675 1417 707 1450 in
734 1428 935 1461 quacumque
968 1417 1030 1450 alia
1065 1418 1175 1450 mundi

436 1476 525 1514 parte
551 1476 640 1503 extra
665 1470 819 1502 ecclesias
853 1476 884 1503 et
908 1470 1066 1502 beneficia
1107 1481 1178 1512 per-

437 1524 581 1556 sonalem
606 1523 815 1556 residentiam
848 1523 1050 1565 requirentia
1075 1523 1177 1565 quali-

439 1581 624 1619 tercumque
655 1575 836 1618 qualifieata
869 1586 928 1619 per
957 1586 1010 1609 vos
1035 1587 1121 1608 nune
1146 1581 1177 1608 et

439 1639 498 1672 pro
523 1637 668 1671 tempore
694 1628 847 1669 obtenta,
873 1629 968 1661 etiam
994 1639 1052 1672 pro
1076 1631 1178 1661 vestra

439 1683 508 1714 sola
521 1682 685 1714 voluntate
701 1686 731 1713 et
744 1682 833 1714 nulla
851 1682 1067 1724 subsequente
1083 1684 1179 1714 causa

440 1744 507 1766 non
541 1733 729 1774 residendi,
757 1733 795 1765 ab
832 1733 983 1765 humanis
1020 1734 1178 1766 decedere

441 1787 615 1829 contigerit
631 1813 638 1826 ,
665 1787 725 1819 sub
751 1786 867 1819 litteris
894 1787 1090 1819 recolendae
1115 1797 1181 1819 me-

442 1840 563 1873 moriae
589 1840 634 1872 Pii
659 1840 763 1882 Papae
782 1840 817 1871 lv
838 1840 1103 1883 praedecessoris
1124 1851 1181 1872 no-

443 1894 501 1926 stri
526 1899 639 1926 contra
660 1903 883 1937 quoscumque
915 1894 1105 1937 episcopos,
1132 1905 1202 1926 ar-=

444 1946 670 1989 chiepiscopos
697 1951 728 1978 et
753 1946 830 1979 alios
856 1948 1019 1989 praelatos
1054 1940 1202 1979 necnon¹

444 1999 681 2042 parochialium
706 1999 917 2031 ecclesiarum
951 2005 1096 2032 rectores
1133 2010 1183 2033 ce-

445 2057 594 2095 terosque
610 2052 801 2084 residentiae
818 2052 981 2094 personali
999 2053 1182 2095 praedictae

446 2105 618 2138 adstrictos
643 2110 732 2137 extra
757 2104 846 2136 illam
878 2106 1183 2149 quomodocumque

447 2158 666 2198 decedentes,
698 2167 741 2190 vu
782 2157 939 2190 kalendas
978 2158 1183 2199 decembris,

446 2211 653 2254 pontificatus
677 2210 726 2242 sui
751 2221 835 2242 anno
859 2220 887 2250 v,
913 2215 967 2242 aut
988 2211 1050 2243 alio
1067 2212 1184 2244 veriori

448 2316 519 2349 aliis
543 2314 826 2348 constitutionibus
857 2320 888 2347 et
912 2316 1182 2358 revocationibus,

448 2368 730 2412 suspensionibus,
746 2368 1005 2409 limitationibus‚
1019 2370 1185 2403 modifica-

450 2422 605 2461 tionibus,
634 2421 782 2461 decretis,
809 2422 1084 2454 declarationibus
1109 2433 1185 2465 apo-

449 2475 581 2514 stolici=,
600 2474 813 2506 cancellariae
839 2474 1035 2517 apostolicae
1053 2476 1184 2517 regulis,

450 2540 486 2561 ex
501 2528 758 2570 quibuscumque
769 2527 873 2559 causis
889 2533 1183 2570 ‹piantumcumque

449 2580 608 2620 maximis,
623 2579 813 2621 urgentibus
828 2584 859 2611 et.
872 2579 1183 2620 inexcogitabilibus,

449 2633 546 2667 etiam
570 2633 602 2666 in
627 2633 766 2666 savorem
790 2633 862 2666 fidei
889 2638 918 2666 et
957 2633 1055 2667 divini
1081 2635 1185 2666 cultus

1014 266 1193 290 BULLARIUM
1217 265 1368 290 ROMANUM

1215 319 1431 354 augmentum,
1458 324 1494 346 ac
1518 313 1797 353 consistorialiter,
1823 312 1950 345 etiama

1216 365 1309 397 nobis
1346 371 1378 398 et
1408 366 1487 399 Sede
1521 366 1684 409 praedicta
1718 366 1876 398 hactenus
1901 365 1949 397 vel

1215 427 1302 450 nunc
1318 423 1350 450 et
1373 429 1431 461 pro
1450 423 1595 461 tempore
1616 419 1706 451 sactis
1724 423 1755 451 et
1773 417 1877 457 editis,
1895 416 1952 449 mi-

1215 469 1300 503 nime
1325 471 1570 513 comprehendi,
1595 472 1652 504 sed
1677 480 1805 513 semper
1829 469 1949 502 abillis

1215 528 1360 565 excepta,
1378 529 1417 562 et,
1436 523 1562 565 quoties
1587 529 1733 556 emanata
1758 522 1886 562 suerint,
1909 527 1951 554 to-

1193 606 1194 611 ,
1216 575 1274 607 ties
1299 575 1332 606 in
1361 575 1532 617 pristinum
1564 581 1597 608 et
1627 575 1862 608 validissimum
1887 579 1951 607 sta-

1192 651 1194 663 ,
1216 632 1291 666 tum,
1311 633 1343 659 ct
1362 627 1456 659 etiam
1475 628 1534 659 sub
1553 628 1625 660 data
1649 627 1835 670 posteriori,
1855 626 1950 658 etiam

430 683 480 714 vel
502 681 658 714 indirecte
684 681 796 724 quovis
814 680 962 723 quaesito
984 681 1094 712 colore
1123 680 1172 712 vcl
1192 672 1194 684 ³

1214 690 1285 712 cum
1312 680 1577 721 derogationibus
1609 686 1641 713 et
1675 680 1825 713 clausulis
1854 679 1950 712 etiam

1215 732 1493 774 derogatoriarum
1511 732 1724 774 derogatoriis
1740 731 1952 764 irritantibus-

1215 795 1276 828 que
1302 790 1334 817 et
1357 784 1426 817 aliis
1456 785 1593 817 decretis
1627 795 1684 827 per
1715 795 1769 817 vos
1802 783 1952 826 eligenda

1214 837 1419 880 apponendis
1457 842 1487 869 et
1516 837 1673 870 latissime
1703 835 1950 879 specificandis,

1215 889 1365 932 reposita,
1379 890 1527 922 restituta
1545 896 1577 922 et
1600 889 1745 932 plenarie
1772 890 1952 930 reintegra-

1216 949 1253 982 ta,
1276 954 1311 975 ac
1335 944 1373 976 de
1401 954 1484 975 novo
1518 952 1692 982 concessa,
1719 942 1886 984 validaque
1921 946 1952 973 et

1215 995 1356 1028 efficacia
1381 996 1458 1035 sore,
1478 1006 1604 1028 necnon
1625 996 1783 1038 perpetua
1803 993 1951 1026 tirn'iitate

1215 1047 1404 1088 subsistere,
1426 1058 1568 1090 suosque
1593 1047 1759 1090 plenarios
1784 1051 1816 1079 et
1839 1056 1952 1078 omnes

1215 1099 1356 1139 cll‘ectus,
1377 1100 1431 1143 qui
1453 1101 1491 1133 de
1509 1099 1587 1139 iure,
1606 1101 1698 1143 stylo,
1715 1098 1951 1131 consuetudine

1216 1158 1268 1184 ant
1292 1153 1369 1185 alias
1396 1153 1702 1196 quomodocumque
1727 1151 1834 1184 sortiri
1862 1156 1952 1194 pote—

1216 1211 1298 1245 runt,
1324 1216 1360 1237 ac
1386 1205 1447 1237 vim
1472 1205 1547 1245 veri,
1574 1205 1731 1247 legitimi,
1759 1204 1871 1244 iurati,
1898 1204 1952 1236 sti-

1216 1258 1328 1300 pulati,
1345 1257 1442 1290 validi
1457 1263 1488 1290 et
1504 1258 1640 1290 efficacis
1654 1262 1848 1297 contractus,
1869 1257 1953 1290 inter

1216 1321 1269 1343 vos
1294 1322 1330 1343 ex
1356 1313 1427 1351 una,
1453 1321 1490 1343 ac
1511 1322 1571 1343 nos
1597 1316 1628 1344 et
1652 1321 1812 1343 cameram
1831 1310 1953 1353 praedi-

1196 1369 1297 1406 vctam
1323 1374 1359 1396 ex
1393 1364 1493 1396 altera
1529 1363 1694 1405 partibus,
1721 1363 1843 1396 habere
1860 1390 1867 1403 ,
1893 1373 1954 1396 nec

1216 1416 1313 1448 etiam
1345 1426 1404 1459 per
1438 1416 1677 1459 promotionem
1706 1416 1745 1449 ad
1782 1416 1954 1449 ecclesiam

1216 1469 1446 1509 cathedralem,
1471 1469 1568 1501 etiam
1589 1469 1881 1512 metropolitanam,
1900 1474 1955 1501 aut

1217 1522 1469 1563 nausiationem,
1495 1523 1545 1555 vel
1571 1522 1665 1555 aliam
1692 1527 1794 1554 status
1825 1527 1857 1554 et
1881 1531 1955 1565 per-

1218 1586 1318 1608 sonae
1338 1582 1461 1608 vestrae
1481 1576 1703 1615 mutationem,
1722 1586 1781 1608 nec
1795 1586 1854 1618 per
1870 1574 1958 1607 simi-

1220 1629 1263 1660 les
1278 1629 1325 1661 vel
1352 1628 1527 1661 dissimiles
1546 1628 1662 1670 gratias
1681 1628 1771 1661 vobis
1787 1638 1956 1660 concessas

1221 1686 1251 1712 et
1275 1681 1513 1720 concedendas,
1539 1681 1705 1720 confundi,
1725 1680 1779 1713 sed
1805 1680 1882 1722 ipsis
1904 1690 1958 1712 cu—

1220 1733 1370 1766 mulative
1395 1734 1428 1766 in
1454 1733 1603 1766 omnibus
1640 1738 1671 1766 et
1694 1743 1753 1776 per
1777 1732 1885 1766 onmia
1901 1732 1956 1772 uti,

1220 1791 1251 1818 et
1275 1786 1299 1818 si
1325 1786 1403 1829 quid
1429 1787 1461 1818 in
1485 1788 1545 1819 una
1563 1797 1599 1819 ex
1625 1785 1831 1818 facultatibus
1850 1786 1959 1817 huius-

1220 1840 1308 1872 modi
1333 1839 1500 1880 deseeerit,
1528 1850 1586 1883 per
1610 1840 1706 1872 aliam
1735 1838 1878 1882 suppleri
1903 1839 1959 1871 de-

1223 1894 1310 1932 bere,
1336 1903 1396 1925 nec
1421 1893 1594 1933 haeredes,
1618 1893 1802 1935 legatarios,
1821 1902 1857 1924 ac
1875 1893 1957 1932 loca,

1223 1946 1261 1978 ad
1281 1956 1360 1988 quos
1378 1956 1435 1978 seu
1457 1956 1539 1989 quae
1557 1945 1652 1985 bona,
1671 1946 1741 1977 iura
1759 1951 1790 1978 et
1817 1944 1959 1978 actiones

1224 1998 1411 2031 huiusmodi
1437 1999 1640 2039 devenerint,
1658 2000 1708 2031 vel
1733 1998 1849 2041 quibus
1863 1998 1962 2031 relin-

1224 2057 1382 2094 quentur,
1413 2057 1468 2084 aut
1492 2058 1684 2084 executores
1710 2051 1896 2094 praedictos
1920 2051 1960 2083 ad

1204 2136 1206 2139 ,
1225 2105 1352 2137 tertiam
1374 2115 1428 2137 seu
1454 2105 1549 2137 aliam
1574 2115 1684 2137 eorum
1710 2110 1831 2147 partem
1853 2105 1962 2146 (quam

1225 2158 1320 2190 etiam
1346 2168 1383 2190 ex
1408 2168 1494 2189 nunc
1518 2158 1620 2198 vobis,
1645 2168 1682 2189 ac
1706 2157 1794 2197 locis,
1814 2156 1962 2189 haeredi-

1204 2211 1302 2256 bus,
1329 2210 1492 2252 legatariis
1521 2222 1557 2243 ac
1583 2210 1759 2243 donatariis
1785 2209 1961 2253 praedictis

447 2269 605 2306 tempore,
623 2263 792 2303 emanatis,
807 2268 838 2295 et
853 2264 912 2295 sub
931 2264 1183 2307 quibuscumque
1204 2267 1205 2290 l

1227 2264 1404 2296 liberaliter
1428 2263 1637 2296 concedimus
1657 2268 1688 2295 et
1714 2263 1884 2305 donamus>
1910 2273 1962 2295 ca-

1225 2326 1332 2348 merae
1357 2316 1406 2348 vel
1428 2316 1567 2349 fabricae
1597 2321 1651 2348 aut
1675 2315 1844 2348 beneflciis
1869 2325 1962 2358 prae·-

1226 2369 1328 2408 dictis,
1346 2369 1443 2401 etiam
1463 2380 1523 2412 pro
1549 2368 1751 2411 expeditione
1777 2373 1890 2400 contra
1913 2367 1962 2400 in-

1226 2422 1337 2455 fideles
1371 2427 1402 2454 et
1433 2422 1597 2465 quibusvis
1632 2422 1702 2454 aliis
1727 2421 1963 2465 quantumlibet

1227 2475 1286 2518 piis
1310 2475 1433 2515 usibus,
1461 2475 1662 2513 solvendum,
1688 2485 1724 2507 ae
1748 2485 1818 2506 cum
1843 2474 1881 2506 iis
1908 2474 1963 2506 de-

1226 2539 1321 2570 super
1346 2528 1620 2570 componendum,
1647 2528 1696 2560 vel
1720 2538 1777 2559 vos
1803 2526 1841 2559 ad
1867 2526 1963 2559 aliani

1228 2582 1453 2624 particularem
1480 2581 1662 2621 licentiam,
1689 2581 1754 2612 sive
1788 2581 1961 2619 indultum,

1227 2639 1281 2666 aut
1301 2634 1579 2666 confirmationem
1598 2633 1817 2676 praesentium
1834 2644 1851 2666 a
1868 2632 1962 2666 nobis

1951 263 2002 289 An.
2022 262 2051 289 C.
2073 260 2141 289 ¹670
