2279 3260
239 265 286 293 Aa.
305 265 334 293 c.
359 266 425 294 ¹670
470 257 512 291 llo

433 315 576 349 tionibus
594 315 662 349 eius
676 316 808 350 nomine
822 316 916 350 nobis
929 327 1026 360 super
1039 317 1102 350 hoc
1117 317 1171 350 hu-

432 370 554 403 militer
578 370 736 414 porrectis
758 370 915 409 inclinati,
932 370 1037 403 onmia
1053 375 1085 402 et
1108 369 1170 402 sin-

432 423 505 465 gula
531 422 707 467 privilegia,
730 422 965 460 concessiones,
994 422 1168 461 facultates,

433 476 567 515 indulta,
585 475 813 517 indulgentias,
836 480 1023 517 ceterasque
1050 473 1168 516 gratias

432 529 620 573 spirituales
634 534 666 562 et
683 529 879 571 temporales
898 527 1018 560 eisdem
1032 527 1119 565 locis,
1138 531 1171 559 et

432 582 487 616 illa
522 581 724 615 visitantibus
743 607 750 619 ,
780 591 907 613 necnon
937 579 1014 613 dicti
1040 578 1168 612 Ordinis

432 635 609 677 guardiano
628 640 660 666 et
685 633 834 666 fratribus
851 633 883 666 in
905 632 996 665 dictis
1025 631 1169 674 partibus

433 687 625 730 degentibus
658 696 717 730 per
749 695 970 729 quoscumque
1009 684 1168 717 Romanos

433 739 602 773 Pontifices
621 739 891 783 praedecessores
909 743 1036 770 nostros
1062 748 1097 769 ac
1118 737 1169 769 Se-

433 794 506 827 dent
522 792 738 836 Apostolicam
754 791 784 823 in
805 800 923 833 genere
939 791 987 823 vel
1004 790 1035 822 in
1061 789 1168 833 specie

431 852 484 879 aut
501 845 579 879 alias
601 844 846 888 quomodolibet
867 851 1038 883 concessa,
1058 848 1169 886 quate-

432 909 491 931 nus
510 899 574 931 sint
591 897 622 930 in
641 907 709 937 usu,
737 902 767 929 et
791 906 855 928 non
873 895 936 928 sint
955 900 1104 929 revocata
1118 901 1170 927 aut

432 951 493 984 suh
507 949 668 993 aliquibus
685 948 947 982 revocationibus
961 947 1170 991 comprehen-

432 1003 631 1048 satexistant,
658 1002 823 1045 sacrisque
843 1001 1032 1040 canonibus,
1051 1001 1170 1033 consti-

1191 1047 1263 1100 {pie
1290 1061 1464 1098 sancteque
1490 1054 1662 1094 institutis,
1687 1054 1870 1097 uberesque
1895 1055 1953 1087 bo-

433 1056 612 1092 tutionibus
627 1054 820 1099 apostolicis,
836 1065 870 1086 ac
884 1053 1019 1087 Concilii
1037 1052 1171 1086 Triden-

433 1109 490 1142 tini
517 1107 655 1142 decretis
672 1118 737 1143 non
755 1107 974 1147 adversentur,
993 1106 1169 1150 apostolica

432 1161 633 1201 auctoritate,
660 1166 769 1194 tenore
795 1159 1027 1204 praesentium,
1055 1159 1193 1192 confir-‘2

1192 1217 1316 1251 ἶνῑιῃῑε,
1341 1211 1487 1255 proferre
1513 1211 1631 1253 iugiter
1655 1209 1887 1252 satagentibus,
1918 1214 1953 1242 ut

1191 1267 1250 1299 ·ab
1276 1266 1361 1299 aeris
1386 1265 1483 1297 alieni
1508 1265 1652 1308 pondere
1678 1264 1898 1304 subleventur,
1916 1274 1952 1295 ac

430 1226 557 1248 mamus
583 1220 613 1248 et
631 1214 859 1257 approbamus,
882 1224 919 1246 ac
937 1217 1113 1256 perpetuae
1140 1217 1171 1245 et

432 1267 626 1301 inviolabilis
648 1266 845 1310 apostolicae
866 1265 1025 1298 firmitatis
1051 1265 1169 1298 robore

433 1320 676 1358 communimus,
695 1330 731 1352 ac
748 1329 861 1351 omnes
884 1324 917 1351 et
940 1318 1086 1360 singulos
1106 1323 1168 1350 tam

433 1373 512 1406 iuris
537 1384 632 1416 quani
658 1372 731 1404 facti
758 1372 920 1412 defectus,
946 1371 971 1403 si
997 1371 1050 1413 qui
1076 1370 1170 1403 desu-

432 1436 492 1469 per
515 1426 547 1458 in
572 1425 618 1457 cis
643 1424 890 1468 quomodolibet
915 1424 1168 1463 intervenerint,

433 1479 634 1521 supplemus.

270 1538 421 1562 ludulasntiam

239 1565 356 1591 planarum
401 1566 421 1585 ln

241 1592 420 1637 :atanaricum
433 1584 517 1626 gulis
542 1583 730 1616 eorumdem
756 1583 889 1615 fratrum
914 1582 1167 1626 interpretibuS,

338 1632 344 1638 ’
433 1647 521 1670 nunc¹
544 1635 784 1679 Hierosolymis,
812 1636 1002 1668 Bethlehem
1029 1640 1061 1668 et
1079 1634 1169 1667 Naza-

432 1689 505 1722 reth
524 1688 735 1721 existentibus
755 1694 786 1720 et
806 1687 996 1727 viventibus,
1018 1687 1051 1719 in
1068 1686 1168 1719 cuius—

431 1741 512 1774 libet
527 1751 640 1773 eorum
657 1740 769 1773 mortis
796 1740 942 1780 articulo,
961 1739 986 1772 si
1004 1749 1076 1772 vere
1095 1749 1170 1782 poe-

431 1794 574 1827 nitentes
590 1799 622 1827 et
636 1793 774 1827 confessi
789 1804 825 1826 ac
839 1794 930 1825 sacra
943 1792 1168 1826 communione

432 1847 555 1887 refecti,
573 1848 634 1885 vel,
652 1852 812 1889 quatenus
833 1846 866 1878 id
890 1846 995 1879 facere
1016 1846 1170 1889 nequive-

434 1899 508 1939 rint,
534 1901 649 1932 saltem
674 1899 805 1932 contriti
823 1909 942 1931 nomen
967 1899 1035 1931 lsssu
1061 1909 1117 1931 ore
1143 1898 1169 1930 si

434 1949 613 1993 potuerint,
635 1949 684 1982 sin
708 1950 813 1982 minus
832 1949 930 1983 corde
952 1949 1067 1982 devote
1084 1950 1170 1982 invo-

433 2002 590 2042 caverint,
605 2002 783 2045 plenariam
801 2002 944 2035 omnium
962 2007 1169 2045 peccatorum
1190 2027 1192 2029 .

432 2065 565 2088 suorum
579 2054 814 2097 indulgentiam
832 2060 864 2087 et
881 2055 1105 2088 remissionem
1117 2055 1171 2088 mi-

432 2101 644 2141 sericorditer
675 2107 708 2139 in
740 2106 875 2140 Domino
908 2107 1116 2140 concedimus
1141 2113 1171 2141 et

435 2160 622 2203 elargimur.

479 2214 494 2256 ᾗ
517 2212 549 2245 4.
575 2212 645 2245 Non
669 2212 870 2245 obstantibus
887 2214 1172 2248 constitutionibus

437 2272 468 2300 et
491 2266 747 2300 ordinationibus
769 2267 968 2310 apostolicis,
990 2268 1170 2311 ceterisque

435 2319 608 2353 contrariis
630 2319 895 2363 quibuscumque.

480 2372 593 2405 Datum
618 2372 748 2411 Romae,
768 2372 852 2415 apud
881 2372 911 2406 S.
932 2373 1063 2406 Mariam
1074 2374 1172 2407 Maio-

436 2436 514 2463 rem,
534 2426 592 2457 sui)
610 2426 730 2458 annulo
749 2424 934 2465 piscatoris,
961 2426 1012 2459 die
1035 2437 1065 2461 x1
1091 2427 1170 2460 iunii

435 2489 569 2517 unrrxx,
595 2478 803 2522 pontificatus
822 2479 925 2511 nostri
947 2490 1032 2513 anno
1059 2491 1080 2514 1.

471 2540 519 2566 bat
547 2540 591 2568 die
609 2542 635 2567 ll
656 2539 723 2567 iunii
740 2539 823 2575 ¹670,
842 2541 941 2576 pontif.
962 2549 1006 2569 an.
1028 2548 1048 2569 1.

269 2220 378 2240 Contraria
393 2226 425 2241 re·

242 2254 285 2268 mot
292 2250 319 2267 et.

707 2632 903 2641 —-

1006 269 1185 294 Butuntum
1210 268 1361 294 nomam!

475 1531 490 1574 g*
514 1530 546 1564 3.
573 1530 706 1563 Necnon
730 1530 867 1573 insuper
886 1529 1036 1563 omnibus
1059 1534 1090 1562 et
1107 1529 1169 1561 sin-

1190 1572 1192 1588 ⁹
1212 1592 1283 1614 rum
1299 1587 1330 1614 et
1348 1590 1560 1624 personarum
1577 1580 1729 1622 qualitate
1744 1585 1869 1612 mature
1885 1589 1955 1623 per-

1728 296 1744 311 0

1557 316 1604 350 v1.

1212 387 1422 429 Confirmatio
1447 388 1566 430 prioris
1591 387 1764 429 (serteralis,
1791 391 1820 419 ee
1845 385 1951 418 decre-

1255 445 1321 474 tum
1348 441 1386 473 de
1410 441 1632 473 assistentibus
1657 440 1792 474 Ordinis
1817 439 1855 472 B.
1881 438 1951 471 Μα-

1256 494 1325 526 riae
1348 493 1386 526 de
1415 494 1522 526 Monte
1551 493 1697 527 Cccrmelo
1721 492 1858 524 πιαηάαι
1882 501 1952 523 sus-

1253 545 1354 588 pendi
1377 555 1479 588 usque
1503 545 1545 577 ad
1569 544 1665 578 aliud
1689 545 1840 587 futurum
1860 542 1951 586 capi-

1257 598 1364 630 tulum
1387 596 1569 640 ueneram&

1439 676 1572 704 clemens
1593 677 1672 710 rapa
1692 677 1726 706 X.

1350 723 1386 749 ad
1406 722 1538 749 futuram
1558 722 1601 748 rei
1622 721 1804 748 memoriam.

1256 793 1288 825 ln
1314 802 1467 835 supremo
1487 790 1656 824 militantis
1673 790 1836 824 Ecclesiae
1851 791 1947 831 solio,

1211 845 1337 878 meritis
1363 845 1436 878 licet
1461 843 1652 887 imparibus,
1677 854 1736 887 per
1753 842 1949 876 ineffabilem

1212 898 1339 931 divinae
1350 897 1528 940 sapientiae
1539 902 1635 940 atque
1647 895 1839 930 clementiae
1856 896 1953 929 abun-

1212 950 1354 984 dantiam
1380 950 1556 990 constituti,
1582 949 1621 982 ad
1646 960 1694 989 ea,
1717 959 1799 991 quae
1824 948 1953 991 religio-

1212 1014 1323 1036 sorum
1348 1003 1489 1035 virorum
1512 1002 1658 1035 coetibus
1683 1001 1717 1033 in
1737 1001 1879 1034 Ecclesia
1897 1000 1951 1034 Dei

1213 1118 1327 1142 norum
1348 1118 1485 1151 operum
1502 1108 1633 1147 fructus,
1652 1107 1720 1147 1110,
1739 1118 1756 1139 a
1778 1117 1842 1149 quo
1867 1106 1955 1139 bona

1213 1168 1327 1195 cuncta
1351 1162 1541 1205 procedunt,
1568 1161 1710 1194 donante
1735 1166 1830 1203 atque
1856 1160 1951 1192 adiu-

1211 1324 1299 1352 recte
1322 1318 1560 1361 salubriterque
1586 1317 1618 1349 in
1643 1317 1694 1350 via
1727 1317 1953 1349 mandatorum

1210 1371 1337 1405 Domini
1352 1370 1546 1413 dirigantur,
1565 1369 1782 1402 conducibilia
1799 1369 1867 1402 fore
1885 1379 1954 1412 spe-

1211 1435 1330 1464 ramus,
1349 1424 1487 1456 libenter
1505 1422 1715 1462 intendimus,
1732 1427 1764 1455 et
1780 1422 1953 1465 pastoralis

1210 1476 1305 1510 officii
1317 1476 1418 1509 nostri
1434 1481 1542 1519 partes
1553 1477 1716 1518 propensa
1728 1475 1887 1507 charitate
1901 1474 1952 1507 de·

1211 1539 1307 1572 super
1324 1528 1570 1571 interponimus,
1590 1528 1682 1567 sicut,
1699 1537 1817 1567 rerum,
1832 1532 1956 1570 tempo·

1212 1635 1331 1677 pensa,
1347 1632 1522 1666 salubriter
1542 1632 1573 1664 in
1592 1632 1728 1665 Domino
1742 1631 1951 1664 arbitramur.

1254 1690 1269 1730 g
1284 1687 1315 1719 l.
1332 1686 1410 1719 Cum
1425 1687 1532 1729 itaque
1547 1685 1642 1728 (sicut
1656 1685 1854 1728 accepimus)
1868 1683 1954 1718 Ordo

1211 1741 1346 1773 fratrum
1376 1740 1411 1772 B.
1439 1739 1555 1772 Mariae
1591 1738 1629 1771 de
1662 1738 1767 1771 Monte
1802 1738 1952 1771 Carmelo

1211 1803 1287 1826 aere
1313 1793 1419 1825 alieno
1440 1791 1552 1834 viginti
1572 1792 1708 1824 duorum
1726 1790 1864 1824 millium
1882 1801 1954 1823 scu-

1211 1851 1318 1880 torum
1342 1850 1492 1878 monetae
1509 1872 1516 1885 ‚
1543 1856 1578 1878 ex
1611 1847 1707 1877 causa
1738 1855 1953 1888 expensarum

1211 1899 1381 1933 occasione
1406 1897 1660 1931 canonizationis
1674 1897 1704 1931 S.
1723 1897 1840 1930 Mariae
1871 1897 1956 1940 Mag-

1212 1952 1347 1985 dalenae
1365 1951 1404 1984 de
1422 1950 1529 1983 Pazzis
1557 1950 1714 1983 factarum
1734 1950 1773 1983 ad
1793 1949 1954 1983 interesse

1211 2016 1266 2038 seu
1291 2003 1525 2037 interusurinm
1551 2008 1717 2046 captorum
1737 2007 1886 2036 oneratus
1904 2013 1955 2035 re-

1212 2058 1379 2102 periatur;
1414 2057 1441 2090 si
1477 2067 1552 2090 vero
1588 2057 1725 2090 dilectus
1746 2057 1840 2090 'filius
1876 2056 1954 2089 Mat-

1213 2111 1328 2144 thaeus
1353 2109 1486 2143 Orlaudi
1512 2109 1603 2153 prior
1619 2109 1779 2152 generalis
1801 2108 1879 2142 dicti
1895 2109 1953 2142 Or·

1213 2163 1310 2204 dinis,
1337 2163 1391 2206 qui
1421 2163 1528 2195 eidem
1563 2162 1678 2195 Ordini
1711 2164 1836 2195 summa
1866 2161 1951 2204 fide,

1213 2215 1384 2260 prudentia
1408 2220 1439 2247 et
1463 2215 1647 2257 integritate
1673 2215 1831 2248 hactenus
1861 2226 1956 2260 prae-

1214 2270 1281 2309 fuit,
1307 2269 1339 2301 in
1365 2279 1424 2301 sno
1450 2268 1655 2310 generalatus
1681 2268 1786 2301 officio
1811 2269 1849 2302 ad
1868 2269 1955 2302 aliud

1213 2321 1404 2355 sexennium
1429 2320 1693 2361 confirmaretur,
1727 2327 1759 2354 et
1790 2332 1954 2365 expensae

1214 2375 1346 2420 capituli
1378 2374 1539 2418 generalis
1576 2374 1651 2407 dicti
1687 2374 1836 2415 Ordinis,
1868 2376 1956 2419 quod

1214 2440 1273 2474 pro
1291 2428 1365 2462 novi
1390 2428 1508 2472 prioris
1526 2429 1686 2471 generalis
1705 2429 1863 2462 electione
1880 2436 1956 2474 post

1214 2485 1340 2526 lapsum
1359 2483 1398 2515 de
1417 2482 1582 2525 praesenti
1597 2492 1731 2515 currens
1748 2484 1953 2525 generalatus

1215 2535 1291 2569 dicti
1315 2535 1466 2568 Matthaei
1491 2535 1683 2568 sexennium
1708 2535 1865 2569 celebrari
1898 2536 1954 2569 de-

1214 2589 1315 2628 beret,
1341 2598 1458 2631 nempe
1478 2598 1537 2631 pro
1560 2598 1689 2622 accessu
1710 2593 1741 2622 et
1757 2599 1897 2630 recessu,
1917 2599 1954 2623 ac

1248 2650 1261 2677 1
1284 2649 1357 2677 Nunc
1377 2650 1496 2685 primum
1516 2649 1656 2686 impressa.

1948 266 2002 294 An.
2019 266 2048 294 C.
2073 266 2140 294 16ῗο

1988 800 2108 819 mnu-attum-

1992 1694 2060 1724 Cauta
2085 1695 2148 1715 huius

1964 1722 2128 1742 conutitutienis.
