2279 3260
933 258 1027 281 INDEX
1055 257 1088 281 1ss
1097 256 1253 281 Bntcittitat

325 310 413 343 XXV.
449 308 655 343 Confirmatio
693 309 924 341 nonnullorum
958 309 1069 342 decre-

413 369 518 396 torum
545 361 675 405 capituli
707 362 865 403 generalis
889 363 1069 403 congrega-

413 415 509 449 tionis
533 415 726 448 Cassinensis
749 415 876 448 Ordinis
894 415 994 447 sancti
1015 415 1069 448 [ie-

411 467 530 501 nedicti
556 468 596 500 de
622 467 864 501 conditionibus
890 467 975 500 circa
1004 468 1068 500 cle-

411 520 550 553 ctionem
577 526 607 553 et
639 520 950 553 administi·ationcm
991 519 1064 553 ossi-

413 573 451 606 cii
473 573 693 617 procuratoris
722 573 882 615 generalis
899 573 1068 606 observan-
1119 587 1131 596 ι

413 626 472 665 dis,
497 627 550 659 84.

325 679 429 711 XXVI.
457 679 637 722 Privilegia,
666 679 801 718 indulta,
825 679 946 721 gratiae
971 684 1000 712 ct
1021 688 1068 710 ex-

413 732 593 776 emptiones
610 732 774 765 nonnullis
791 731 973 766 Sanctitatis
986 731 1067 765 Suae

414 785 625 818 familiaribus
650 795 832 823 concessae,
860 784 912 817 87.

324 837 442 870 XXXII.
471 838 642 871 Concessio
662 843 698 870 ut
722 837 753 869 in
779 843 846 870 toto
867 837 946 869 orbe
972 843 1068 868 terra-

412 901 482 922 rum
502 890 658 923 celebrari
680 889 779 933 possit
797 890 892 922 missa
913 890 944 922 B.
967 889 1068 921 nosae

414 953 450 975 cx
476 949 549 976 voto
575 944 621 975 vel
648 943 828 979 devotione,
856 941 908 974 97.

326 997 455 1029 XXXIII.
484 997 694 1029 Confirmatio
715 996 930 1039 quorumdam
957 995 1068 1027 decre-

416 1056 519 1083 torum
535 1050 662 1083 Ordinis
680 1050 812 1081 fratrum
828 1049 985 1081 Minorum
1001 1058 1069 1080 san-

414 1103 454 1135 cti
480 1102 637 1135 Francisci
660 1101 923 1135 Conventualium
945 1101 975 1132 in
996 1110 1069 1133 con-

414 1155 599 1198 gregatione
643 1155 786 1197 generali
827 1154 902 1188 dicti
940 1153 1068 1187 Ordinis

414 1219 499 1241 anno
523 1219 689 1242 ninchvin
715 1208 898 1248 editorum,
922 1218 995 1240 cum
1021 1207 1069 1239 in-

415 1262 555 1294 sertione
569 1262 759 1294 eorumdem
778 1261 994 1299 decretorum,
1012 1259 1064 1293 98.

327 1313 438 1347 XXIX.
471 1315 643 1357 Ampliatio
673 1315 871 1347 indultorum
899 1314 1068 1347 abbrevia-

416 1367 540 1400 toribus
590 1367 768 1400 litteratum
815 1367 1067 1410 apostolicarum

415 1420 592 1453 maioribus
626 1420 863 1463 praesidentiae
898 1430 915 1452 a
940 1426 1069 1452 sauctae

416 1473 592 1506 memoriae
629 1473 759 1506 [Trbano
795 1473 858 1506 vlll
894 1483 1066 1506 concesso-

416 1536 500 1563 rum,
525 1526 600 1558 «tol.

328 1579 419 1612 XXX.
447 1579 655 1612 Confirmatio
675 1586 704 1612 et
722 1580 864 1612 extensio
892 1579 1071 1612 litterarum

415 1632 561 1673 Gregorii
588 1633 657 1665 Xlll
676 1638 707 1665 ct
724 1633 843 1665 Urbani
861 1633 925 1666 Vnt
947 1633 985 1666 de
1005 1643 1073 1665 mo-

417 1685 528 1718 nacbis
553 1685 679 1718 Ordinis
703 1686 804 1718 sancti
830 1686 1005 1725 Benedicti,
1033 1687 1072 1719 ad

416 1740 540 1772 favores
566 1739 749 1782 principum
781 1745 812 1771 et
837 1739 986 1779 aliorum,
1015 1750 1073 1782 pro

417 1791 626 1834 assequendis
644 1792 847 1834 praelaturis,
866 1792 1074 1833 dignitatibus

417 1850 449 1877 et
473 1844 542 1877 aliis
568 1844 694 1885 officiis,
722 1845 974 1885 recurrentibus,
995 1845 1070 1878 104.

328 1896 438 1930 XXXI.
467 1897 636 1930 Decretum
659 1908 717 1941 pro
734 1898 991 1940 Congregatione
1009 1909 1075 1932 ere-

418 1949 570 1982 mitarum
589 1950 884 1984 Canutldulensium
909 1951 1075 1985 Montisco-

416 2013 538 2043 ronae,
568 2004 735 2046 quomodo
769 2005 892 2047 possint
921 2005 1030 2047 egredi
1057 2016 1074 2038 a

416 2057 481 2090 suis
508 2058 725 2097 monasteriis,
755 2057 829 2091 107.

327 2110 454 2144 XXXII.
483 2111 609 2145 Erectio
646 2112 809 2145 custodiae
845 2113 875 2145 S.
914 2113 998 2146 Petri
1035 2114 1075 2146 de

416 2165 588 2197 Alcantara
612 2165 771 2198 MInorum
802 2165 1073 2199 Discalceatorum

417 2217 518 2250 sancti
555 2218 715 2251 Francisci
749 2218 780 2251 in
818 2229 918 2261 regno
943 2219 1071 2262 Neapo-

420 2269 468 2309 lis,
495 2270 572 2304 409.

329 2323 461 2356 XXXIII.
489 2323 691 2366 Indulgentia
727 2325 779 2358 die
810 2335 832 2358 11
864 2325 989 2367 augusti
1014 2336 1074 2369 pro

420 2376 561 2409 eeclesiis
586 2376 713 2411 Ordinis
729 2378 829 2411 sancti
846 2378 1007 2411 Francisci
1025 2379 1076 2411 Mi-

419 2438 536 2461 norum
562 2429 827 2464 Conventualium
847 2431 967 2475 ubique
988 2431 1076 2464 loco—

420 2492 491 2514 rum
518 2483 632 2516 ereetis
655 2484 704 2516 vel
729 2484 901 2527 erigendis,
929 2484 1003 2518 4¹19.

329 2534 465 2568 XXXIV.
493 2535 652 2568 Statutum
686 2537 718 2569 in
743 2548 808 2580 quo
833 2538 1017 2571 declaratur
1041 2548 1075 2571 0-

419 2597 509 2621 mnes
529 2589 724 2631 generaliter
737 2590 851 2623 Montis
865 2590 995 2624 Pietatis
1018 2591 1074 2624 de-

420 2641 541 2675 bitores
566 2642 598 2674 in
619 2642 721 2676 forma
739 2643 891 2677 Gamerae
910 2654 978 2678 esse
998 2644 1076 2678 obli-

1756 248 1819 280 7:335

1211 315 1317 349 gatos,
1344 315 1371 341 ct
1398 315 1563 352 tamquam
1591 311 1667 342 tales
1694 310 1731 341 ad
1758 310 1861 342 cidem

1210 361 1305 394 Monti
1330 362 1590 395 satisfaciendum
1618 363 1730 401 teneri,
1759 362 1832 394 112).

1122 415 1240 448 XXXV.
1258 415 1444 448 Declaratur
1460 421 1614 448 statutum
1629 416 1799 449 Alexandri
1815 416 1863 448 Vll

1210 475 1240 501 ct
1265 468 1437 501 Clementis
1469 469 1509 502 IX
1542 468 1626 501 cirea
1662 468 1864 502 reformatio-

1211 532 1282 554 nem
1309 521 1437 555 Ordinis
1461 522 1680 555 Cistercicnsis
1705 532 1770 555 non
1801 522 1865 554 alli-

1211 585 1284 607 cere
1309 585 1367 607 nec
1395 574 1539 617 obligare
1570 575 1763 608 monasteria
1789 575 1863 607 dicti

1209 627 1336 660 Ordinis
1361 628 1393 660 in
1418 628 1535 671 quibus
1571 627 1719 660 monachi
1752 638 1867 671 perpe-

1211 687 1297 713 tuam
1324 681 1528 713 stabilitatem
1555 680 1759 724 promittunt,
1787 680 1862 712 414.

1121 732 1251 766 XXXVI.
1279 734 1447 767 Concessio
1465 733 1708 776 privilegiorum
1728 743 1787 777 pro
1801 734 1866 766 suis

1210 787 1407 830 cappellanis
1432 787 1672 825 communibus,
1699 786 1773 818 415.

1122 840 1266 873 xxxvii.
1303 840 1495 873 tlonstitutio
1529 841 1727 873 revocatoria
1761 851 1867 873 exem-

1210 892 1356 935 ptionum
1383 903 1401 924 a
1420 893 1629 935 vectigalibus
1654 893 1789 935 aliisque
1814 904 1868 935 pu-

1210 945 1302 978 blicis
1328 946 1492 982 oneribus,
1522 946 1595 978 7⁴23.

1122 998 1279 1031 xxxx'ttl.
1309 999 1544 1040 Indulgentiam
1581 999 1757 1041 plenariam
1793 1010 1868 1031 con-

1211 1061 1332 1083 cessam
1359 1061 1377 1083 a
1401 1051 1564 1083 Clemente
1590 1052 1626 1084 IX
1660 1052 1886 1095 minuiscunt--

1212 1114 1274 1146 que
1299 1104 1467 1146 personis,
1499 1104 1553 1146 qui
1587 1105 1779 1137 visitaverint
1813 1105 1870 1136 ali-

1212 1166 1309 1199 quam
1332 1168 1367 1189 ex
1386 1157 1529 1189 ecclesiis
1548 1158 1682 1189 l'ratrum
1709 1158 1867 1191 Minoruni

1212 1210 1251 1242 de
1277 1210 1504 1249 Obseiw‘antia,
1534 1221 1569 1242 ac
1607 1211 1866 1244 [Reformatorum

1210 1263 1482 1296 Discalceatorum
1521 1270 1550 1295 et
1586 1264 1865 1303 Recollcctorum,

1211 1327 1337 1350 necnon
1362 1317 1627 1350 Conventualium
1649 1324 1678 1349 et
1700 1319 1871 1361 tlappucci-

1211 1380 1327 1403 norum
1342 1376 1615 1414 nuncupatorum,
1629 1381 1665 1403 ac
1681 1372 1868 1403 monialimn

1212 1423 1339 1456 Ordinis
1353 1424 1454 1457 sancti
1470 1424 1629 1456 Francisci
1642 1424 1692 1457 die
1708 1425 1787 1457 sesto
1802 1435 1871 1457 san-

1213 1477 1254 1510 cti
1280 1477 1363 1509 Petri
1390 1477 1429 1509 de
1455 1477 1629 1510 Alcantara
1645 1504 1652 1516 ,
1676 1488 1792 1520 nempe
1817 1478 1869 1510 die

1212 1539 1267 1563 xlx
1294 1530 1449 1569 octobris,
1470 1530 1611 1562 extendit
1632 1530 1672 1562 ad
1692 1540 1804 1563 omnes
1826 1541 1872 1563 ec-

1213 1583 1325 1615 clesias
1350 1583 1446 1616 Tertii
1472 1582 1623 1623 Ordinis,
1651 1590 1714 1615 tam
1746 1589 1871 1616 erectas

1213 1646 1310 1678 quam
1338 1636 1519 1678 erigendas,
1546 1636 1621 1668 «128.

1126 1689 1263 1722 XXXIX.
1304 1689 1471 1722 Innovatio
1504 1689 1757 1723 declarationum
1791 1701 1872 1723 non-

1214 1743 1378 1775 nullorum
1410 1742 1602 1775 Pontilicum
1629 1743 1668 1775 de
1693 1743 1871 1776 curialibus

1214 1795 1440 1828 meretricibus
1465 1801 1497 1828 ct
1523 1796 1720 1835 cortesanis,
1750 1796 1782 1828 in
1808 1807 1871 1839 qua

1216 1859 1329 1881 census
1343 1848 1466 1881 vitalitii
1481 1855 1508 1881 et
1530 1854 1712 1881 contractus
1730 1859 1802 1881 cum
1821 1859 1871 1881 ca-

1215 1911 1286 1933 rum
1318 1901 1380 1933 vita
1417 1901 1552 1944 perituri
1579 1901 1612 1933 in
1637 1901 1870 1944 praeiudicium

1214 1955 1400 1988 monasterii
1417 1955 1607 1987 monialium
1626 1955 1657 1988 S.
1679 1955 1794 1988 Mariae
1815 1956 1873 1988 Ma-

1215 2008 1372 2050 gdalenae
1408 2009 1448 2040 de
1484 2008 1684 2041 Poenitentia
1721 2009 1752 2040 in
1789 2009 1872 2041 Vrbe

1215 2061 1292 2104 ipsis
1317 2061 1543 2105 probibentur,
1571 2060 1647 2094 129.

1215 2114 1314 2147 Breve
1338 2114 1370 2146 in
1397 2124 1461 2157 quo
1487 2114 1692 2158 dispensatur
1716 2125 1787 2147 cuni
1815 2116 1873 2147 cle-

1217 2167 1291 2200 ricis
1316 2172 1347 2200 et
1371 2167 1459 2200 laicis
1487 2167 1752 2209 Congregationis
1776 2168 1874 2200 Cleri-

1216 2230 1328 2252 corum
1355 2220 1537 2262 Pauperum
1564 2219 1671 2252 Matris
1696 2220 1763 2259 Dei,
1795 2226 1870 2259 etc,

1216 2273 1271 2316 qui
1287 2273 1318 2305 in
1337 2273 1420 2306 dicta
1438 2272 1694 2315 Congregatione
1708 2278 1872 2316 tamquam

1216 2327 1249 2359 in
1273 2332 1358 2359 statu
1382 2326 1522 2368 regulari
1548 2332 1579 2359 et
1603 2326 1662 2359 sub
1689 2326 1782 2359 titulo
1800 2327 1873 2359 reli-

1216 2379 1321 2421 gionis
1346 2379 1535 2412 solemniter
1560 2379 1708 2423 profiteri
1733 2390 1798 2413 non
1832 2380 1875 2412 in-

1219 2433 1366 2471 tendunt,
1394 2431 1470 2465 ¹132.

1222 2485 1432 2519 Confirmatio
1451 2491 1482 2518 et
1499 2485 1640 2518 extensio
1658 2485 1870 2525 indultorum,

1217 2539 1397 2581 gratiarum
1423 2544 1454 2571 et
1474 2538 1716 2582 privilegiorum
1737 2538 1876 2580 Congre-

1218 2591 1340 2634 gationi
1366 2592 1500 2624 fratrum
1525 2591 1797 2624 Disealeeatorum
1823 2591 1876 2624 Or-

1219 2644 1303 2678 dinis
1343 2645 1456 2678 Beatae
1498 2643 1614 2677 Mariae
1653 2643 1693 2677 de
1728 2643 1875 2677 Mercede

1127 2114 1186 2147 XL.

1128 2485 1204 2519 XLI.
