2279 3260
113 253 161 281 An.
179 251 208 280 C.
230 252 299 281 1676

147 1105 157 1132 Ξ
169 1105 186 1126 Ι.
200 1104 230 1126 De
241 1105 303 1126 silen-

119 1131 158 1152 tlo.

149 2267 160 2296 5
174 2269 193 2290 2.
208 2268 238 2290 Do
249 2268 306 2290 clau-

122 2297 179 2317 nura.

930 252 1072 278 CLEMENS
1094 253 1113 277 X
1136 254 1185 277 ΡΡ.

307 313 407 346 super
430 303 542 336 fratres
566 302 651 343 laici,
676 302 728 345 qui
755 302 885 335 eosdem
910 302 1043 344 triginta

308 362 340 389 et
363 361 433 389 octo
458 367 559 389 annos
578 356 706 388 habitus
731 355 972 398 compleverint,
994 365 1043 387 co-

308 413 424 451 gantur
447 411 573 452 pulsare
599 409 704 442 media
729 414 821 442 nocte
854 409 892 441 ad
918 406 1044 440 matuti-

308 473 392 502 num,
411 472 514 505 neque
532 462 564 494 in
590 463 762 505 coquinam
782 462 996 494 destinentur.

352 524 401 547 111.
438 514 627 547 Praedictae
664 514 791 546 tabulae
826 513 930 546 officia
967 513 1044 544 cura

308 568 425 608 magna
449 565 564 599 fratres
588 566 797 610 adimpleant.
824 565 913 604 Quod
931 565 955 597 si
973 564 1043 607 quis

309 619 436 662 urgenti
455 623 551 653 causa
572 620 751 663 adimplere
770 619 963 662 quandoque
979 628 1044 650 non

309 672 455 712 valuerit,
482 673 682 716 superiorem
710 678 856 715 [empore
882 676 957 714 apto
983 681 1046 702 mo-

311 731 385 757 neat
409 730 442 757 ut
467 726 565 759 alium
590 726 773 765 substituat,
800 725 858 757 sub
879 726 985 767 poena
1002 723 1046 756 di-

311 777 467 821 sciplinae
488 788 553 811 non
571 778 725 811 monenti.

385 857 514 887 REGULAE
536 866 628 887 CAPUT
652 857 731 887 XXV.
748 874 786 880 —
802 856 976 885 Silentium

313 905 489 935 observent
510 916 642 946 semper
668 906 701 935 in
723 905 863 935 ecelesia
884 907 962 939 sue,
985 907 1046 933 etc.

313 971 402 1011 Caput
418 980 483 1001 xxv.
499 990 529 993 ᾖ
544 972 581 1001 Π»
603 972 713 1000 silentio
733 975 758 1000 et
773 971 912 1003 clausura,
933 973 958 999 et
973 970 1049 998 modo

431 1021 562 1050 servando
584 1021 614 1049 in
644 1021 720 1049 emita
747 1029 765 1049 α
786 1023 929 1048 conrenlu.

357 1107 378 1130 1.
406 1096 537 1128 Praeter
562 1096 633 1128 loca
661 1096 692 1127 in
719 1094 836 1138 quibus
861 1094 972 1136 regula
993 1104 1050 1126 no-

314 1154 378 1181 stra
402 1148 562 1192 praecipit
590 1158 720 1191 semper
756 1147 919 1180 observari
952 1147 1051 1179 silen-

315 1202 405 1241 tium,
423 1201 520 1234 etiam
534 1200 768 1234 inviolabiliter
791 1205 938 1234 servetur
955 1200 987 1232 in
1004 1211 1052 1232 sa-

316 1254 424 1288 cristia
442 1260 474 1287 et
499 1255 650 1294 claustro,
665 1254 798 1297 insuper
821 1253 852 1285 in
867 1253 955 1286 omni
979 1253 1050 1285 loco

316 1314 460 1340 servetur
492 1307 575 1340 sacto
605 1307 697 1349 signo
722 1313 794 1350 post
824 1306 993 1350 prandmm
1017 1311 1051 1338 ut

315 1360 458 1403 religiosi
473 1360 512 1392 ad
526 1360 624 1392 cellas
650 1370 682 1392 se
709 1360 875 1392 conserant
897 1370 997 1402 usque
1012 1359 1050 1391 ad

316 1423 468 1456 vesperas
486 1413 549 1456 (vel
573 1413 661 1446 aliud
686 1412 790 1445 simile
812 1413 963 1455 signum),
983 1423 1052 1445 nee-

315 1477 382 1499 non
408 1467 446 1499 ab
480 1466 626 1499 examine
651 1466 868 1499 conscientiae
894 1470 1051 1498 nocturno

315 1530 418 1563 usque
443 1520 480 1553 ad
507 1519 645 1563 primam
671 1518 734 1551 diei
767 1519 951 1561 sequentis,
978 1518 1053 1551 lice-

316 1573 363 1605 bit
388 1578 494 1605 tamen
519 1572 564 1604 eis
589 1582 660 1604 cum
678 1572 842 1614 superiore
863 1571 912 1603 liis
934 1576 1054 1614 tempo-

316 1626 404 1658 ribus
430 1626 519 1668 loqui
545 1635 641 1668 super
665 1624 772 1667 aliquo
805 1625 889 1667 quod
925 1624 1052 1657 dill'erre

316 1689 382 1711 non
403 1679 541 1722 possint.

361 1742 397 1765 11.
432 1731 589 1774 Religiosi
621 1741 681 1764 nec
713 1731 797 1764 inter
826 1742 859 1764 se
891 1741 951 1765 nec
981 1742 1053 1765 cnm

315 1784 537 1817 saecularibus
571 1795 713 1828 unquam
756 1785 964 1817 deambulent
1002 1786 1052 1818 vel

316 1838 566 1871 confabulentur
590 1838 623 1870 in
649 1838 806 1871 claustro:
840 1839 866 1870 si
892 1838 944 1871 cui
969 1849 1051 1882 opus

316 1890 414 1923 suerit
438 1892 571 1924 alterum
597 1891 729 1934 alloqui,
758 1891 788 1924 id
810 1891 904 1924 saciat
930 1891 963 1924 in
981 1893 1052 1924 aula

315 1943 381 1976 sive
407 1945 477 1977 loco
502 1945 542 1977 ad
563 1944 595 1977 id
614 1944 773 1977 destinato
794 1956 811 1977 a
827 1945 1002 1988 superiore,
1021 1950 1054 1978 et

315 2007 387 2029 cum
413 1996 500 2030 illius
524 1997 665 2030 licentia.

360 2059 408 2082 111.
436 2049 553 2082 Omnes
579 2050 724 2092 religiosi
749 2056 859 2083 mutuo
878 2061 910 2083 se
928 2051 1052 2084 honore

315 2101 465 2143 afficiant,
491 2113 557 2135 non
582 2108 690 2136 tamen
725 2104 758 2136 id
783 2104 836 2136 siat
866 2105 1052 2137 urbanitati-

315 2155 376 2187 bus
412 2154 525 2188 alienis
556 2156 594 2188 ab
629 2156 810 2189 humilitate
843 2157 1053 2190 Discalceato-

317 2218 401 2240 rum.

362 2271 383 2293 1.
411 2260 533 2304 Singuli
550 2261 694 2304 religiosi
715 2262 747 2294 in
765 2261 902 2305 singulis
919 2263 1053 2296 seorsim

318 2313 466 2347 habitent
499 2315 603 2355 cellis,
637 2326 653 2348 a
686 2316 802 2358 quibus
838 2327 903 2348 non
939 2322 1054 2350 exeant

318 2367 386 2400 sine
410 2367 539 2410 urgenti
564 2367 763 2407 necessitate,
783 2370 831 2401 vel
848 2369 886 2401 ad
905 2369 1052 2410 chorum,

317 2419 415 2463 idque
458 2419 649 2463 praesertim
683 2421 871 2454 observetur
907 2427 1053 2466 ternpore

318 2472 452 2506 silentii.

362 2536 398 2559 11.
424 2525 536 2559 Nullus
559 2526 693 2560 alterius
718 2528 832 2561 cellam
859 2528 977 2572 (etiam
1003 2540 1055 2561 su-

318 2579 469 2623 perioris,
496 2578 627 2613 absente
651 2579 737 2624 ipso)
770 2581 985 2625 ingrediatur,
996 2582 1055 2615 sub

317 2635 425 2680 poena
448 2634 562 2668 saltem
587 2635 778 2668 comedendi
804 2646 902 2680 super
923 2642 1053 2670 terram.

1714 241 1778 275 605

1084 300 1172 339 Quod
1197 301 1221 334 si
1247 300 1402 344 privative
1435 301 1548 333 cellam
1584 301 1622 332 ‹le
1649 305 1740 332 nocic-
1776 299 1822 330 in-

1085 354 1225 394 traverit,
1250 353 1389 397 privatus
1414 352 1454 385 sit
1485 362 1563 385 vore
1600 358 1630 384 ct
1656 353 1727 385 loco
1765 362 1821 394 per

1085 418 1240 439 mensem.
1267 406 1298 439 Si
1324 411 1430 439 autem
1465 405 1497 437 in
1527 405 1635 448 aliquo
1662 410 1821 437 conventu

1086 460 1231 491 desectus
1247 470 1323 502 erga
1344 459 1405 491 lioc
1429 457 1640 502 reperiantur,
1663 456 1820 499 superior,

1086 513 1124 545 ad
1145 512 1234 545 Illum
1253 512 1428 551 vitandum,
1450 515 1658 555 praeceptum
1677 510 1821 553 imponat

1087 569 1118 597 et
1142 565 1297 598 maiorem
1317 575 1469 608 poenam.

1132 628 1179 651 111.
1206 618 1317 650 Nullus
1343 618 1382 650 ab
1407 617 1539 650 alterius
1573 617 1653 649 cella
1677 615 1824 647 extrahat

1088 671 1215 703 codices
1233 670 1340 710 libros,
1360 671 1407 703 vel
1425 680 1493 702 rem
1510 669 1616 709 aliam,
1638 668 1706 700 sine
1726 668 1825 700 licen-

1089 724 1131 756 tia
1156 723 1344 767 superioris,
1370 723 1423 766 qui
1456 722 1751 755 contravenientem
1779 731 1826 752 se-

1089 786 1163 808 vere
1181 776 1306 819 puniat.

1134 839 1175 861 lv.
1203 829 1388 862 Laudabilis
1413 829 1515 861 nostri
1541 829 1668 861 Ordinis
1693 837 1827 860 eonsue-

1091 882 1168 914 tudo
1194 883 1401 922 observetur3
1429 892 1547 924 nempe
1574 882 1605 913 in
1632 886 1735 921 nocte,
1754 885 1827 924 post

1091 934 1217 967 litanias
1242 936 1437 975 lauretanas,
1453 935 1622 978 pulsentur
1640 935 1776 967 tabellae
1795 934 1826 966 in

1092 987 1290 1020 dormitoriis
1323 992 1354 1019 et
1383 987 1508 1020 dicatur
1540 988 1700 1019 sententia
1736 987 1829 1029 spiri-

1092 1039 1196 1080 tualis,
1215 1040 1305 1072 cuius
1326 1039 1539 1072 meditatione
1558 1039 1700 1082 religiosi
1720 1040 1751 1071 in
1771 1041 1829 1072 cel-

1093 1093 1138 1124 las
1174 1093 1375 1135 lectulosque
1402 1102 1435 1125 se
1461 1093 1651 1132 conferant,
1685 1103 1721 1125 ae
1746 1092 1830 1124 intra

1094 1145 1305 1187 quadrantem
1343 1145 1444 1177 horae
1478 1145 1583 1177 lucem
1624 1145 1827 1187 extinguant.

1093 1196 1149 1235 Qui
1174 1198 1259 1230 intra
1281 1197 1361 1230 illud
1386 1197 1524 1240 spatium
1547 1207 1611 1229 non
1637 1197 1828 1235 extinxerit,

1094 1261 1216 1294 pronus
1250 1251 1425 1284 interram
1457 1250 1507 1283 die
1537 1250 1685 1293 sequenti
1719 1260 1828 1282 come-

1095 1305 1158 1337 dat.

1138 1367 1167 1389 v.
1195 1356 1360 1400 Superior,
1387 1367 1446 1400 per
1472 1367 1515 1395 se,
1550 1357 1600 1389 vel
1625 1366 1719 1388 suum
1752 1356 1834 1388 vica-

1095 1411 1186 1451 rium,
1221 1411 1350 1455 quando
1391 1411 1543 1453 expedire
1577 1410 1704 1449 viderit,
1736 1410 1833 1442 cellas

1096 1469 1255 1496 nocturno
1294 1468 1442 1506 tempore
1488 1462 1615 1502 visitet‘,
1653 1463 1832 1495 clausuram

1095 1527 1170 1550 vero
1207 1517 1344 1559 singulis
1379 1515 1536 1555 noctibus,
1571 1519 1680 1559 portas
1715 1515 1832 1547 iterum

1094 1568 1295 1604 obserando⁴
1323 1569 1474 1611 magistra
1499 1569 1594 1608 clavi,
1622 1579 1717 1611 quam
1749 1579 1833 1601 sem-

1095 1633 1154 1667 per
1178 1623 1261 1666 apud
1286 1632 1320 1654 se
1346 1622 1501 1662 retineat;
1529 1621 1583 1665 qui
1609 1626 1715 1654 autem
1735 1620 1833 1663 neglb

1095 1685 1173 1718 gens
1198 1675 1231 1707 in
1257 1674 1366 1707 dehita
1383 1675 1529 1707 clausura
1549 1674 1705 1706 servanda
1723 1673 1830 1712 suerit,

1096 1738 1272 1772 suspensus
1298 1727 1338 1760 sit
1367 1728 1406 1760 ab
1435 1727 1542 1760 officio
1567 1738 1627 1771 per
1659 1731 1723 1759 tres
1743 1737 1834 1759 men-

1095 1793 1157 1816 ses.

1138 1846 1181 1869 vi.
1208 1834 1342 1873 Quando
1375 1834 1485 1867 solitae
1518 1834 1744 1877 processiones
1775 1843 1833 1876 per

1095 1895 1204 1922 nostra
1228 1888 1310 1920 fiunt
1341 1888 1489 1927 claustra,
1523 1897 1589 1919 non
1625 1887 1833 1930 permittatur

1095 1944 1259 1986 ingressus
1286 1941 1455 1974 mulierum
1493 1941 1525 1972 in
1557 1941 1623 1973 illa.
1651 1939 1707 1978 Qui
1741 1949 1832 1973 secus

1096 1996 1217 2036 fecerit,
1253 1994 1394 2038 graviter
1430 1994 1468 2027 ad
1509 1993 1678 2026 arbitrium
1703 1993 1833 2036 provin-

1096 2049 1184 2083 cialis
1210 2048 1377 2092 puniatur.

1140 2114 1161 2136 1.
1189 2101 1401 2145 Superiores,
1434 2101 1657 2143 redemptores
1691 2101 1834 2143 captivo·
1870 2111 2027 2138 ganeam„-

1097 2168 1177 2197 rum,
1195 2161 1431 2199 procuratores,
1448 2139 1985 2198 eleemosynarnmqliae-{¹3m·{‘11³i¹1i.²¹¹¹¹
2013 2144 2026 2159 ⁸

1097 2216 1212 2251 stores,
1235 2210 1296 2249 vel,
1313 2209 1384 2242 loco
1401 2208 1624 2252 procuratoris
1644 2214 1831 2248 conventus,

1096 2264 1176 2297 alius
1193 2262 1371 2305 religiosus,
1390 2272 1461 2293 cum
1480 2261 1545 2293 suis
1559 2260 1667 2301 sociis,
1682 2266 1835 2304 poterunt

1097 2318 1260 2350 dumtaxat
1283 2316 1323 2348 ad
1349 2314 1503 2357 oppidum
1530 2314 1634 2355 exirc;
1661 2319 1693 2346 ct
1710 2314 1834 2357 praedi-

1098 2374 1222 2402 catores
1259 2367 1409 2401 similiter
1434 2368 1473 2400 ad
1506 2367 1776 2407 concionandum,
1802 2371 1834 2399 et

1074 2422 1317 2464 ¹consessiones
1342 2421 1381 2453 ad
1414 2420 1592 2453 audiendas
1624 2420 1831 2460 confessarii;

1097 2476 1183 2519 qnod
1207 2475 1233 2508 si
1258 2475 1290 2507 in
1316 2473 1423 2517 aliquo
1441 2478 1603 2506 conventu
1630 2473 1750 2506 suerint
1766 2474 1835 2516 plu-

1098 2540 1148 2562 res
1172 2529 1321 2572 hospites
1351 2533 1382 2560 et
1413 2527 1559 2570 negocia,
1593 2532 1745 2570 poterunt
1780 2527 1833 2559 alii

1098 2582 1209 2625 egredi
1229 2592 1301 2614 curn
1317 2581 1445 2614 licentia
1464 2579 1657 2619 definitorii;
1684 2579 1834 2622 superior

1133 2631 1146 2671 1
1169 2643 1238 2672 Edit.
1260 2643 1335 2670 Mart.
1356 2642 1430 2678 legit.
1452 2641 1628 2669 observando
1648 2647 1674 2668 n.
1693 2640 1745 2676 τ.).

1824 249 1871 276 An.
1894 246 1922 275 C.
1945 247 2013 275 1676
