2279 3260
142 243 190 268 Αη.
210 241 238 268 C.
261 241 329 269 1⁶76

331 299 395 323 non
421 290 606 334 aperiantur
634 288 694 321 nisi
720 298 826 321 coram
855 288 943 331 ipso,
969 294 999 320 et
1025 287 1065 318 ibi

329 342 459 386 publice
484 343 644 385 legantur,
671 340 732 374 nisi
751 341 844 374 aliter
864 341 967 373 eidem
989 340 1067 373 deti-

330 394 473 428 tinitorio
499 394 601 427 visum
626 394 733 426 suerit.

373 457 416 481 xl.
442 446 668 480 Detinitorium
705 446 822 490 poterit
855 447 983 480 mittere
1009 446 1088 479 ali-¹

331 511 426 544 quem
452 500 489 533 ad
516 500 620 533 curias
645 510 811 533 romanam
835 505 867 533 et
885 500 1015 542 regiam,
1035 505 1066 532 et

331 552 413 597 quo¹
432 553 478 586 illi
497 553 673 596 expediens
698 553 799 586 visum
826 553 920 586 suerit
938 564 996 596 pro
1015 553 1066 585 ali-

331 617 395 650 quo
420 606 507 649 gravi
533 606 665 648 negotio
691 607 729 639 ad
755 607 877 639 bonum
895 615 1065 638 commune

329 659 497 702 religionis
523 659 716 703 pertinente,
736 660 810 692 dum
830 665 936 692 tamen
954 659 985 690 in
1003 659 1066 690 hoc

331 712 526 745 conveniant
545 723 656 746 omnes
681 713 734 755 qui
761 711 927 745 suerintin
954 710 1066 744 defini-

331 765 425 805 torio,
451 775 516 798 uno
543 765 687 808 dempto.

374 828 430 851 xn.
458 818 580 851 Poterit
606 817 701 851 etiam
727 817 867 861 aliquem
893 828 930 850 ex
956 816 1067 850 desini-

333 871 456 904 toribus
483 871 515 904 in
541 871 688 914 quolibet
705 870 790 913 gravi
808 870 939 913 negotio
957 880 1067 902 occur-

332 929 423 957 rente
449 934 607 967 occupare
642 929 673 956 et
704 923 830 956 mittere
864 934 1067 966 quocumque

333 977 381 1011 illi
408 977 608 1010 conveniens
626 976 730 1009 visum
744 976 850 1017 suerit,
868 976 964 1008 etiam
979 981 1068 1009 extra

333 1031 532 1074 Hispaniam.

374 1093 442 1115 xm.
474 1081 542 1115 Non
574 1082 696 1125 poterit
729 1082 945 1116 definitorium
985 1082 1067 1114 vices

332 1146 406 1169 suas
432 1136 613 1168 concedere
639 1135 720 1178 patri
746 1134 890 1178 generali
915 1135 1065 1175 seorsim,

332 1188 392 1221 nisi
418 1188 545 1232 quando
567 1188 682 1221 adierit
706 1189 845 1231 aliquam
869 1188 1068 1232 provinciam

331 1242 383 1274 vel
408 1246 601 1274 conventum
627 1241 811 1280 videndum,
842 1242 889 1274 vel
915 1240 946 1273 in
972 1240 1067 1273 simili

333 1305 408 1327 casu
444 1304 536 1334 raro,
562 1299 594 1327 et
624 1304 755 1337 semper
779 1304 852 1327 cum
877 1293 1068 1327 limitatione

333 1347 372 1380 ad
398 1357 435 1379 ea
461 1351 583 1379 tantum
609 1357 690 1390 quae
716 1346 928 1390 probabiliter
950 1346 1068 1379 iudicio

334 1400 436 1443 ipsius
460 1399 636 1433 definitorii
663 1410 834 1433 occurrere
853 1405 1001 1443 possunt,
1020 1400 1070 1432 de-

332 1453 492 1495 signando
517 1463 608 1485 casus
625 1452 791 1495 speciales,
809 1452 862 1495 qui
882 1458 913 1485 et
933 1453 966 1485 in
986 1453 1069 1485 libro

334 1505 508 1538 delinitorii
534 1506 628 1548 scipti
653 1505 841 1538 manebunt.

376 1569 438 1592 xiv.
466 1558 605 1601 Deputet
622 1557 838 1591 definitorium
856 1559 887 1591 in
913 1569 1006 1591 suum
1021 1569 1070 1591 se-

334 1611 510 1644 cretarium
534 1621 633 1643 unum
659 1622 695 1643 ex
720 1611 865 1654 patribus
881 1611 1068 1653 definitorii,

336 1664 399 1707 qui,
415 1663 522 1696 statim
546 1673 582 1696 ac
599 1665 720 1696 electus
734 1663 839 1703 suerit,
858 1664 1070 1697 iuramentum

336 1716 461 1749 emittat
483 1715 632 1757 servandi
654 1720 815 1749 secretum
834 1721 865 1749 et
882 1716 1069 1751 fidelitatem

335 1771 439 1803 forma
463 1769 663 1813 praescripta
695 1780 753 1812 pro
785 1770 959 1803 secretario
984 1771 1070 1815 capi-

336 1823 394 1856 tuli
421 1822 602 1865 generalis,
628 1833 735 1865 supra,
762 1833 833 1866 cap.
866 1834 970 1864 xxmx,
997 1824 1067 1867 ἓζι,

336 1886 426 1909 num.
454 1886 496 1909 1x.

380 1940 429 1962 xv.
455 1928 546 1967 Quod
572 1935 676 1962 actum
701 1929 909 1974 decisumque
933 1931 1030 1964 fuerit
1054 1943 1070 1965 a

336 1982 534 2022 definitorio,
556 1982 588 2015 in
606 1983 674 2015 eins
701 1983 783 2017 libro
799 1984 969 2025 scribatur,
990 1991 1022 2017 et
1038 1986 1069 2018 in

336 2035 550 2069 electionibus
576 2036 740 2069 canonicis
766 2037 798 2069 in
822 2036 892 2080 ipso
911 2038 998 2071 saetis
1015 2050 1070 2071 an-

336 2094 469 2121 notetur
492 2099 645 2122 numerus
669 2088 905 2132 suffragiorum,
928 2096 968 2131 et,
983 2096 1070 2124 ante-

337 2151 431 2185 quam
454 2141 586 2175 finiatur
611 2142 839 2183 definitorium,
854 2144 1001 2186 legantur
1018 2156 1070 2178 co-

338 2205 406 2227 ram
440 2194 532 2238 ipso,
577 2200 607 2228 et
645 2201 758 2239 postea
793 2197 1016 2230 subscribatur
1053 2210 1069 2231 a

336 2251 429 2290 patre
461 2247 615 2289 generali,
641 2248 747 2291 primo
768 2248 940 2282 delinitore
966 2255 997 2283 et
1020 2262 1069 2285 se-

338 2299 491 2331 cretario.

381 2361 442 2384 xv1.
469 2351 564 2384 Pater
595 2354 755 2395 generalis
781 2354 1069 2391 determinationes

337 2408 370 2438 et
393 2404 523 2437 decreta
546 2404 719 2438 definitorii
754 2409 937 2441 executioni
966 2410 1070 2443 brevi-

336 2463 387 2491 ter
409 2457 557 2490 mandari
582 2463 689 2497 curet,
716 2461 801 2503 quod
827 2462 854 2493 si
879 2462 1011 2496 remisse
1037 2464 1069 2496 in

338 2511 402 2544 hoc
426 2521 462 2544 se
488 2511 642 2553 gesserit,
666 2517 699 2545 et
721 2518 907 2547 reverenter
930 2516 1070 2549 monitus

336 2575 403 2598 non
421 2575 455 2597 se
481 2565 721 2605 emendaverit,
744 2567 929 2601 definitores
947 2570 1070 2612 primus

373 2627 385 2654 1
402 2625 514 2653 Videtur
522 2625 612 2653 forsan
622 2626 766 2662 legendum
777 2633 843 2664 quot
852 2638 901 2666 pro
913 2639 967 2666 quo
978 2632 1070 2669 (nm).

967 239 1108 263 CLEMENS
1130 240 1147 264 X
1171 241 1219 265 PP-

1108 293 1140 320 et
1164 290 1327 323 secundus
1353 292 1469 335 exequi
1489 293 1620 333 saciant,
1644 305 1679 327 ea
1705 296 1843 328 subscri-

1108 340 1215 374 bendo
1242 342 1336 375 simul
1353 354 1424 376 cum
1441 345 1617 378 secretario
1636 352 1666 378 et
1683 347 1842 389 signando

1109 392 1284 427 delinitorii
1311 395 1431 438 sigillo.

1152 456 1226 479 xvu,
1254 447 1284 480 Si
1310 449 1408 491 (quod
1428 449 1508 481 Deus
1526 451 1659 492 avertat.)
1682 457 1772 493 pater
1789 462 1843 494 ge-

1109 499 1227 538 neralis
1253 511 1285 533 se
1311 507 1437 543 gereret
1461 513 1531 535 cum
1560 513 1676 545 magno
1701 506 1843 537 saecula-

1087 552 1191 584 ›rium
1217 554 1379 594 scandalo,
1412 556 1460 588 vel
1488 555 1680 598 religionem
1715 562 1843 599 regeret

1109 605 1243 638 notabili
1270 607 1476 648 relaxatione,
1500 613 1531 641 et
1555 609 1789 641 observantiam
1811 609 1840 641 in

1110 659 1205 690 rebus
1232 660 1382 701 gravibus·
1408 662 1598 704 negligeret,
1622 667 1696 695 tunc
1721 663 1842 706 primus

1110 711 1261 743 delinitor
1286 719 1440 747 convocet
1464 725 1577 748 omnes
1603 716 1698 757 alios,
1726 717 1779 760 qui
1810 728 1843 749 0-

1109 776 1199 798 mnes
1224 766 1319 799 simul
1346 767 1437 808 uniti,
1463 773 1494 800 et
1519 779 1584 801 non
1610 769 1722 810 aliter,
1749 781 1785 801 ae
1810 780 1843 802 re

1109 823 1232 851 mature
1253 820 1476 862 considerata,
1504 827 1684 855 convocent
1707 829 1846 866 quatuor

1109 872 1158 904 vel
1195 872 1337 916 quinque
1373 874 1536 908 ministros
1571 886 1630 918 per
1665 877 1842 919 capitulum

1110 926 1263 966 generale
1292 926 1472 969 deputatos,
1500 933 1531 960 et
1555 929 1649 962 simul
1684 940 1756 962 cum
1782 930 1845 963 illis

1111 978 1278 1011 humiliter
1303 984 1335 1011 et
1360 986 1558 1022 reverenter,
1585 983 1633 1014 vel
1660 982 1692 1015 in
1718 983 1846 1027 scriptis

1110 1033 1158 1064 vel
1184 1036 1346 1072 oretenus,
1362 1032 1411 1065 bis
1435 1039 1587 1067 moneant
1617 1040 1649 1067 et
1683 1036 1847 1079 corrigant

1110 1089 1235 1127 patrem
1261 1086 1457 1127 generalem,
1486 1087 1538 1130 qui
1565 1088 1589 1120 si
1615 1089 1721 1122 adhuc
1741 1090 1780 1121 ab
1794 1100 1846 1122 ex-

1112 1137 1257 1170 cessibus
1276 1142 1307 1170 et
1324 1138 1426 1181 culpis
1441 1150 1507 1172 non
1525 1141 1714 1183 cessaverit,
1734 1153 1847 1175 omnes

1112 1190 1187 1223 dieti
1212 1190 1360 1233 praelati,
1390 1191 1575 1226 definitores
1600 1194 1711 1237 utique
1737 1201 1768 1228 et
1792 1196 1849 1228 mi-

1112 1244 1204 1276 nistri
1230 1244 1326 1277 simul
1352 1246 1557 1289 congregati,
1585 1253 1617 1280 et
1640 1248 1753 1282 maiori
1778 1249 1849 1282 illo-

1112 1307 1182 1329 rum
1199 1303 1289 1340 parte
1307 1299 1543 1339 consentiente,
1555 1306 1586 1332 et
1598 1303 1692 1334 causa
1707 1302 1848 1345 cognita,

1112 1350 1256 1384 iudicent
1279 1362 1318 1383 an
1340 1357 1502 1384 mereatur
1519 1353 1652 1396 deponi,
1671 1359 1702 1387 et
1715 1354 1758 1387 ita
1774 1366 1848 1388 sen-

1113 1403 1265 1436 tientibus
1292 1409 1322 1437 et
1346 1403 1572 1446 iudicantibus,
1589 1406 1791 1449 deponatur,
1818 1414 1849 1442 et

1113 1456 1143 1488 in
1169 1456 1223 1489 tali
1249 1468 1332 1497 casu,
1353 1458 1427 1490 dum
1448 1469 1542 1491 causa
1563 1459 1676 1502 agitur,
1694 1465 1850 1504 poterunt

1114 1520 1224 1542 omnes
1246 1510 1340 1543 simul
1366 1510 1398 1542 in
1416 1515 1484 1543 toto
1505 1511 1624 1545 Ordine
1644 1513 1695 1545 cui
1712 1514 1761 1546 vel
1779 1514 1849 1557 qui-

1113 1563 1171 1595 bus
1195 1563 1415 1596 necessarium
1447 1564 1545 1597 suerit
1569 1564 1736 1608 imponere
1760 1577 1849 1609 prae-

1113 1620 1207 1658 cepta
1232 1620 1263 1648 et
1290 1626 1452 1656 censuras,
1479 1628 1571 1659 quae,
1598 1623 1630 1650 et
1664 1619 1727 1652 alia
1751 1630 1848 1662 quae-

1113 1679 1249 1711 cumque
1273 1669 1423 1702 mandata
1448 1670 1629 1713 subscripta
1654 1682 1671 1704 a
1695 1671 1801 1715 primo
1817 1678 1849 1705 et

1114 1722 1257 1754 secundo
1283 1721 1453 1755 definitore
1480 1727 1511 1755 et
1535 1724 1740 1757 reserendata
1765 1736 1782 1758 a
1800 1736 1849 1758 se-

1113 1773 1370 1815 eretario‚fidern
1397 1774 1513 1807 faciant
1537 1780 1567 1808 et
1589 1777 1743 1819 obligent,
1767 1783 1799 1810 et
1816 1778 1847 1810 in

1114 1827 1167 1860 tali
1192 1838 1266 1860 casu
1291 1833 1445 1871 poterunt
1468 1829 1543 1861 dicti
1573 1831 1709 1872 praelati
1735 1831 1848 1865 iubere

1114 1881 1208 1913 etiam
1234 1881 1317 1924 patri
1343 1882 1489 1924 generali
1515 1884 1696 1926 praeceptis
1716 1885 1765 1917 vel
1779 1895 1848 1917 cen-

1114 1933 1206 1972 suris,
1222 1933 1355 1977 aliisque
1370 1934 1484 1967 mediis
1497 1936 1699 1978 opportunis,
1711 1947 1760 1976 ne,
1772 1937 1847 1970 dum

1113 1997 1208 2019 causa
1231 1986 1331 2029 ipsius
1357 1988 1463 2029 agitur
1487 1993 1518 2021 et
1542 1989 1760 2030 concluditur,
1779 1990 1848 2023 offi-

1113 2039 1198 2072 cium
1213 2050 1306 2072 suum
1321 2046 1482 2081 exerceat,
1498 2052 1558 2074 nec
1574 2041 1621 2074 in¹
1641 2042 1702 2075 alio
1717 2043 1759 2076 sit
1772 2055 1847 2077 con-

1112 2097 1209 2126 ventu
1234 2097 1364 2136 praeter
1387 2093 1446 2125 sibi
1472 2094 1511 2126 ab
1536 2095 1581 2127 eis
1603 2095 1822 2138 designatum.

1156 2157 1243 2179 xvxii.
1271 2146 1389 2179 Omnes
1415 2158 1589 2190 processus
1615 2155 1645 2182 et
1658 2160 1773 2183 causae
1788 2151 1848 2183 cri-

1112 2198 1248 2231 minales
1273 2200 1499 2232 custodiantur
1524 2201 1554 2233 in
1581 2201 1724 2235 archivio
1750 2213 1847 2246 gene-

1112 2252 1170 2284 rali
1195 2251 1323 2285 Ordinis
1340 2280 1347 2293 ‚
1376 2258 1407 2286 et
1430 2259 1539 2297 patres
1576 2255 1790 2298 provinciales
1815 2262 1847 2290 et

1112 2305 1292 2338 visitatores
1322 2307 1489 2339 remittant
1523 2308 1623 2341 dictas
1648 2320 1759 2343 causas
1785 2311 1847 2344 iam

1113 2359 1297 2399 absolutas,
1328 2364 1362 2391 ut
1388 2360 1419 2392 in
1451 2361 1594 2394 archivio
1630 2367 1844 2406 reponantur,

1112 2411 1176 2444 imo
1194 2416 1225 2444 et
1242 2412 1338 2444 etiam
1357 2412 1523 2446 remittant
1539 2413 1685 2458 inceptas
1709 2421 1740 2448 et
1766 2426 1846 2450 non-

1113 2466 1188 2498 dum
1213 2464 1330 2505 finitas,
1355 2465 1379 2498 si
1397 2466 1435 2498 ab
1452 2466 1532 2510 ipsis
1550 2467 1765 2502 absolvendae
1779 2480 1845 2502 non

1114 2524 1208 2559 sunt;
1233 2518 1386 2562 idemque
1410 2520 1525 2553 saciant
1548 2526 1654 2564 patres
1679 2523 1781 2555 nostri
1806 2524 1846 2557 de

1114 2571 1215 2605 causis
1243 2572 1281 2605 ab
1299 2573 1377 2616 ipsis
1395 2573 1555 2607 inchoatis
1574 2580 1606 2607 et
1623 2575 1776 2616 formatis,
1795 2578 1845 2610 vel

1150 2635 1163 2660 1
1185 2633 1332 2670 Praeposit.
1353 2635 1387 2663 in
1406 2644 1454 2662 nos
1473 2635 1597 2663 addimus
1614 2639 1652 2671 (n.
1673 2637 1722 2673 Τ.).

1736 229 1804 271 ’663
1852 247 1900 273 An.
1919 246 1946 273 c.
1968 246 2036 273 167ss
