2279 3260
228 264 266 290 Λιι
294 263 322 289 c.
347 262 413 289 ¹672
459 251 523 285 5300

251 1006 362 1025 {Mu-rutum
374 1010 407 1024 sa-

224 1037 407 1077 :11:335azzi-5:252?
420 1045 534 1078 ratoris
559 1044 719 1087 generalis
744 1044 873 1076 Ordinis
900 1044 1031 1076 fratrum
1058 1042 1158 1074 Mino-

225 1086 276 1103 111111,

240 2428 349 2454 Annamatia
359 2428 412 2449 eius-

227 2457 274 2475 dem
288 2458 375 2475 decreti.

743 309 829 342 XCV.

417 379 591 422 Confirmat
615 378 774 411 decretum
794 388 903 410 sacrae.
922 375 1151 418 Conqreqalio-

458 432 510 464 m's
523 432 661 473 neqoliis
675 432 892 474 episcoporum
909 434 936 461 cl
950 429 1152 470 reqularium

457 485 678 527 praepositae,
703 484 861 516 viadrum
890 492 954 514 non
980 482 1073 513 licere
1095 491 1154 522 pa-

459 537 575 576 rochis,
595 536 757 569 occasione
782 534 1005 567 associationes
1030 533 1155 565 cadave-

460 600 543 626 rum,
563 589 693 630 inqredz'
710 587 912 629 repulari'um
932 586 1089 625 ecclesias,
1103 585 1156 617 sed

463 642 565 674 teneri
584 641 747 673 dimittere
771 640 926 672 cadavera
952 638 994 670 acl
1019 639 1156 670 canuam

460 695 690 731 ccclcm'ur'um;
726 696 829 724 celera
868 702 936 722 νυνι)
967 690 1084 722 mimia
1120 690 1155 721 in

463 746 651 778 liuius-modi
675 745 868 777 ministeriis
899 754 958 786 per
989 743 1156 786 requirires

462 809 525 831 esse
549 798 744 841 erpede'cudu
769 796 790 830 ¹.

642 877 775 904 Clemens
797 877 876 909 Papa
897 876 930 906 X,

541 924 579 948 ad
599 925 774 955 perpetuam
794 921 837 947 rei
857 920 1036 947 memoriam.

463 993 521 1036 §t
537 992 656 1035 Nuper,
673 1002 731 1034 pro
746 996 835 1034 parte
851 991 957 1023 dilecti
973 990 1028 1022 filii
1046 1000 1156 1033 procu*

419 1109 488 1130 rum
504 1097 604 1130 sancti
622 1097 781 1129 Francisci
801 1098 839 1129 dc
857 1097 1064 1129 observantia
1083 1106 1158 1127 nun-

419 1156 621 1194 cupatorum,
647 1150 898 1192 Congregationi
927 1148 1158 1182 venerabilium

420 1205 551 1237 fratrum
578 1209 765 1237 nostrorum
790 1203 821 1235 S.
838 1204 875 1235 R.
892 1203 926 1236 E.
946 1202 1157 1235 cardinalium

420 1257 558 1299 negotiis
576 1262 607 1289 et
619 1256 913 1289 consultationibus
932 1255 1158 1298 episcoporum

421 1315 452 1343 et
468 1310 666 1352 regularium
685 1309 872 1352 praeposite
893 1309 1052 1351 exposito,
1073 1308 1158 1350 quod

421 1364 533 1395 eadem
558 1362 774 1405 Congrcgatio
808 1362 859 1393 dic
895 1372 945 1394 XVI
978 1360 1159 1393 decembris

420 1426 537 1449 MDCLXI
562 1425 658 1458 snper
682 1414 933 1453 controversiis,
971 1424 1051 1457 quae
1077 1414 1160 1445 inter

420 1469 580 1512 parochos
618 1468 754 1500 civitatis
787 1467 993 1499 Placentinae
1029 1471 1061 1499 et
1090 1476 1160 1498 mo-

420 1523 544 1554 nachos
569 1520 754 1553 monasterii
781 1520 812 1552 S.
832 1520 908 1552 Sixti
930 1518 1160 1561 Cougregatio-

419 1574 469 1606 nis
494 1572 692 1606 Cassincnsis
718 1572 847 1604 Ordinis
873 1572 975 1604 sancti
995 1570 1158 1604 Benedicti

419 1627 587 1659 occasione
615 1626 763 1657 funerum
790 1630 881 1657 erant
906 1630 1047 1664 exortae,
1074 1624 1160 1656 iuter

420 1679 483 1712 alia
509 1680 696 1711 decreverat
712 1678 870 1710 servanda
891 1688 961 1710 csse
979 1677 1110 1709 decreta
1130 1682 1160 1708 et

420 1731 657 1764 declarationes
674 1730 752 1762 alias
779 1730 889 1770 saetas,
917 1730 1041 1763 scilicet
1064 1740 1129 1772 par
1146 1747 1160 1752 -

419 1784 490 1816 chis
516 1784 547 1816 in
573 1783 787 1816 associatione
809 1793 864 1815 seu
883 1782 1053 1815 occasione
1072 1791 1159 1814 asso-

420 1837 569 1869 ciationis
594 1837 784 1869 cadaverum
809 1846 875 1868 non
900 1836 1000 1869 licere
1032 1835 1157 1878 ingredi

420 1889 590 1922 ecclesiam
632 1889 867 1921 monachorum
901 1889 1156 1932 praedictorum,

420 1942 476 1974 sed
503 1942 605 1974 teneri
632 1941 792 1974 dimittere
813 1942 925 1974 cadem
945 1942 1102 1974 cadavera
1119 1941 1157 1973 ad

421 1995 549 2027 ianuam
574 1994 793 2034 ecclesiarum⁷
815 1994 925 2037 ibique
943 1995 1046 2026 solum
1062 2004 1157 2036 posse

421 2048 615 2080 benedicere
642 2053 673 2080 et
699 2048 775 2080 dare
792 2048 940 2080 ultimum
957 2049 1036 2087 vale,
1055 2047 1160 2080 officia

421 2112 497 2133 vero
523 2106 554 2133 et
573 2100 689 2139 munia,
708 2111 790 2143 quac
809 2100 839 2132 in
859 2101 1044 2133 huiusmodi
1066 2100 1159 2132 mini-

422 2154 528 2186 steriis
554 2153 703 2186 adhiberi
729 2155 849 2193 solent,
880 2154 918 2185 ab
947 2154 1026 2197 ipsis
1050 2164 1161 2186 mona-

422 2208 492 2239 chis
517 2207 629 2250 peragi
656 2206 780 2247 deberi,
805 2218 868 2239 non
894 2212 999 2239 autem
1025 2219 1041 2239 a
1065 2218 1161 2250 paro-

423 2259 504 2300 chis,
531 2265 626 2302 atque
660 2259 701 2291 ita
736 2258 767 2290 in
800 2259 984 2301 praemissis
1010 2260 1160 2292 omnibus

424 2312 577 2354 dein-:eps
613 2311 683 2344 sieri
723 2317 755 2344 ct
789 2313 973 2345 executioni
1013 2312 1159 2345 mandari

424 2371 654 2409 praeceperat;

500 2420 529 2452 ⁹2.
550 2421 587 2452 ht
611 2419 642 2451 in
669 2419 780 2452 eadem
806 2419 1008 2462 expositione
1034 2419 1160 2452 subiun-
1181 2437 1183 2456 =‚

423 2478 474 2505 eto
503 2472 588 2516 quod
606 2472 738 2504 eaedem
759 2471 900 2504 rationes
924 2472 1101 2504 militarent
1121 2472 1158 2504 ad

460 2554 469 2579 1
493 2551 662 2579 Consimilem
688 2551 909 2577 Coustitutionem
931 2550 1014 2577 habes
1033 2559 1114 2585 supra
1135 2551 1158 2576 in

423 2596 572 2623 Alexandro
594 2596 649 2630 Vll,
670 2596 750 2623 Atlas
766 2605 821 2630 pru
837 2600 934 2630 parte,
951 2600 1013 2622 tomi
1038 2602 1089 2630 xrt,
1110 2603 1158 2630 pa—

423 2643 485 2678 giua
506 2642 566 2668 588.

1003 258 1181 283 normanus!
1205 257 1356 282 ROMANUM

1199 305 1339 337 savorem
1375 304 1450 337 dicti
1487 305 1614 339 Ordinis
1650 304 1809 337 Minorum
1835 302 1937 336 sancti

1199 356 1356 389 Francisci
1383 357 1422 389 de
1448 358 1674 397 Observantia3
1701 357 1841 400 ideoque
1863 366 1938 399 sup-

1199 409 1317 451 plicato
1343 415 1377 441 ut
1401 409 1616 452 Cougregatio
1642 410 1787 453 praefata
1811 410 1938 442 resolu-

1200 461 1318 493 tionem
1356 462 1418 494 sive
1455 463 1651 495 decisionem
1677 462 1862 495 huiusmodi
1888 473 1939 494 ex-

1200 514 1348 545 tenderet
1373 514 1410 546 ad
1432 515 1680 548 associationem
1702 526 1760 558 per
1777 514 1939 558 parochos

1199 565 1266 597 lieri
1303 566 1432 598 solitam
1470 567 1662 599 cadaverum
1698 567 1937 607 defunctorum,

1199 629 1279 660 quae
1307 618 1337 650 in
1359 619 1506 651 eeclesiis
1530 619 1663 651 fratrum
1688 620 1785 652 huius
1810 619 1938 652 Ordinis

1199 670 1410 712 sepeliuntur,
1437 671 1535 713 idque
1561 672 1599 703 ad
1626 673 1785 705 tollendas
1811 677 1941 705 contro-

1200 723 1320 755 versias
1356 734 1437 765 quae
1463 723 1495 755 in
1522 723 1682 766 aliquibus
1708 724 1873 767 parochiis
1904 726 1940 756 (¹:⁸1

1200 775 1369 807 occasione
1394 775 1480 807 inter
1497 776 1659 818 parochos
1674 781 1706 808 et
1723 776 1837 808 fratres
1852 776 1941 808 Ordi-

1200 827 1247 859 nis
1263 828 1446 860 huiusmodi
1474 833 1650 861 nascuntur
1674 839 1740 862 non
1758 829 1828 861 sine
1855 839 1941 861 sean-

1200 880 1273 912 dalo
1299 890 1334 911 ac
1360 881 1521 913 fraternae
1548 888 1579 913 et
1604 880 1800 913 christianae
1836 881 1942 914 chari-

1200 933 1273 965 tatis
1311 934 1528 967 detrimento:
1565 934 1724 967 emanavit
1756 935 1795 967 ab
1828 935 1940 967 eadem

1200 986 1457 1029 Congregatione
1479 987 1692 1019 cardinalium
1710 987 1875 1020 decretum
1902 992 1942 1019 te.

1201 1039 1287 1071 noris
1323 1039 1375 1081 qui
1414 1040 1567 1081 srwpiitur,
1605 1039 1776 1072 videlicet:
1808 1051 1820 1069 α’
1846 1040 1943 1072 Sacra

1201 1092 1414 1134 Congregatio
1443 1092 1774 1125 eminentissimorum
1796 1093 1827 1125 S.
1848 1093 1884 1124 R.
1904 1092 1940 1125 E.

1202 1145 1412 1177 cardinalium
1438 1146 1576 1187 negotiis
1601 1150 1633 1178 et
1649 1145 1942 1178 eonsultationilms

1202 1198 1428 1241 episcoporum
1465 1203 1496 1230 et
1533 1198 1731 1240 regularium
1756 1198 1943 1242 praeposita

1202 1251 1329 1283 censuit
1359 1251 1540 1283 oratoribus
1571 1251 1708 1283 dandam
1742 1261 1811 1283 esse
1844 1251 1943 1284 infra-

1203 1304 1351 1347 scriptam
1392 1305 1645 1337 declarationem
1685 1304 1763 1336 alias
1799 1305 1939 1345 editam,

1203 1367 1319 1400 nempe
1339 1357 1498 1399 parochis,
1519 1357 1549 1389 in
1572 1357 1785 1390 associatione
1803 1357 1870 1390 sive
1888 1369 1942 1390 oe-

1203 1411 1328 1443 casione
1355 1410 1578 1443 associationis
1601 1411 1804 1450 cadaverum,
1824 1422 1889 1443 non
1909 1410 1942 1443 li-

1203 1474 1275 1496 cere
1302 1463 1426 1505 ingredi
1458 1464 1611 1501 ecclesias
1638 1463 1854 1506 regularium,
1886 1463 1940 1496 sed

1205 1517 1306 1550 teneri
1331 1516 1493 1549 dimittere
1521 1517 1632 1549 eadem
1657 1517 1811 1549 cadavera
1835 1517 1873 1549 ad
1899 1516 1941 1549 ia-

1203 1580 1297 1602 nuam
1323 1569 1550 1609 ecclesiarum,
1582 1569 1691 1612 ibique
1717 1569 1820 1601 solum
1845 1580 1939 1612 posse

1203 1623 1396 1656 benedicere
1423 1628 1455 1655 et
1479 1624 1555 1655 dare
1581 1623 1728 1655 ultimum
1752 1623 1847 1663 vale;
1873 1623 1941 1655 olli-

1203 1676 1272 1709 lieia
1296 1688 1370 1709 vero
1396 1682 1427 1708 et
1450 1676 1513 1708 alia
1537 1676 1654 1715 munia,
1677 1687 1757 1719 quae
1782 1676 1815 1708 in
1832 1676 1940 1708 huius-

1202 1730 1288 1763 modi
1306 1729 1495 1762 ministeriis
1513 1729 1659 1762 adhiberi
1676 1731 1789 1770 solent,
1806 1730 1844 1762 ab
1864 1730 1939 1773 ipsis

1203 1783 1406 1825 regularibus
1432 1782 1543 1825 peragi
1571 1782 1701 1821 debere,
1717 1776 1782 1815 non
1799 1789 1903 1814 autem
1923 1794 1939 1815 a

1202 1835 1375 1878 parochis;
1398 1841 1493 1877 atque
1521 1835 1562 1867 ita
1589 1835 1620 1866 in
1638 1835 1822 1877 praemissis
1839 1835 1940 1867 omni-

1203 1899 1243 1921 no
1262 1888 1415 1931 deinceps
1434 1887 1503 1920 lieri
1522 1892 1554 1920 et
1570 1887 1694 1930 exequi,
1720 1887 1938 1930 praesentium

1201 1941 1311 1984 vigore
1347 1941 1476 1973 mandat
1501 1946 1534 1973 et
1556 1940 1731 1984 praecipit,
1767 1940 1938 1973 contrariis

1202 1995 1458 2037 quibuscumque
1483 2004 1548 2026 non
1573 1993 1786 2025 obstantibus.
1819 1993 1938 2025 Romae

1200 2057 1283 2079 xxvu
1308 2046 1491 2079 novembris
1516 2056 1664 2079 uricrxxi.

1465 2099 1498 2131 1⁴¹.
1519 2099 1557 2131 M.
1578 2099 1670 2131 Card.
1691 2099 1900 2131 Baanctxrmsi

1289 2153 1372 2185 Loco
1397 2155 1418 2193 †
1444 2152 1540 2194 sigilli
1569 2165 1598 2183 n.

1246 2207 1260 2248 ἓ
1285 2205 1316 2237 3.
1344 2205 1419 2237 Cum
1445 2212 1560 2244 autem,
1580 2205 1662 2237 sicut
1679 2206 1844 2248 praefatus
1869 2216 1939 2248 pro-

1203 2264 1330 2291 curator
1355 2259 1516 2300 generalis
1538 2258 1629 2290 nobis
1656 2258 1793 2290 subinde
1820 2269 1938 2301 exponi

1204 2312 1286 2351 fecit,
1312 2311 1381 2354 ipse
1405 2311 1571 2343 decretum
1598 2311 1795 2350 huiusmodi,
1814 2322 1871 2354 pro
1892 2310 1940 2343 sn·-

1202 2364 1293 2397 miori
1312 2364 1397 2397 illius
1415 2364 1633 2403 subsistentia,
1653 2365 1847 2407 apostolicae
1865 2375 1940 2397 con-

1204 2417 1392 2449 firmationis
1417 2423 1545 2450 nostrae
1564 2418 1744 2461 patrocinio
1762 2419 1939 2451 communi-

1205 2470 1229 2501 ri
1256 2481 1459 2513 summopere
1478 2470 1654 2503 desideret:
1673 2481 1740 2510 nos,
1767 2471 1941 2514 specialem

1203 2524 1264 2566 ipsi
1290 2524 1489 2566 procuratori
1509 2524 1651 2565 generali
1677 2523 1812 2566 gratiam
1839 2524 1941 2557 faeere

1203 2578 1366 2613 volentes,
1396 2588 1533 2619 sfumqut¹
1570 2589 1585 2609 a
1619 2577 1783 2620 quibusvis
1814 2588 1940 2610 excom·

1204 2630 1443 2672 municationis,
1463 2631 1683 2673 suspensionis
1710 2636 1742 2663 et
1765 2630 1937 2674 interdicti,

1943 254 1992 280 An.
2013 253 2041 280 C.
2065 251 2130 279 tow

1998 2213 2018 2233 Ο
2030 2213 2133 2234 affirmatio

1931 2258 1937 2263 ,
1950 2242 1972 2260 ut
1989 2241 2007 2260 iu
2024 2241 2117 2260 rubrica.
2144 2245 2147 2247 ·
