2279 3260
160 254 209 282 An.
231 253 260 282 C.
278 255 343 282 167¹

204 1741 305 1763 Prohibet
325 1743 348 1762 ut

165 1769 186 1789 ln
202 1768 294 1789 rubrica.

168 2478 279 2498 Claumlae
291 2483 353 2504 prae-

167 2511 210 2525 teri
217 2507 293 2525 ativae.

968 252 1110 278 CLEMENS
1132 253 1151 276 X
1175 252 1224 276 Pr.

350 303 479 337 casione
504 305 554 338 vel
579 305 676 337 causa
699 303 771 336 latis
788 329 796 344 ,
822 303 848 336 si
871 302 988 346 quibus
1010 312 1088 344 quo-

351 356 530 390 modolibet
545 357 716 390 innodatus
732 356 851 396 existit,
874 355 914 388 ad
940 354 1087 387 effectum

352 410 575 454 praesentium
609 410 772 443 dumtaxat
804 408 1086 451 consequendum,

352 463 467 496 harum
499 463 581 496 serie
599 463 814 496 absolventes
847 466 878 494 et
905 461 1088 494 absolutum

353 515 422 549 sore
448 521 639 556 censentes,
659 515 808 548 omnibus
835 519 867 548 et
891 514 1025 556 singulis
1044 513 1090 545 di-

353 569 393 601 cti
418 569 545 602 Ordinis
571 569 722 602 fratribus
743 568 968 612 praesentibus
994 572 1026 599 et
1043 567 1090 598 su-

355 622 446 662 turis,
473 633 512 655 ne
537 622 576 655 de
601 627 708 655 cetero
733 622 772 654 ad
798 620 990 654 obtinendas
1014 619 1091 651 obe—

353 674 491 707 dientias
517 675 583 708 sive
608 674 844 718 permissiones
867 672 1018 705 visitandi
1038 683 1090 705 eo-

352 738 422 761 rum
440 733 590 771 parentes
625 738 682 760 seu
710 726 924 771 propinquos,
950 730 1003 758 aut
1020 726 1091 757 loca

352 791 442 813 sacra
467 791 698 823 quaecumque,
717 780 766 812 vel
786 784 822 812 ut
845 779 884 811 ad
907 777 1089 821 dignitates,

353 833 458 866 officia
490 838 545 865 aut
575 843 710 866 munera
747 832 911 875 quaelibet
946 830 1091 863 eiusdem

353 885 481 918 Ordinis
519 890 575 918 aut
610 886 647 918 ad
673 885 777 917 studia
816 888 1091 927 promoveantur,

353 938 417 971 sive
442 943 476 970 ut
501 939 539 971 ab
564 948 629 971 uno
647 937 686 970 ad
715 937 812 970 alium
831 937 937 970 locum
955 935 1091 968 transire

353 992 402 1024 vel
426 991 459 1024 in
484 991 593 1034 aliquo
619 990 806 1034 particulari
832 993 992 1022 conventu
1017 998 1093 1031 per-

353 1053 486 1077 manere
511 1043 556 1076 eis
581 1043 686 1082 liceat,
713 1043 763 1075 vel
794 1047 829 1074 ut
858 1051 929 1074 cum
955 1040 1001 1074 eis
1028 1039 1093 1073 dis-

354 1101 508 1139 pensetur
532 1096 571 1129 ad
596 1096 660 1128 hoc
688 1099 723 1127 ut
750 1099 822 1127 ante
850 1098 1017 1137 peractum
1037 1103 1089 1124 se-

353 1149 506 1192 ptennale
524 1148 667 1181 studium
685 1147 717 1179 in
739 1146 986 1180 concionatores
1004 1155 1093 1178 assu-

355 1200 399 1233 mi
427 1211 584 1234 munusve
604 1199 843 1234 concionatoris
860 1209 1021 1238 exercere,
1041 1203 1094 1230 aut

353 1258 389 1286 ut
413 1259 486 1286 ante
512 1254 708 1296 completum
726 1252 758 1285 in
777 1253 892 1285 eodem
910 1251 1029 1284 Ordine
1046 1261 1094 1283 se-

355 1306 533 1350 ptenniumv
554 1307 592 1339 ad
622 1316 746 1339 sacrum
778 1306 1022 1349 presbyteratus
1047 1314 1094 1337 or-

356 1359 463 1392 dinem
488 1359 671 1402 promoveri
696 1360 845 1399 valeant,
872 1358 937 1390 sive
970 1358 1009 1390 ad
1035 1357 1094 1390 alia

355 1412 474 1445 similia
498 1412 737 1456 c0n=equenda‚
765 1417 828 1444 tam
854 1422 914 1454 pro
940 1422 973 1444 se
999 1421 1094 1454 quam

356 1476 415 1509 pro
449 1465 519 1498 aliis
551 1465 678 1498 Ordinis
704 1465 843 1508 praefati
869 1464 1030 1503 fratribus,
1056 1463 1094 1496 ad

357 1528 636 1561 quarumcumque
662 1528 878 1561 personarum
893 1522 982 1550 extra
1007 1528 1096 1550 eum-

357 1572 430 1603 dem
455 1571 607 1604 Ordinem
633 1570 851 1610 existentium,
867 1570 961 1603 etiam
987 1570 1095 1613 quavis

358 1622 577 1655 ecclesiastica
619 1622 669 1654 vel
714 1622 877 1654 mundana
916 1621 1093 1664 dignitate,

357 1675 612 1718 praeeminentia
637 1680 668 1708 et
691 1679 849 1718 potestate
880 1674 1093 1717 fungentium,

358 1734 411 1761 aut
435 1728 513 1762 alias
543 1727 694 1772 specifica
718 1733 750 1760 et
773 1727 937 1760 individua
961 1728 1098 1761 mentio-

358 1792 398 1814 ne
431 1787 460 1814 et
490 1781 700 1825 expressione
725 1781 919 1824 dignarum,
946 1781 1071 1814 favores
1088 1807 1095 1821 ,

359 1833 511 1877 suffragia
544 1835 594 1867 vel
634 1833 887 1867 intercessiones
929 1844 1096 1866 recurrere

358 1886 463 1920 illisve
480 1887 526 1919 uti
541 1887 680 1919 audeant
698 1886 810 1930 quovis
828 1886 923 1919 modo
940 1887 989 1919 vel
1009 1896 1098 1929 prae-

358 1945 494 1980 sumant,
507 1940 567 1972 sub
580 1939 921 1972 excommunicationis
932 1940 1014 1972 latae
1029 1950 1097 1972 sen-

359 1993 481 2025 tentiae
508 2003 543 2025 ac
574 1992 764 2035 privationis
797 1992 884 2025 vocis
919 1992 1039 2024 activae
1067 1998 1098 2025 et

357 2045 504 2088 passivae
524 2056 560 2077 ac
579 2046 735 2087 graduum
766 2050 797 2077 et
817 2044 999 2077 officiorum
1018 2056 1097 2087 quo-

356 2108 569 2141 rumcumque
596 2108 655 2140 per
676 2108 729 2130 eas
747 2098 966 2137 obtentorum,
981 2108 1097 2141 perpe·
1117 2108 1119 2114 ’

357 2156 496 2194 tuaeque
521 2150 734 2182 inhabilitatis
761 2150 798 2182 ad
824 2150 879 2183 illa
908 2156 940 2183 et
967 2151 1096 2193 quaevis

358 2204 420 2237 alia
445 2204 477 2236 in
501 2208 669 2247 posterum
694 2204 880 2243 obtinenda,
896 2203 1011 2246 poenis
1038 2214 1097 2246 per

359 2262 624 2290 contraventores
660 2257 730 2299 ipso
764 2257 846 2289 sacto
878 2256 999 2299 absque
1036 2256 1097 2289 alia

360 2308 579 2342 declaratione
594 2308 808 2349 incurrendis,
823 2309 1009 2341 auctoritate
1024 2319 1099 2351 apo-

361 2362 491 2402 stolica,
522 2367 635 2394 tenore
665 2361 907 2404 praesentium,
938 2366 1097 2404 perpetuo

362 2415 576 2458 prohibemus
595 2420 626 2447 et
642 2414 876 2447 interdicimus.

406 2469 421 2511 ἓ
446 2467 476 2500 ⁶2.
504 2468 725 2501 Decernentes
751 2468 881 2500 easdem
906 2472 1097 2511 praesentes

362 2521 488 2555 litteras
515 2531 642 2564 semper
665 2520 791 2563 firmas,
822 2521 944 2555 validas
975 2526 1007 2554 et
1031 2522 1099 2554 effi-

363 2583 456 2607 caces
482 2574 623 2607 existere
650 2578 681 2607 et
710 2575 799 2615 fore,
827 2585 966 2618 suosque
990 2576 1100 2618 plena-

362 2628 428 2661 rios
450 2632 481 2660 et
505 2628 650 2671 integros
675 2627 805 2662 effectus
830 2628 938 2662 sortiri
964 2634 996 2662 et
1017 2629 1100 2662 obti-

1754 239 1814 273 261
1864 248 1916 275 An.
1935 246 1965 274 c.
1988 245 2054 273 1671

1130 311 1226 341 nere,
1259 304 1291 333 et
1320 299 1359 332 ab
1389 299 1471 340 illis,
1499 298 1538 331 ad
1570 309 1650 342 quos
1683 302 1810 341 spectat
1834 302 1867 329 et

1131 364 1191 397 pro
1218 359 1364 396 tempore
1391 352 1660 396 quandocumque
1686 350 1865 394 spectabit,

1132 405 1365 439 inviolabiliter
1401 410 1433 438 et
1463 404 1652 438 inconcusse
1677 402 1866 442 observari,

1132 459 1244 502 sicque
1278 459 1310 491 in
1342 457 1533 502 praemissis
1559 467 1618 500 per
1643 465 1868 500 quoscumque

1132 511 1255 544 iudices
1282 510 1467 544 ordinarios
1502 514 1534 541 et
1563 509 1744 551 delegatos,
1773 507 1869 539 etiam

1133 576 1300 597 causarum
1315 564 1427 608 palatii
1444 562 1614 607 apostolici
1632 561 1807 600 auditores,
1824 559 1872 592 iu-

1134 617 1232 650 dicari
1259 622 1290 650 et
1307 616 1434 650 definiri
1461 617 1593 655 debere,
1625 625 1662 647 ac
1687 613 1813 646 irritum
1840 617 1871 645 et

1133 670 1228 702 inane
1259 670 1284 702 si
1310 680 1403 702 secus
1428 678 1526 712 super
1552 667 1602 699 his
1635 677 1652 699 a
1684 675 1869 709 quoquam,

1135 722 1245 766 quavis
1267 722 1466 761 auctoritate,
1487 720 1628 753 scienter
1648 719 1698 751 vel
1716 718 1869 761 ignoran-

1135 782 1193 816 ter,
1211 775 1385 817 contigerit
1409 774 1573 807 attentari.

1178 829 1193 871 ἓ
1216 827 1247 861 3.
1274 827 1429 865 Quocirca
1455 830 1633 858 memorato
1651 824 1800 857 ministro
1817 833 1870 866 ge·
1907 835 2063 860 manuum

1135 880 1237 913 nerali
1254 880 1368 912 harum
1387 879 1470 912 serie
1495 877 1724 911 committimus
1739 881 1770 909 et
1785 861 2063 916 man-giiflif'm'umd*

1137 934 1249 966 damus
1274 937 1309 964 ut
1343 933 1430 975 ipsas
1456 936 1645 975 praesentes
1681 931 1803 963 litteras
1838 929 1871 961 in

1137 987 1285 1020 omnibus
1303 991 1335 1019 et
1348 985 1482 1028 singulis
1498 983 1627 1018 Ordinis
1644 983 1780 1026 praefati
1801 993 1874 1026 pro-

1136 1038 1248 1077 vinciis
1273 1044 1305 1071 et
1329 1037 1540 1071 conventibus
1558 1036 1795 1079 quamprimum
1815 1046 1873 1078 pu-

1136 1091 1248 1124 blicari
1274 1096 1371 1131 curet,
1390 1101 1430 1123 ne
1449 1090 1617 1133 quisquam
1642 1089 1768 1122 illarum
1786 1088 1874 1131 igno-

1137 1144 1272 1177 rantiam
1298 1144 1438 1186 allegare
1463 1142 1577 1186 possit.

1179 1198 1193 1240 g
1218 1196 1249 1229 4.
1276 1196 1345 1229 Non
1370 1195 1571 1229 obstantibus
1591 1193 1873 1227 constitutionibus
1909 1204 2002 1235 szat
2018 1210 2067 1225 coa-

1137 1256 1169 1284 et
1192 1249 1450 1283 ordinationibus
1476 1247 1675 1292 apostolicis,
1700 1258 1747 1287 ac,
1763 1234 1963 1290 quate-“⁸¹⁷''⁵‘

1136 1315 1195 1337 nus
1220 1314 1300 1347 opus
1325 1303 1378 1343 sit,
1394 1302 1468 1335 dicti
1487 1302 1626 1342 Ordinis,
1647 1301 1781 1344 eiusque
1799 1311 1875 1342 pro-

1136 1357 1312 1390 vinciarum
1338 1361 1370 1388 et
1401 1360 1615 1388 conventuum
1645 1353 1874 1397 quorumlibet,

1138 1410 1234 1443 etiam
1257 1409 1455 1449 iuramento,
1477 1407 1723 1441 confirmatione
1748 1411 1878 1450 aposto-

1138 1463 1206 1501 lica,
1229 1463 1278 1495 vel
1304 1461 1413 1504 quavis
1441 1460 1592 1493 firmitate
1621 1459 1682 1492 alia
1703 1459 1877 1500 roboratis,

1138 1514 1262 1547 statutis
1291 1519 1324 1547 et
1347 1512 1639 1547 consuetudinibus
1655 1539 1662 1553 ,
1697 1510 1874 1555 privilegiis

1139 1578 1277 1611 quoque,
1291 1566 1425 1599 indultis
1451 1571 1481 1598 et
1496 1565 1611 1599 litteris
1637 1563 1826 1607 apostolicis
1844 1563 1876 1596 in

1140 1619 1336 1654 contrarium
1363 1619 1615 1663 praemissorum
1635 1616 1879 1661 quomodolibet

1140 1673 1314 1713 concessis,
1334 1671 1534 1705 confirmatis
1559 1675 1592 1703 et
1614 1669 1791 1710 innovatis;
1813 1668 1879 1712 qui-

1138 1727 1200 1759 bus
1225 1725 1374 1759 omnibus
1399 1729 1431 1758 et
1454 1723 1606 1767 singulis,
1632 1723 1762 1755 illorum
1787 1727 1880 1754 teno-

1140 1790 1192 1812 res
1221 1778 1448 1822 praesentibus
1472 1787 1530 1820 pro
1555 1777 1652 1819 plene
1671 1780 1703 1808 et
1721 1773 1880 1807 sufficien-

1141 1838 1189 1865 ter
1213 1831 1372 1875 expressis
1390 1841 1426 1863 ac
1451 1830 1489 1862 de
1506 1829 1604 1862 verbo
1623 1829 1662 1861 ad
1678 1828 1811 1860 verbum
1832 1826 1881 1859 in-

1141 1886 1234 1919 sertis
1253 1885 1426 1923 habentes,
1446 1883 1509 1917 illis
1527 1884 1605 1916 alias
1625 1882 1659 1914 in
1681 1892 1740 1914 suo
1760 1881 1880 1914 robore

1140 1937 1367 1982 permansuris,
1383 1937 1422 1969 ad
1443 1936 1693 1979 praemissorum
1718 1933 1876 1974 effectum,

1140 1992 1201 2024 hac
1230 1991 1298 2024 vice
1332 1991 1518 2030 dumtaxat,
1544 1987 1729 2032 specialiter
1763 1992 1795 2019 et
1826 1998 1879 2019 ex-

1139 2055 1249 2088 presse
1274 2044 1485 2086 derogamus;
1511 2041 1690 2084 ceterisque
1707 2039 1877 2073 contrariis

1141 2098 1409 2141 quibuscumque.

1183 2150 1198 2193 ἓ
1229 2149 1260 2181 5.
1294 2148 1449 2182 Volumus
1481 2153 1589 2181 autem
1619 2152 1656 2179 ut
1688 2145 1876 2179 earumdem

1140 2201 1363 2246 praesentium
1383 2202 1564 2234 litterarum
1578 2199 1802 2242 transumptis,
1819 2209 1876 2232 seu

1141 2256 1307 2299 exemplis,
1323 2255 1418 2287 etiam
1433 2254 1608 2297 impressis,
1629 2263 1727 2286 manu
1744 2252 1877 2285 alicuius

1140 2308 1256 2341 notarii
1274 2307 1396 2351 publici
1414 2306 1619 2350 subscriptis,
1633 2311 1663 2339 et
1680 2306 1788 2348 sigillo
1804 2316 1878 2349 per—

1141 2372 1240 2394 sonae
1272 2361 1305 2393 in
1335 2359 1555 2393 ecclesiastica
1580 2359 1734 2401 dignitate
1760 2358 1879 2392 consti-

1142 2420 1229 2447 tutae
1260 2413 1402 2454 munitis,
1435 2413 1548 2445 eadem
1579 2422 1717 2455 prorsus
1740 2411 1819 2444 fides
1845 2411 1878 2443 in

1142 2468 1263 2501 iudicio
1302 2473 1333 2501 et
1357 2472 1448 2501 extra
1472 2466 1642 2506 habeatur,
1669 2476 1752 2508 quae
1779 2465 1879 2497 habe-

1142 2527 1230 2554 retur
1254 2520 1332 2564 ipsis
1351 2519 1578 2564 praesentibus
1611 2518 1636 2551 si
1657 2518 1764 2551 forent
1789 2518 1878 2550 exhi-

1142 2575 1231 2607 bitae
1255 2575 1304 2607 vel
1329 2580 1489 2607 ostensae.

1187 2628 1301 2661 Datum
1326 2627 1457 2668 Romae,
1490 2626 1574 2670 apud
1601 2625 1633 2658 S.
1666 2624 1795 2657 Mariam
1815 2622 1878 2655 Ma-

1928 2157 1991 2177 rute.-
2015 2159 2071 2177 trau—

1887 2188 2024 2210 sumpturum.
