2279 3260
430 232 494 264 742
981 241 1160 265 Bruanium
1186 241 1337 265 normann

474 304 512 327 ac
537 293 767 327 iurisdictionis
792 293 987 337 apostolicae
1006 293 1036 326 in
1056 293 1135 326 l'or-

475 346 618 389 tugallia‚
647 353 721 386 cte,
750 345 824 379 368.

386 401 501 434 CXXII.
537 400 717 434 Declaratio
755 399 903 433 incursus
936 399 966 431 in
999 409 1133 431 excom-

476 453 729 486 municationem
750 459 777 485 ct
795 452 967 485 aiiallicma
993 451 1136 494 aliasque

476 515 598 549 poenas
628 504 820 545 canonicas,
850 515 885 537 ac
915 503 1137 537 excommuni-

476 559 560 592 catio
586 565 616 591 ct
641 558 812 591 aitntlicma
829 567 940 591 corum
968 557 1022 600 qui
1047 558 1136 590 ncl'a-

478 613 523 645 rie
550 613 760 644 vulnerarunt
791 611 827 643 lt.
857 611 889 642 Ρ.
918 611 952 643 lt.
982 610 1134 643 iacobum

474 664 692 708 patriarcham
719 662 976 703 Antiorlicnum,
1006 673 1135 695 corum-

478 729 540 761 que
564 717 771 761 complicum,
798 723 873 755 ctc.‚
902 716 977 748 :37:3.

387 772 515 804 CXXIII.
543 770 654 803 Variae
675 769 875 813 provisiones
895 769 984 802 Pauli
1005 769 1038 808 Υ,
1060 769 1136 803 Gre-

476 823 557 865 gorii
584 823 646 861 XV,
675 828 704 855 ct
730 822 849 855 Urbani
879 822 964 861 VIII,
994 822 1032 854 ad
1060 832 1136 855 con-

475 876 648 910 sulendum
686 875 891 908 indemnitati
934 875 1135 908 notariorum

476 929 633 963 auditoris
668 929 821 962 Gamerae
859 939 932 960 cum
973 920 1137 961 erectione

476 989 604 1017 centum
631 988 662 1016 ct
687 982 837 1015 undecim
876 981 1057 1015 officiorum
1083 991 1136 1014 va-

477 1036 629 1069 cabilinm
652 1035 790 1068 militum
816 1035 958 1079 piorum,
979 1044 1058 1078 (luas
1083 1034 1136 1067 liic

476 1089 622 1122 Pontifex
649 1090 747 1122 refert
773 1095 801 1122 et
824 1089 954 1121 innovat
977 1099 1050 1121 cum
1070 1098 1137 1121 crc-

478 1143 583 1176 ctione
601 1143 738 1175 aliorum
758 1141 1136 1185 quinquagintaquatuor

478 1196 631 1228 similium
658 1196 855 1233 officiorum,
883 1194 958 1227 375.

388 1249 512 1282 CXXIV.
542 1248 750 1281 Confirmatio
775 1248 895 1281 decreti
922 1247 1088 1281 cameralis
1107 1253 1135 1279 ct

477 1302 561 1334 illius
580 1301 798 1345 ampliationis
816 1301 846 1333 in
870 1302 1009 1333 favorem
1030 1301 1134 1342 inqui-

478 1356 619 1388 linorum
646 1361 792 1398 respectu
814 1354 888 1386 anni
915 1353 1028 1392 sancti,
1056 1353 1131 1385 aaa.

389 1403 499 1441 CXXV.
529 1408 731 1449 Indulgentiat
765 1413 894 1440 centuni
923 1407 1048 1439 dierum
1075 1416 1135 1451 pro

477 1462 695 1495 confratribus
720 1467 749 1493 et
777 1460 1008 1493 consororibus
1029 1460 1135 1493 archi-

477 1514 749 1548 confraternitatis
773 1513 965 1546 sanctissimi
987 1513 1136 1556 Corporis

477 1569 589 1601 Clrristi
617 1569 649 1601 in
675 1568 809 1601 ecclesia
840 1568 869 1601 S.
899 1567 1015 1600 Mariae
1040 1577 1137 1610 supra

478 1622 651 1655 Minervam
678 1621 717 1654 dc
743 1620 839 1660 Urbe,
864 1626 895 1653 ct
919 1630 977 1663 pro
1003 1620 1136 1663 quibus-

479 1686 618 1718 cumque
645 1673 967 1708 confraternitatibus
999 1674 1058 1706 sub
1084 1684 1138 1706 eo-

479 1730 551 1762 dem
579 1729 671 1762 titulo
696 1728 810 1761 erectis
835 1734 866 1760 ct
890 1728 1062 1770 erigendis,
1091 1734 1138 1760 to-

477 1783 537 1815 ties
563 1782 689 1825 quoties
710 1781 821 1814 fideles
847 1781 1016 1814 defunctos
1036 1781 1076 1814 ad
1094 1791 1138 1814 se-

479 1835 641 1878 pulturam
668 1834 812 1867 comitati
836 1834 967 1874 fuerint,
995 1833 1070 1866 380¹.

390 1888 515 1921 CXXVI.
534 1887 776 1921 Consirn‘iantur
793 1887 1012 1929 indulgentiae
1026 1897 1044 1919 a
1061 1887 1138 1920 Pau-

478 1942 509 1973 lo
528 1941 551 1973 V
578 1950 749 1974 concessae
774 1940 1137 1973 arcbicontiaternitati-

479 1995 538 2027 bus
569 1994 627 2027 sub
661 1993 864 2026 invocatione
893 1992 944 2026 SS.
973 1992 1137 2026 Trinitatis

478 2046 711 2090 redemptionis
736 2046 948 2089 captivorum,
970 2045 1137 2079 irritantur

480 2102 667 2141 nonnullae,
685 2107 714 2134 et
729 2100 893 2133 adduntur
906 2101 997 2143 aliae,
1011 2107 1041 2133 et
1054 2111 1136 2144 quae

480 2156 554 2191 sint.
581 2154 657 2187 387.

392 2209 530 2242 CXXVII.
545 2208 714 2240 Decretum
727 2207 924 2240 recitationis
939 2207 1075 2241 ofliciiS.
1086 2208 1138 2242 Ca-

482 2261 578 2294 ietani
594 2261 759 2300 Tliienaei,
775 2260 1005 2293 Tlieatinorum
1023 2261 1137 2294 sunda-

480 2315 581 2353 toiis,
610 2314 649 2347 ab
675 2313 826 2347 omnibus
851 2313 1020 2357 utriusque
1044 2325 1137 2348 sexus
1180 2352 1183 2355 ,

481 2370 519 2402 ad
546 2368 769 2402 recitationem
795 2368 943 2410 obligatis
968 2368 1000 2401 in
1022 2368 1072 2402 die
1092 2379 1136 2402 vn

480 2422 604 2465 augusti
619 2422 658 2454 de
675 2421 840 2456 communi
858 2421 1053 2455 Confessoris
1071 2432 1136 2455 non

482 2475 658 2515 Pontifici&
684 2473 759 2508 3902.

391 2530 543 2563 CXXVIII.
573 2528 751 2562 Prohibitio
776 2538 816 2561 ne
836 2527 1019 2571 quisquam,
1038 2527 1135 2560 etiam

481 2581 637 2624 regularis
662 2587 692 2614 et
717 2580 883 2614 individua
908 2579 1072 2613 mentione
1093 2580 1137 2613 di-

480 2646 573 2679 gnus,
601 2635 669 2668 sine
695 2634 823 2668 licentia
848 2634 879 2667 in
906 2633 1034 2677 scriptis
1059 2633 1136 2667 Con-

1161 470 1165 580 l

1277 292 1475 335 gregationis
1512 294 1552 327 de
1587 294 1798 338 Propaganda
1828 296 1903 330 Fide
1922 323 1929 337 ‚

1278 355 1374 389 quam
1393 345 1423 378 in
1446 347 1553 389 operis
1571 347 1661 380 initio
1683 348 1871 392 imp'rimcrc
1890 355 1934 383 te-

1277 404 1416 439 neatur,
1445 399 1519 432 edat
1543 400 1641 433 libros
1667 407 1698 434 et
1722 402 1851 446 scripta,
1876 413 1934 446 per

1276 462 1310 484 sc
1336 452 1383 484 vcl
1410 452 1531 491 alium,
1556 453 1587 485 in
1613 454 1730 496 quibus
1755 461 1869 497 agatur
1894 456 1934 489 (lc

1278 504 1486 538 missionibus
1511 505 1558 538 vel
1585 507 1624 538 (le
1655 507 1750 541 rebus
1781 509 1821 542 ad
1851 509 1935 552 ipsas

1279 557 1516 601 pertinentibus
1534 587 1541 599 ‚
1568 559 1626 592 sub
1663 560 1775 603 poenis
1805 571 1934 595 excom-

1278 611 1508 644 municationis
1540 612 1622 645 latae
1657 614 1833 647 sentcntiae
1866 615 1931 647 no-

1279 673 1376 696 mano
1402 664 1548 698 l'ontilici
1571 671 1761 706 reservatae,
1786 667 1936 710 privatio-

1277 716 1327 749 nis
1353 716 1463 755 oflicii,
1492 729 1528 750 ac
1554 718 1638 751 vocis
1664 719 1784 752 activae
1809 725 1840 753 ct
1865 730 1936 763 pas—

1277 769 1375 809 sivae,
1393 775 1423 802 ct
1443 780 1578 813 operum
1597 772 1845 814 suppressionis,
1866 773 1936 816 ipso

1278 822 1361 856 facto
1388 822 1601 863 incurrendis,
1629 824 1704 857 ⁹293.

1189 875 1316 909 CXXIX.
1345 875 1535 909 Coimnissio
1560 877 1713 921 episcopo
1738 878 1937 913 Maioricensi

1277 939 1375 972 super
1400 930 1562 963 erectione
1586 931 1683 963 studii
1705 931 1808 965 dictae
1833 932 1939 966 civita-

1280 981 1318 1014 tis
1345 982 1375 1014 in
1401 982 1564 1026 publicam
1587 984 1838 1025 universitatem,
1862 996 1936 1018 cuin

1280 1034 1404 1068 indulto
1435 1035 1577 1068 lauream
1610 1037 1795 1071 doctoratus
1827 1038 1936 1071 conse-

1279 1088 1382 1127 rendi,
1397 1098 1523 1121 necnon
1539 1100 1610 1121 cuin
1631 1090 1782 1123 omnibns
1799 1091 1869 1124 aliis
1882 1092 1936 1124 ho-

1278 1141 1422 1181 noi-ibus,
1437 1141 1612 1184 privilegiis
1637 1149 1664 1175 et
1691 1144 1935 1186 praerogativis,

1280 1194 1398 1236 quibus
1423 1194 1612 1227 universitas
1630 1196 1801 1229 Ilardensis
1819 1207 1856 1229 ex
1877 1197 1936 1230 dis-

1278 1247 1468 1289 pensatione
1486 1248 1660 1290 apostolica
1679 1249 1802 1291 potitur
1816 1256 1846 1282 et
1864 1259 1937 1292 gau-

1280 1300 1342 1339 det,
1360 1300 1434 1333 394.

1189 1352 1304 1386 CXXX.
1333 1353 1534 1396 Approbatio
1565 1365 1621 1388 seu
1653 1355 1857 1389 confirmatio
1883 1356 1937 1389 de-

1279 1407 1356 1439 creti
1389 1417 1498 1440 sacrae
1523 1408 1785 1450 Congrcgationis
1814 1409 1937 1452 episco-

1279 1469 1394 1502 porum
1412 1466 1442 1492 ct
1460 1460 1657 1501 regularium
1677 1467 1788 1494 contra
1806 1462 1938 1495 erectio-

1279 1524 1352 1546 nem
1380 1513 1496 1546 domus
1520 1523 1576 1547 seu
1602 1521 1778 1547 conventus
1798 1515 1938 1559 Cappuc-

1280 1567 1427 1600 cinorurn
1454 1567 1485 1599 in
1511 1567 1637 1600 civitate
1662 1573 1693 1601 et
1717 1568 1822 1601 insula
1845 1569 1938 1602 Maio-

1282 1620 1409 1659 ricensi,
1430 1626 1459 1653 et
1486 1627 1678 1664 perpetuum
1704 1632 1803 1665 super
1823 1632 1857 1655 re
1881 1623 1938 1655 im-

1280 1674 1419 1716 positum
1445 1674 1621 1713 silentium,
1649 1674 1724 1707 306.

1190 1726 1316 1760 CXXXI.
1344 1727 1553 1771 Praeceptum
1572 1727 1604 1760 in
1621 1728 1807 1762 Carmelitas
1823 1728 1937 1763 Discal-

1280 1787 1387 1814 ecatos
1404 1780 1671 1823 Congregationis
1692 1781 1876 1825 Hispaniae,
1896 1793 1936 1815 ne

1280 1834 1421 1867 audeant
1438 1840 1631 1867 conventum
1646 1834 1818 1868 aedificare
1835 1835 1867 1868 in
1884 1846 1939 1879 op-

1280 1887 1356 1931 pido
1382 1888 1421 1920 de
1446 1887 1557 1921 Bilbao
1583 1887 1826 1930 Calaguritanae
1852 1889 1938 1923 dioe-

1279 1941 1332 1979 sis,
1358 1940 1431 1974 398.

1189 1995 1324 2028 CXXXII.
1349 1994 1559 2027 Confirmatio
1577 2000 1608 2027 et
1624 1995 1816 2038 approbatio
1830 1995 1938 2029 indul-

1279 2049 1459 2091 gentiarum
1490 2049 1601 2082 Ordini
1626 2049 1872 2083 Carmelitarum
1906 2056 1938 2084 et

1279 2103 1595 2136 confraternitatibus
1619 2103 1649 2135 S.
1677 2102 1861 2146 Scapularis
1885 2103 1938 2136 lia·

1279 2163 1389 2189 ctenus
1414 2166 1650 2196 concessarum,
1675 2154 1750 2188 401.

1189 2210 1341 2244 CXXXIII.
1370 2209 1517 2242 Extensio
1546 2215 1575 2242 et
1600 2209 1776 2242 declaratio
1802 2209 1932 2250 Brevis,

1279 2262 1364 2296 circa
1389 2262 1668 2295 confraternitates
1684 2262 1743 2294 sub
1764 2261 1938 2296 invocatio-

1279 2326 1319 2349 ne
1344 2316 1397 2349 SS.
1426 2315 1586 2348 Trinitatis
1610 2314 1853 2359 RedemptIOnis
1877 2315 1935 2349 Ca-

1279 2369 1439 2412 ptivorum
1461 2374 1582 2402 erectas
1597 2374 1627 2401 et
1640 2368 1810 2411 erIgendas
1824 2374 1855 2401 et
1873 2369 1935 2402 alia

1277 2432 1383 2465 nuper
1408 2427 1568 2461 emanata,
1592 2422 1632 2454 ad
1658 2421 1936 2455 confraternitates

1280 2485 1297 2507 a
1323 2474 1471 2507 ministro
1501 2473 1643 2516 generali
1669 2480 1700 2507 et
1724 2480 1936 2518 procuratore

1278 2527 1421 2569 generali
1461 2527 1725 2569 Congregationis
1762 2527 1934 2571 Hispaniae

1277 2582 1412 2614 fratrum
1426 2580 1697 2614 Discalceatorum
1716 2580 1792 2614 dicti
1806 2580 1934 2614 Ordinis

1278 2640 1400 2667 erectas
1425 2640 1455 2666 et
1480 2634 1662 2677 erigendas,
1684 2644 1757 2667 cum
1783 2633 1933 2667 omnibus

2273 2199 2279 2206 .
2270 2055 2279 2182 ..nu
2262 1279 2279 2047 *ψ
2257 0 2279 1270 ,ωψᾎψ-ε--ι-*μξμ
