2279 3260
219 224 269 252 An.
291 224 320 252 C.
340 224 407 253 167ss

259 1444 269 1470 S
287 1444 302 1464 ἱ.
322 1443 351 1463 De
366 1448 414 1463 con-

451 216 516 250 678
990 224 1169 249 nontamen
1193 223 1344 250 nonauun
1928 221 1978 249 An.
1994 221 2023 250 c.
2044 221 2112 250 1676

414 279 530 317 quatur
554 284 648 317 grave
674 274 906 307 detrimentum
932 272 1071 315 regulari
1095 272 1148 304 ob-

414 327 600 367 servantiae,
619 328 667 360 vel
689 327 713 360 si
739 327 843 367 minis,
865 325 1146 370 publicationibus,

415 379 600 420 fraudibus,
627 386 680 412 aut
703 381 765 414 alio
790 380 888 412 simili
913 378 1008 411 modo
1034 386 1150 419 procu-

414 437 487 465 rent
509 432 601 465 alteri
627 432 767 466 officinm
792 433 875 464 intra
898 432 947 464 vel
964 435 1052 463 extra
1076 427 1149 460 reli-

416 485 563 527 gionem,
590 491 643 517 aut
666 486 693 518 si
718 484 879 528 accipiant
913 482 1068 526 pecunias
1099 482 1148 513 vel

415 548 483 570 rem
509 538 684 581 pretiosam
705 539 745 571 ad
765 538 828 570 hoc
845 542 879 569 ut
897 537 1014 569 faciant
1030 536 1079 568 vel
1097 545 1150 566 ex-

416 590 548 632 pediant
573 590 695 633 aliquid
724 590 811 632 qnod
829 589 952 621 ratione
977 587 1073 620 officii
1098 597 1150 619 ex-

417 643 529 685 pedire
562 648 735 682 tenentur;
769 647 911 674 ceterum
944 646 1007 672 tani
1038 644 1150 671 contra

417 700 541 737 patrem
566 695 759 736 generalem,
795 704 889 736 qnam
926 697 1037 725 contra
1071 691 1150 723 alios

417 747 576 789 praelatos
601 752 629 779 et
657 745 811 778 officiales
828 746 866 777 ad
885 750 1009 777 certum
1026 749 1152 786 tempus

418 799 573 831 canonice
599 799 727 838 electos,
747 797 932 830 definitores
959 796 996 828 ad
1022 800 1152 827 senten-

418 851 493 883 tiam
512 851 724 894 depositionis
742 849 874 882 minime
888 848 1077 893 procedant,
1090 846 1151 880 nisi

418 906 506 947 prius
533 914 569 936 ex
595 904 671 936 actis
695 902 839 945 legitime
857 906 983 935 constet
1000 900 1154 943 respecti-

418 967 453 988 ve
472 956 511 988 de
534 955 640 988 causis
657 955 804 998 superins
823 954 994 998 expressis,
1014 953 1063 985 vel
1083 952 1153 984 aliis

419 1019 501 1051 quae
519 1019 554 1041 ex
573 1008 736 1040 canonicis
751 1007 969 1040 sanctionibus
987 1012 1019 1038 et
1035 1005 1164 1038 nostris

420 1060 703 1093 constitutionibus
728 1060 767 1092 ad
792 1059 1030 1103 depositionem
1053 1058 1155 1103 requi-

421 1118 547 1145 runtur.

441 1192 578 1221 nuscum:
600 1200 693 1221 carui·
714 1191 796 1220 XLII.
822 1208 855 1211 —
885 1190 922 1219 Si
944 1190 1017 1229 quis
1038 1189 1135 1218 huius

482 1239 618 1269 Ordinis
641 1240 744 1269 frater
765 1249 838 1268 esse
860 1238 1012 1273 voluerit,
1034 1242 1095 1267 etc.

423 1307 518 1345 Caput
538 1315 606 1335 an.
639 1324 669 1326 —
702 1305 741 1335 Dc
771 1304 958 1341 novitiate'bus,
991 1304 1155 1342 receptione,

483 1354 640 1383 educatione
660 1358 684 1382 et
705 1353 897 1392 approbatione
917 1353 1091 1381 novitiorum.

469 1440 490 1463 1.
511 1429 605 1461 Pater
625 1428 795 1471 generalis,
814 1438 887 1460 cum
904 1437 1066 1460 consensu
1083 1437 1158 1470 pro-

233 1471 328 1490 irmibnz
341 1476 359 1489 in
371 1474 416 1494 qni·
447 1482 452 1487 .

233 1498 271 1517 hus
310 1495 413 1515 educandi

233 1525 280 1544 §nul
294 1522 374 1543 novitii.

426 1481 579 1521 vmcialis,
606 1482 638 1513 in
664 1481 807 1524 qualibet
823 1480 988 1523 provincia
1012 1479 1160 1522 designet

426 1535 539 1567 domos
557 1533 751 1566 novitiorum
765 1533 962 1566 necessarias
973 1543 1031 1575 pro
1043 1533 1160 1565 educa-

426 1588 514 1619 tione
539 1586 753 1625 noviti0rum3
776 1591 807 1618 et
831 1596 960 1628 semper
976 1585 1040 1617 sint
1055 1595 1159 1627 segre-

426 1645 517 1681 gatae
535 1650 552 1671 a
570 1639 751 1682 frequentia
776 1644 807 1670 et
832 1648 990 1670 concursu
1017 1638 1160 1670 saecula-

426 1692 522 1732 rium,
555 1698 587 1724 et
618 1692 718 1724 semel
751 1691 936 1733 designatae
967 1701 1033 1723 non
1061 1690 1160 1723 relin—

427 1750 568 1787 quantur
598 1745 665 1777 sine
697 1744 784 1786 gravi
819 1746 924 1775 causa.
946 1743 1080 1776 Ministri
1105 1754 1161 1775 au-

427 1803 493 1830 tem
517 1798 675 1830 dictarum
701 1797 874 1829 domorum
894 1797 1071 1838 prudentes
1096 1796 1160 1828 sint

427 1857 457 1883 et
483 1850 704 1890 observantes,
731 1854 763 1881 et
788 1849 841 1891 qui
873 1849 937 1881 iam
962 1849 1082 1881 fuerint
1106 1849 1159 1892 (si

426 1902 495 1935 fieri
535 1903 664 1945 possit)
704 1901 849 1943 magistri
883 1901 1077 1935 novitiorum
1111 1903 1160 1934 vel

426 1956 659 1998 professorum.

473 2019 506 2041 ΕΙ.
525 2008 680 2040 Similiter
696 2013 790 2050 pater
807 2007 969 2049 generalis
986 2008 1082 2050 eligat
1098 2020 1162 2041 ma-

427 2061 560 2103 gistrum
589 2060 783 2092 novitiorum
816 2070 887 2091 cum
919 2060 1055 2093 consilio
1087 2072 1163 2103 pro-

425 2113 570 2145 vincialis
600 2123 660 2155 pro
686 2112 774 2143 cuius
808 2112 973 2154 provincia
1004 2113 1184 2155 eligattir,*

427 2171 458 2198 ct
482 2166 522 2197 sit
545 2175 685 2208 persona
711 2164 901 2207 spiritualis,
927 2166 1080 2208 prudens,
1106 2167 1163 2199 do-

426 2223 478 2251 cta
498 2223 530 2250 et
558 2223 675 2260 potens
696 2217 816 2249 viribus
847 2218 885 2249 ad
918 2217 1060 2260 rigorem
1081 2219 1162 2252 vitae
1183 2226 1184 2244 1

426 2271 605 2304 communis
630 2269 867 2302 sustinendum.

469 2334 516 2356 111.
545 2322 737 2365 Superiores
764 2328 877 2354 curent
903 2323 991 2365 qnod
1017 2322 1162 2365 religiosi

425 2377 656 2409 conventuales
680 2375 888 2408 novitiatunm
906 2375 970 2408 sint
995 2376 1086 2409 valde
1112 2376 1163 2409 ob·
1183 2370 1185 2381 ¹

425 2434 590 2462 servantes
615 2433 647 2461 et
672 2429 888 2470 exemplares.

470 2494 511 2515 iv.
539 2481 656 2514 Omnes
677 2480 788 2514 novitii
815 2480 923 2513 statim
956 2491 993 2513 ac
1017 2486 1163 2513 sanctum

425 2542 556 2568 nostrae
581 2533 749 2576 religionis
775 2533 918 2565 habitum
949 2533 1161 2576 susceperint,

425 2589 627 2621 deducantur
663 2588 700 2619 ad
738 2586 927 2619 novitiatum
966 2586 1023 2617 >ub
1059 2588 1163 2629 poenit

1190 271 1294 312 gravis
1319 272 1432 315 cnlpae
1468 272 1644 316 infligenda
1675 270 1836 314 superiori
1867 269 1920 314 qui

1191 324 1263 356 illos
1287 325 1475 357 detinuerit.

1234 387 1255 409 1.
1283 377 1352 409 Non
1372 377 1580 410 admittantur
1604 378 1643 410 ad
1667 382 1811 410 nostrum
1836 376 1924 409 habi·
1959 386 2002 416 5⁴².
2023 386 2116 413 nepor-

1192 435 1255 462 tnm
1275 430 1343 472 {qni
1368 429 1586 463 infirmitatem
1610 431 1832 473 contagiosum
1860 418 2053 462 namatii?
2079 413 2115 459 Ἓξ

1191 481 1298 521 beant,
1313 492 1372 514 nee
1388 482 1441 525 qui
1467 482 1508 514 sit
1531 483 1582 515 vel
1602 482 1699 515 fuerit
1715 482 1920 526 mancipium,
1933 467 2118 512 {ffffl'ssabmffi

1193 544 1251 565 nec
1275 534 1330 576 qui
1351 535 1506 567 saeculari
1523 539 1612 567 veste
1630 535 1757 567 indutus
1775 539 1924 567 nostrum

1194 585 1336 618 habitum
1361 586 1499 629 petierit,
1518 586 1543 618 si
1563 585 1661 618 fuerit
1676 586 1839 628 professus
1865 585 1926 628 (si-

1192 649 1228 670 ve
1253 639 1356 671 valide
1381 639 1446 671 sive
1472 639 1624 681 invalide)
1643 638 1674 670 in
1703 638 1764 671 alia
1780 648 1925 681 quacum-

1194 701 1254 733 que
1280 691 1439 733 religione
1468 692 1517 723 vel
1547 690 1800 733 congregatione
1824 689 1926 723 nostri

1193 743 1330 783 Ordinis,
1355 743 1442 775 verbi
1461 743 1561 785 gratia
1585 743 1616 775 in
1634 742 1780 786 patribus
1805 742 1926 775 nostris

1193 796 1365 836 Calceatis,
1392 801 1446 828 aut
1471 795 1567 829 etiam
1592 796 1625 828 in
1650 795 1855 828 Discalceatis
1878 796 1928 828 vel

1195 848 1389 881 Reformatis
1413 848 1557 881 eiusdem
1583 847 1712 880 Ordinis
1735 857 1800 880 non
1825 847 1929 880 subdi-

1196 902 1234 934 tis
1260 907 1389 934 nostrac
1414 899 1648 940 iurisdictioni3
1674 910 1735 933 nec
1761 899 1856 932 etiam
1879 900 1930 933 ad-

1196 954 1339 986 mittatur
1355 954 1549 997 neophytus,
1568 963 1628 985 nec
1647 952 1698 996 qui
1725 952 1931 985 descenderit

1197 1016 1254 1048 per
1278 1006 1395 1038 lineam
1416 1011 1536 1038 rectam
1561 1005 1615 1048 (in
1640 1005 1785 1048 quolibet
1809 1005 1929 1048 gradu.)
2044 1012 2061 1026 ·

1197 1070 1214 1091 a
1237 1058 1371 1097 iudaeis,
1398 1057 1578 1098 haereticis,
1598 1058 1716 1090 mauris
1740 1058 1789 1090 vel
1814 1057 1932 1090 mauri-

1198 1111 1279 1151 ticis,
1316 1121 1374 1144 nec
1409 1111 1507 1150 ullus,
1541 1110 1631 1142 cuius
1663 1110 1931 1153 praedecessores

1197 1175 1255 1206 per
1279 1164 1398 1196 lineam
1419 1164 1513 1196 etiam
1538 1169 1669 1202 rectam,
1683 1173 1719 1195 ac
1735 1162 1768 1195 in
1786 1162 1932 1205 quolibet

1198 1216 1293 1249 etiam
1318 1216 1428 1258 gradu,
1451 1216 1492 1248 ob
1517 1215 1672 1254 haeresis,
1697 1215 1746 1247 vel
1770 1214 1932 1253 iudaismi,

1198 1270 1247 1302 vel
1271 1274 1376 1301 sectae
1401 1268 1649 1300 mahometanae
1675 1267 1810 1299 crimina
1827 1266 1934 1309 puniti

1199 1320 1296 1353 fuerit
1314 1320 1351 1352 ab
1374 1320 1556 1352 haereticae
1577 1318 1742 1362 pravitatis
1767 1318 1935 1361 inquisito-

1201 1373 1303 1405 ribus.
1329 1371 1418 1410 Quod
1443 1372 1469 1404 si
1495 1371 1610 1414 aliquis
1638 1382 1674 1404 ex
1701 1370 1793 1403 dictis
1819 1370 1852 1403 in
1873 1371 1934 1403 hac

1201 1426 1449 1464 constitutione,
1474 1426 1584 1458 celans
1616 1424 1746 1467 aliquod
1778 1435 1815 1457 ex
1845 1434 1936 1467 prae-

1202 1479 1336 1511 narratis
1358 1478 1608 1521 impedimentis,
1634 1477 1871 1520 professionem
1893 1478 1936 1509 t:-

1202 1532 1281 1564 cerit
1297 1531 1383 1575 apud
1401 1533 1471 1570 nos,
1494 1530 1600 1563 statim
1620 1540 1655 1562 ac
1680 1530 1850 1572 detegatur
1873 1529 1936 1563 tate

1203 1584 1476 1628 impedimentum,
1514 1583 1673 1623 efficiatur,
1710 1583 1787 1626 quia
1820 1582 1935 1625 religio

1203 1648 1267 1670 non
1286 1642 1430 1680 praestat
1447 1647 1541 1669 suum
1559 1646 1751 1669 consensum
1776 1636 1814 1668 ad
1840 1637 1937 1669 talem

1203 1690 1452 1733 professionem.
1472 1688 1675 1732 Quapropter
1691 1699 1805 1721 omnes
1822 1688 1855 1721 in
1880 1699 1938 1731 pu-

1204 1743 1288 1775 blico
1324 1752 1433 1775 coram
1469 1741 1700 1774 communitate
1744 1747 1939 1773 moneantur

1204 1801 1277 1828 ante
1296 1794 1515 1837 receptionem
1533 1793 1674 1833 habitus,
1694 1799 1725 1826 et
1749 1793 1843 1827 etiam
1865 1799 1938 1826 ante

1204 1847 1449 1891 professionem,
1476 1846 1563 1889 quod
1594 1846 1620 1878 si
1655 1845 1778 1878 habent
1807 1846 1938 1888 aliquod

1205 1910 1240 1932 ex
1266 1898 1506 1942 impedimentis
1530 1898 1563 1930 in
1587 1898 1650 1930 hoc
1678 1908 1814 1930 numero
1847 1908 1938 1930 enar-

1205 1952 1293 1992 ratis,
1312 1951 1473 1994 professio
1492 1950 1634 1992 (etiamsi
1652 1949 1728 1993 fiat)
1754 1950 1892 1983 invalida
1908 1956 1937 1983 et

1206 2006 1293 2037 nulla
1317 2010 1376 2044 est,
1403 2003 1547 2047 quamvis
1571 2003 1716 2046 pluribus
1732 2003 1823 2035 annis
1839 2003 1871 2035 in
1889 2014 1939 2036 re-

1206 2057 1324 2099 ligione
1343 2056 1417 2088 sint.
1431 2056 1648 2088 Admonemus
1666 2061 1770 2088 tamen
1789 2056 1828 2088 ad
1846 2066 1940 2098 prae-

1206 2111 1322 2142 dictam
1349 2108 1543 2141 cieetionem
1560 2108 1697 2150 professi
1715 2108 1849 2151 procedi
1875 2119 1939 2141 non

1207 2174 1298 2206 posse
1334 2162 1396 2194 nisi
1431 2161 1515 2194 infra
1551 2160 1806 2203 quinquennium
1839 2172 1857 2193 a
1888 2162 1940 2195 die

1206 2214 1416 2259 professionis
1432 2241 1439 2254 ‚
1468 2219 1499 2246 et
1524 2213 1669 2245 deductis
1702 2213 1808 2246 causis
1833 2224 1941 2247 coram

1183 2277 1184 2284 ¹
1206 2268 1374 2311 superiore
1396 2277 1453 2299 suo
1472 2271 1502 2298 et
1519 2265 1700 2305 Or—dinari0,
1724 2266 1764 2299 ad
1780 2267 1942 2309 praescri-

1205 2327 1294 2364 ptum
1320 2319 1403 2352 sacri
1427 2317 1562 2352 Concilii
1579 2318 1771 2358 Tridentini,
1791 2319 1876 2362 qnod
1902 2330 1939 2352 ex

1206 2373 1367 2406 sententia
1383 2381 1494 2405 sacrae
1514 2371 1783 2414 Congregationis
1800 2372 1942 2406 vindicat

1206 2426 1266 2459 sibi
1291 2427 1398 2459 locum
1421 2434 1487 2456 non
1511 2423 1607 2456 modo
1637 2424 1768 2466 quando
1793 2424 1939 2458 subditus

1206 2480 1273 2512 vult
1290 2479 1450 2512 deducere
1468 2487 1579 2508 causas
1597 2476 1753 2509 nullitatis
1770 2487 1847 2510 snae
1867 2488 1942 2521 pro—

1207 2532 1366 2571 fessionis,
1379 2530 1435 2563 sed
1450 2530 1545 2562 etiam
1563 2530 1692 2572 qnando
1710 2531 1860 2573 superior
1875 2533 1943 2565 vult

1207 2586 1296 2618 illuni
1308 2585 1425 2618 eiicere
1438 2589 1596 2628 tamquam
1609 2583 1739 2617 nulliter
1748 2586 1941 2629 professum.
