2279 3260
142 240 194 270 Ᾰιι.
215 243 246 269 C.
262 239 331 271 1670

290 1303 297 1306 ·
335 1295 546 1332 statuensque
573 1288 755 1322 tirmiterse
770 1289 802 1321 iu
822 1295 986 1331 posterum
1005 1290 1073 1326 (ob-

185 2247 279 2268 cumane
303 2248 327 2269 lx

144 2275 230 2298 tetum...
240 2278 325 2295 rte-*mu-

145 2307 206 2327 μμκκ
219 2304 238 2320 et
255 2308 277 2327 pr

146 2330 173 2347 atl
203 2329 256 2347 hiun-
281 2329 318 2348 ets-¹

146 2357 200 2374 ctum
216 2354 297 2375 indicit.

281 2293 456 2325 uwsctitatis
483 2295 728 2326 eoruscantilms
765 2295 885 2337 signis,
918 2306 1012 2338 quam
1044 2296 1074 2328 in

960 239 1102 265 CLEMENS
1125 241 1143 265 X
1168 241 1215 265 ΡΡ.

336 290 539 324 hebdomada
564 290 688 323 haustis
714 290 858 333 pluribus
884 289 1066 328 mensuris,
1090 293 1092 316 ἓ

334 353 393 387 pro
418 342 574 375 ecclesiae
588 347 619 375 et
635 341 823 375 monasterii
842 341 953 374 usibus
969 351 1069 384 usque

334 395 374 427 ad
399 395 515 428 festum
538 394 720 427 Nativitatis
746 394 872 427 Domini
899 394 1069 433 sufficeret,

335 457 394 480 nec
429 447 617 480 imminutus
650 453 697 479 est
727 447 872 490 lecythus
905 457 1007 489 usque
1032 446 1095 481 ad.

335 511 450 533 novam
476 499 508 532 in
534 500 698 533 decembri
725 500 901 539 (deitatem,
920 510 982 542 quo
1007 498 1072 541 qui-

336 553 407 586 dem
432 553 505 586 oleo
531 553 573 585 ita
597 552 810 596 multiplicato
828 554 921 596 plura
943 551 1073 584 mirabi-

337 606 376 639 lia
402 611 526 649 patrata
552 606 651 638 suere.

380 658 566 700 Magdalena
592 658 712 700 Angela
727 658 856 697 Gorina,
875 656 1022 690 monialis
1040 656 1070 688 in

336 712 495 745 coenobio
527 711 731 743 lllurattarum
769 710 960 750 Florentiae,
1001 719 1071 741 cum

337 774 396 807 per
427 764 592 796 biennium
629 764 660 795 iu
693 765 788 796 oculo
821 764 932 796 dextro
958 763 1071 794 morbo

337 822 446 857 guttae
472 827 604 849 serenae
629 822 739 849 vexata
764 816 884 855 suisset,
899 815 942 847 ita
957 820 991 846 ut
1008 815 1070 847 iam

338 870 404 902 sere
429 880 556 902 omnem
574 869 702 902 ridendi
720 869 782 901 vim
801 868 964 906 amiserit,
991 872 1020 899 et
1039 867 1070 900 iu

337 924 426 955 laevo
453 922 548 954 etiam
575 922 747 954 notabilem
772 920 1020 953 diminutionem
1042 931 1073 953 e-

337 975 461 1007 iusdem
488 974 650 1017 potentiae
676 974 888 1016 experiretur,
906 984 977 1005 cum
1003 974 1073 1016 plu-

337 1027 424 1059 ribus
450 1026 603 1059 adhibitis
629 1026 850 1058 curationibus
876 1026 981 1058 adhuc
1007 1036 1073 1057 ma-

336 1079 384 1120 gis
407 1079 494 1111 visus
520 1079 575 1111 ille
601 1078 868 1115 inuninueretur,
895 1078 1071 1121 desperans

336 1132 375 1164 de.
400 1131 485 1164 omni
513 1131 654 1163 humano
680 1131 842 1169 remedio,
870 1131 984 1163 beatae
1011 1130 1073 1162 Ma—

335 1184 401 1219 riae
426 1184 631 1226 Magdalenae
649 1184 794 1216 invocato
816 1183 960 1223 nomine,
988 1184 1073 1215 eius-

335 1247 396 1279 que
421 1238 526 1270 velum
562 1237 620 1269 sibi
656 1237 873 1268 transmissum
904 1236 1070 1275 retinens,

335 1344 422 1375 tenta
447 1342 663 1374 restitutionis
687 1342 771 1374 visus
797 1342 920 1385 gratia)
950 1342 1073 1374 ieiuna·
1094 1364 1095 1370 1

335 1400 436 1427 turam
461 1395 492 1427 in
519 1405 601 1438 pane
627 1401 656 1427 et
683 1397 765 1438 aqua
790 1395 823 1426 in
849 1395 917 1427 eius
935 1396 1073 1438 pervigi-

335 1448 378 1481 lio
403 1454 434 1480 et
459 1454 639 1480 curaturam
665 1448 781 1479 missae
808 1448 1072 1489 celebrationem,

335 1511 407 1533 eum
433 1506 606 1543 argenteae
632 1500 781 1543 imaginis
807 1501 1008 1543 appensione
1034 1502 1097 1534 adt

336 1553 404 1585 eius
429 1553 657 1596 sepulchrum,
685 1564 756 1584 cum
782 1555 848 1585 tota
873 1559 967 1585 nocte
986 1564 1075 1586 acer-

335 1606 384 1637 bis
409 1606 576 1638 doloribus
602 1606 742 1639 cruciata
769 1606 882 1639 suisset
900 1613 931 1639 et
954 1608 1075 1650 paulis-

336 1669 395 1701 per
420 1659 606 1701 quievisset,
633 1660 876 1702 expergesacta,
903 1670 936 1691 se
958 1661 1074 1692 utrius-

337 1721 399 1754 que
425 1712 511 1745 oculi
535 1712 665 1745 visivam
686 1713 835 1746 virtutem
864 1723 1073 1756 recuperasse

336 1764 570 1796 intercessione
604 1761 751 1798 eiusdem
783 1765 914 1807 virginis
945 1772 1076 1809 experta

338 1823 405 1856 cst,
433 1817 520 1860 quod
555 1818 703 1860 expedita
737 1818 875 1850 lectione
901 1819 953 1861 (ad
981 1830 1074 1862 quam

337 1875 410 1902 aute
435 1871 566 1902 omnino
605 1871 763 1914 impotens
800 1873 889 1913 erat)
916 1872 1075 1904 abbatissa

337 1922 442 1965 ipsius
468 1924 747 1966 comprobavit‚et
772 1924 888 1956 flebitis
913 1924 978 1956 Deo
1004 1935 1075 1967 per-

338 1975 449 2009 s'olutis
475 1974 628 2017 gratibus,
655 1977 866 2019 eiusdemque
890 1977 1003 2009 Beatae
1025 1987 1076 2019 ap-

338 2028 458 2070 plicato
492 2030 564 2061 velo
591 2029 690 2061 visum
729 2030 830 2071 magis
867 2030 1074 2062 corroborari

339 2080 448 2120 sensit,
475 2082 562 2123 quod
588 2082 695 2114 divina
721 2083 836 2115 virtute
861 2093 956 2125 supra
987 2088 1078 2115 natu-

340 2144 394 2166 rae
419 2134 503 2167 vires
528 2140 685 2177 operante
707 2141 813 2167 artum
841 2136 937 2167 fuisse
958 2136 1075 2169 medici

340 2193 555 2229 agnoscentes
581 2188 685 2220 testati
711 2194 796 2221 suut.

384 2240 439 2272 llis
460 2246 492 2273 et
516 2240 586 2273 aliis
612 2252 710 2284 supra
736 2242 893 2274 enarratis
920 2243 987 2274 cius
1005 2253 1076 2275 san-

341 2346 437 2378 eaelis
463 2347 543 2379 adeo
568 2352 734 2389 acceptam
761 2348 887 2379 divinae
919 2349 1075 2381 maiestati

341 2403 507 2441 patronam
534 2400 673 2432 humana
697 2400 864 2433 infirmitas
888 2402 1077 2443 experieba—

341 2459 403 2491 tur,
429 2452 660 2484 accedentibus
686 2453 819 2496 insuper
855 2454 1012 2486 carissimi
1045 2455 1075 2487 in

340 2504 469 2536 Christo
494 2504 550 2537 lilii
576 2506 696 2545 nostri,
723 2511 798 2538 tuuc
823 2507 889 2545 sui,
920 2507 1075 2550 Leopoldi

342 2558 562 2589 ltomauorum
589 2559 673 2600 regis
702 2559 733 2590 in
759 2560 988 2602 i1upc1·atorem
1012 2563 1076 2594 cle—
1097 2575 1099 2587 ·

342 2613 392 2652 cti,
420 2618 451 2644 et
478 2611 715 2645 carissimarum
737 2613 768 2645 in
791 2614 920 2646 Christo
938 2614 1076 2647 filiarum

1113 289 1274 331 Augustae
1300 289 1385 322 illius
1411 290 1577 332 coniugis,
1612 300 1738 323 necnon
1763 291 1848 323 chri-

1112 341 1327 375 stianissimae
1360 341 1534 375 Galliarum
1561 343 1713 385 reginae,
1740 354 1775 375 ac
1802 343 1848 375 ‹li-

1113 394 1187 426 lecti
1212 394 1268 428 filii
1295 395 1420 435 nostri,
1449 400 1525 427 tunc
1549 395 1616 435 sui,
1643 396 1758 428 nobilis
1790 396 1846 428 viri

1115 446 1306 479 Ferdiuandi
1332 447 1479 479 Etruriae
1506 447 1566 479 sibi
1593 447 1755 480 subiectae
1785 458 1849 479 ma-

1114 499 1166 541 gui
1201 500 1291 532 ducis
1315 505 1347 531 et
1371 499 1507 533 dilectae
1544 499 1573 531 iu
1607 499 1733 532 Christo
1764 500 1848 532 filiae

1115 552 1269 585 Victoriae
1302 553 1340 585 de
1366 552 1489 585 Rovei'c
1526 562 1660 593 magnae
1701 553 1849 585 ducissae

1115 605 1269 643 Etruriae,
1291 609 1324 637 et
1344 604 1482 637 aliorum
1505 604 1737 637 catholicorum
1763 605 1851 648 prin—

1115 657 1222 699 cipum
1246 657 1312 689 sere
1331 657 1488 697 omnium,
1514 662 1543 689 et
1563 657 1707 689 universi
1726 657 1853 689 Carme-

1115 709 1242 742 litarum
1268 710 1397 743 Ordinis
1422 715 1454 742 et
1477 709 1665 743 monialium
1684 709 1714 742 S.
1736 709 1851 743 Mariae

1117 763 1312 805 Angelorum
1337 764 1498 806 precibus,
1524 763 1641 806 quibus
1667 763 1697 795 id
1725 774 1741 795 a
1767 763 1852 795 dicto

1114 815 1276 847 Clemente
1303 815 1552 858 praedecessore
1574 817 1699 847 summa
1720 825 1792 847 cum
1811 815 1854 846 iu-

1115 868 1230 900 stantia
1256 868 1470 911 expetebant,
1497 868 1613 900 auditis
1646 867 1779 910 insuper
1804 878 1854 899 re-

1117 920 1309 952 uerabilium
1331 920 1463 952 fratrum
1483 925 1681 960 nostrorum,
1695 925 1771 952 tuuc
1786 930 1855 952 suo-

1116 983 1202 1012 rum,
1229 972 1260 1005 S.
1289 972 1325 1004 R.
1353 972 1384 1004 E.
1411 973 1645 1013 cardinaliumy
1672 973 1790 1016 quibus
1822 973 1852 1004 id

1116 1026 1259 1059 muueris
1285 1026 1493 1059 commissum
1521 1027 1629 1065 suerat,
1656 1026 1739 1058 votis
1765 1031 1796 1058 et
1821 1037 1855 1057 u-

1117 1078 1235 1111 nanimi
1260 1089 1419 1112 consensu
1435 1106 1442 1119 ‚
1475 1080 1642 1122 relataque
1669 1079 1700 1111 in
1726 1085 1855 1112 secreto

1116 1131 1311 1164 consistorio
1329 1142 1388 1174 per
1412 1131 1632 1164 venerabilem
1651 1132 1780 1164 fratrem
1800 1142 1857 1164 no-

1117 1190 1231 1225 s2rum‚
1259 1189 1336 1216 tunc
1361 1195 1465 1223 suum,
1493 1184 1638 1217 Martium
1668 1184 1855 1228 episcopum

1119 1237 1329 1269 portuensem
1364 1242 1397 1269 et
1419 1237 1450 1269 S.
1479 1237 1623 1270 Ruffinae
1658 1238 1856 1270 cardinalem

1117 1290 1280 1323 Ginettum
1306 1290 1405 1323 totius
1432 1293 1557 1323 summa
1582 1301 1775 1334 processus,
1801 1302 1857 1323 au-

1119 1344 1291 1376 uueutibus
1324 1349 1355 1376 et
1391 1345 1650 1387 approbantibus
1684 1344 1755 1376 aliis
1781 1350 1856 1376 tune

1117 1397 1341 1439 praesentibus
1366 1397 1596 1437 cardinalibus,
1623 1398 1744 1430 indicta
1770 1398 1856 1431 suere

1117 1450 1156 1481 ab
1182 1449 1298 1482 eodem
1323 1449 1488 1483 Clemente
1520 1451 1773 1493 praedecessore
1801 1461 1857 1484 no-

1118 1508 1181 1535 stro
1208 1508 1363 1535 consueta
1392 1503 1529 1544 ieiunia,
1563 1504 1791 1547 eleemosynae
1826 1510 1859 1537 et

1119 1565 1241 1597 preces,
1268 1560 1301 1587 ut
1326 1555 1357 1587 in
1383 1556 1462 1588 tanti
1484 1556 1636 1599 ponderis
1656 1556 1792 1599 negocio
1812 1557 1858 1590 di-

1119 1607 1207 1640 vinae
1234 1608 1407 1642 voluntatis
1421 1608 1662 1652 beneplacitum
1678 1609 1796 1642 elarius
1814 1609 1858 1641 in-

1119 1666 1309 1693 notesceret.
1348 1661 1557 1694 Postmodum
1584 1661 1616 1693 in
1642 1661 1856 1705 semipublico

1117 1715 1310 1747 consistorio
1335 1714 1500 1748 accersitis
1531 1715 1751 1748 cardinalibus
1767 1742 1774 1755 ,
1802 1726 1857 1758 pa-

1120 1766 1279 1805 triarchis,
1299 1765 1554 1809 archiepiscopis
1575 1771 1604 1798 et
1626 1766 1785 1809 episcopis
1803 1767 1856 1808 (de

1119 1829 1256 1861 quorum
1282 1829 1420 1851 numero
1439 1824 1515 1850 tune
1533 1820 1685 1862 eramus),
1704 1829 1859 1862 praesen-

1120 1871 1269 1914 tibusque
1300 1871 1391 1904 Sedis
1419 1872 1621 1915 Apostolicae
1659 1872 1795 1904 notariis
1827 1877 1858 1904 et

1119 1934 1285 1956 causarum
1310 1925 1419 1967 palatii
1446 1925 1614 1967 apostelici
1644 1925 1856 1968 auditoribus,

1120 1977 1259 2018 peractis
1283 1977 1434 2009 omnibus
1460 1988 1543 2020 quae
1568 1977 1606 2010 a'tl
1635 1978 1717 2010 hanc
1749 1988 1858 2010 sacro-

1120 2035 1262 2062 sanctam
1291 2030 1488 2063 functionem
1515 2041 1550 2063 ex
1578 2036 1762 2063 sanctorum
1796 2042 1855 2074 pa—

1121 2087 1203 2115 trum
1221 2083 1422 2123 auctoritate,
1442 2093 1607 2115 sacrorum
1626 2094 1785 2115 canonum
1806 2085 1860 2117 de-

1120 2137 1228 2177 cretis,
1255 2136 1286 2169 S.
1318 2137 1355 2169 R.
1383 2137 1416 2169 E.
1445 2137 1577 2180 antiqua
1606 2138 1855 2177 consuetudine,

1120 2200 1342 2232 novorumque
1369 2190 1572 2223 decretorum
1592 2191 1790 2233 praescripto
1810 2201 1859 2222 re-

1767 231 1808 266 19
1855 241 1892 266 An
1925 240 1952 266 c.
1969 237 2040 267 1870

1120 2243 1343 2286 quirebantur,
1366 2242 1527 2275 dominica
1546 2243 1609 2278 die.
1628 2254 1710 2286 quae
1732 2249 1802 2276 erat
1827 2254 1857 2276 tv
1895 2253 2051 2280 samu-»san-

1868 2284 1946 2300 ciorum

1972 2282 2052 2300 catala-

1121 2296 1274 2329 kalendas
1293 2296 1382 2335 maii,
1401 2295 1610 2339 pontificatus
1636 2296 1683 2328 sui
1709 2307 1793 2329 auno
1819 2307 2055 2359 11,Ιμὲῑὶῒι1ξᾞψτιέμιιηὶξιῆ

1905 2342 1907 2351 ,
1939 2342 1943 2351 ,
1988 2341 2012 2352 ,,,,

1121 2350 1152 2381 in
1188 2349 1402 2382 celeberrimo
1434 2349 1592 2392 Principis
1627 2351 1855 2393 Apostolorum
1870 2361 2020 2386 ipone-stum.

1121 2403 1250 2445 templo,
1277 2402 1414 2435 solemni
1440 2402 1515 2441 ritu,
1533 2413 1603 2434 eum
1626 2403 1768 2435 eiusdem
1786 2414 1859 2435 sau-

1120 2461 1188 2488 ctae
1202 2455 1364 2488 Romanae
1382 2455 1544 2487 Ecclesiae
1562 2456 1789 2496 cardinalibus,
1808 2467 1859 2499 pa-

1121 2508 1279 2548 triarchis,
1306 2508 1560 2551 archiepiscopis
1579 2514 1611 2541 et
1636 2509 1805 2552 episcopis,
1824 2520 1860 2541 ac

1120 2562 1246 2594 dilectis
1270 2562 1344 2594 siliis
1370 2562 1532 2594 Romanae
1558 2562 1663 2594 curiae
1694 2562 1856 2604 praelatis,

1121 2615 1309 2650 officialibus
1324 2621 1355 2648 et
1372 2616 1582 2648 familiaribus
1597 2616 1671 2654 suis,
1687 2616 1773 2648 clero
1792 2625 1856 2648 sae-
