2279 3260
151 256 201 284 λη.
220 255 249 283 C.
273 254 339 283 1672

978 257 1119 282 emimus
1141 258 1159 281 x
1182 257 1231 282 pp,
1753 246 1818 280 5323
1866 255 1916 281 An.
1935 254 1963 279 c.
1984 251 2054 279 1672

344 306 375 338 in
408 306 523 350 quibus
559 306 716 340 beneficia
752 306 941 339 huiusmodi
974 306 1082 338 forsan

345 359 484 399 fuerint,
521 370 577 391 scu
611 371 627 391 a
661 358 844 402 quibusvis*
878 359 932 391 illa
963 359 1082 402 depen-

347 412 424 443 dere
443 411 625 454 contigerit,
641 417 673 444 et
690 411 854 451 Ordinum,
875 422 1009 454 quorum
1028 411 1083 443 illa

348 464 484 504 fuerint,
516 470 547 496 et
571 464 759 496 militiarum
786 474 1081 507 quarumcumque,

348 516 443 548 etiam
469 516 543 548 dicti
571 516 743 558 hospitalis
768 516 799 548 S.
820 516 948 548 loannis
973 516 1084 548 lliero-

348 568 541 612 solymitani,
562 579 690 601 necnon
710 569 886 608 civitatum,
905 568 1085 614 provincia-

348 632 427 661 rum,
451 626 611 654 terrarum
637 626 669 654 ct
685 623 829 654 locorum
856 621 1083 664 quorumlibet,

349 673 444 706 etiam
470 673 661 714 iuramento,
689 674 931 706 confirmatione
960 677 1086 716 aposto-

349 726 419 765 lica,
439 727 486 758 vel
513 727 624 769 quavis
650 726 797 758 firmitate
823 726 883 758 alia
909 725 1084 764 roboratis,

351 779 476 811 statutis
509 785 539 811 et
571 779 879 816 consuetudinibus,
912 778 1007 810 etiam
1032 777 1087 809 im-

351 832 626 872 memorabilibus,
645 832 926 864 reformationibus
948 836 980 863 et
999 830 1087 862 novis

352 885 581 924 additionibus,
598 884 699 928 stylis,
718 885 829 917 usibus
856 889 887 916 et
912 883 1088 916 ordinatio-

352 939 446 971 nibus
471 939 718 982 capitularibus,
744 938 922 982 privilegiis
950 947 1087 980 quoque,

354 992 486 1024 indultis
506 997 537 1023 et.
556 991 672 1024 litteris
692 991 878 1034 apostolicis
896 990 988 1022 Urbis
998 990 1016 1030 ²,
1038 990 1089 1022 Ca—

354 1055 476 1084 merac,
498 1045 650 1084 fabricae,
669 1044 833 1083 basilicae,
848 1043 1005 1083 ecclesiis,
1025 1053 1090 1074 mo-

354 1097 521 1139 nastcriis,
549 1097 679 1137 militiis,
709 1097 926 1140 hospitalibus
951 1101 982 1128 et
1006 1095 1090 1128 Ordi-

354 1150 449 1182 nibus
474 1150 654 1193 praedictiS,
674 1160 851 1192 eorumque
876 1148 1089 1192 praesulibus,

355 1202 577 1246 superioribus
601 1213 804 1245 quocumque
823 1201 953 1234 nomine
970 1211 1092 1233 nuncu-

356 1255 448 1298 patis,
476 1256 624 1299 capitulis
649 1260 681 1288 et
706 1255 937 1295 conventibus,
962 1264 1091 1287 necnon
1112 1268 1114 1294 g

357 1308 521 1351 quibusvis
554 1308 755 1347 civitatibus,
781 1308 974 1351 provinciis,
1001 1307 1092 1339 terris

358 1366 389 1393 et
420 1361 521 1401 locis,
552 1361 750 1404 illorumque
786 1360 1092 1400 communitatibus,

356 1414 631 1453 universitatibus,
656 1414 843 1447 bominibus
868 1420 898 1446 et
923 1414 1092 1457 personis,

358 1477 394 1499 ac
416 1467 638 1509 pedagiorui'n,
667 1467 836 1507 (latiorum,
867 1466 1090 1509 gabellarmn,

358 1520 554 1552 decimarum
571 1548 579 1561 ,
607 1520 869 1564 impositionum,
897 1525 929 1552 et
957 1520 1093 1553 aliorum

359 1583 492 1605 onerum
517 1573 760 1616 praedictorum
786 1573 1000 1613 exactoribus,
1029 1573 1116 1605 col-=

359 1627 532 1659 lectoribus
560 1632 593 1659 et
617 1627 901 1670 redemptoribus,
932 1627 1027 1659 etiam
1057 1637 1093 1658 ex

359 1680 451 1712 titulo
471 1690 620 1719 oneroso,
637 1684 668 1712 et
687 1679 850 1722 quibusvis
863 1679 941 1719 aliis,
957 1679 1014 1711 sub
1030 1679 1095 1722 qui-

1125 311 1156 338 et
1190 305 1371 349 magistris,
1405 306 1456 338 vel
1493 305 1562 338 aliis
1599 305 1858 348 quibuscurmpie

1125 358 1294 401 personis,
1318 368 1377 401 per
1404 368 1458 390 vos
1484 359 1531 390 vel
1561 362 1786 400 procuratores
1810 366 1861 388 ve-

1126 416 1208 443 stros
1235 410 1412 454 respective
1438 408 1675 453 praestiteritis,
1694 409 1742 440 vel
1762 408 1791 440 in
1810 418 1861 450 po-

1127 469 1245 495 sterum
1263 473 1319 496 vos
1337 474 1393 495 seu
1413 462 1591 506 quemlibet
1615 466 1754 494 vestrum
1774 471 1861 504 prae-

1114 522 1210 549 ¹starc
1236 517 1410 559 contigerit
1433 516 1659 555 iuramentum,
1681 525 1716 546 ac
1745 513 1862 546 litteris

1128 569 1197 611 piae
1220 569 1314 601 etiam
1330 569 1507 602 memoriae
1524 567 1694 600 Alexandri
1710 566 1813 609 Papae
1828 565 1861 597 xl

1128 622 1391 664 praedecessoris
1415 621 1539 665 pariter
1564 619 1677 660 nostri,
1696 629 1755 663 per
1773 630 1861 662 quas,

1128 675 1223 707 etiam
1250 676 1357 708 forsan
1391 680 1478 707 motu
1516 674 1630 714 simili,
1656 683 1692 705 ac
1716 683 1750 705 ex
1777 674 1865 704 certa

1128 729 1272 768 scientia,
1293 740 1328 760 ac
1346 729 1384 761 de
1403 727 1601 771 apostolicae
1616 725 1784 770 potestatis
1802 726 1865 768 ple-

1129 781 1286 822 nitudine,
1312 782 1397 814 iuter
1423 781 1483 813 alia
1510 780 1619 813 statuit
1638 785 1669 812 et
1690 779 1862 819 ordinavit,

1130 834 1215 877 quod
1241 834 1336 866 tertia
1366 845 1418 866 seu
1441 833 1500 866 alia
1522 839 1598 865 tunc
1623 843 1775 876 expressa
1792 841 1866 875 pars

1131 886 1274 918 omnium
1299 891 1329 918 et
1359 886 1561 928 singulorum
1578 885 1737 917 bonorum
1762 883 1867 916 mobi-

1131 937 1208 970 lium
1233 944 1264 970 et
1288 939 1514 979 immobilium,
1540 949 1576 970 ex
1602 937 1756 977 ecclesiis,
1783 937 1866 969 aliis-

1131 1001 1192 1032 que
1224 990 1432 1033 dignitatibus
1458 996 1489 1023 et
1518 989 1687 1022 beneficiis
1719 989 1868 1022 ecclesia-

1132 1043 1228 1083 sticis,
1250 1053 1399 1076 eorumve
1426 1043 1598 1083 fructibus,
1632 1053 1687 1074 seu
1715 1043 1792 1075 alias
1818 1053 1869 1074 ac-

1133 1096 1350 1138 quisitorum,
1384 1096 1449 1129 sive
1476 1095 1571 1128 etiam
1597 1095 1713 1127 intuitu
1740 1100 1772 1127 et
1795 1105 1870 1127 con-

1134 1149 1342 1192 templatione
1362 1159 1518 1192 personae
1545 1159 1604 1191 pro
1631 1153 1777 1191 ternpore
1799 1158 1870 1190 pro-

1134 1201 1341 1243 venientium,
1368 1202 1407 1234 de
1438 1201 1553 1244 quibus
1579 1211 1638 1244 per
1665 1211 1731 1240 eos,
1752 1200 1869 1243 quibus

1135 1255 1301 1287 facultates
1321 1254 1459 1286 testandi
1485 1263 1656 1286 cencessae
1683 1253 1820 1293 fuerint,
1838 1253 1870 1285 in

1135 1307 1390 1350 quibuscumque
1431 1306 1631 1339 testamentis
1648 1332 1655 1345 ‚
1693 1305 1872 1338 donationi-

1135 1359 1213 1398 bus,
1243 1359 1400 1392 codicillis
1436 1365 1467 1391 et
1497 1358 1568 1391 aliis
1603 1359 1723 1391 ultimis
1762 1359 1872 1391 volun-

1137 1413 1266 1453 tatibus,
1285 1413 1398 1456 quovis
1415 1413 1522 1452 niodo,
1542 1413 1637 1445 etiam
1660 1413 1698 1444 ad
1716 1412 1784 1455 pias
1803 1422 1873 1444 cau-

1136 1476 1187 1497 sas
1213 1476 1453 1509 quascumque,
1473 1472 1506 1498 et
1531 1465 1609 1498 alios
1636 1465 1740 1498 licitos
1777 1475 1871 1503 usus,

1137 1519 1231 1551 etiam
1256 1524 1425 1562 praetextu
1460 1519 1615 1551 similium
1647 1519 1870 1558 licentiarum,

1139 1573 1323 1605 facultatum
1342 1577 1371 1604 et
1394 1573 1569 1615 gratiarum
1588 1572 1634 1604 eis
1652 1583 1711 1615 pro
1729 1577 1873 1614 tempore

1138 1636 1376 1666 concessarum,
1397 1626 1506 1658 testari
1525 1636 1580 1658 seu
1600 1619 1729 1668 disponi
1750 1625 1859 1657 contin

1138 1685 1238 1721 geret,
1264 1679 1366 1712 dictae
1387 1679 1539 1712 Gamerae
1562 1689 1619 1721 pro
1638 1678 1784 1711 Cruciata
1802 1689 1874 1710 san-

359 1731 555 1775 buscumque
582 1732 752 1765 verborum
786 1732 948 1764 tenoribus
975 1737 1007 1764 et
1038 1732 1117 1764 for-¹

360 1785 430 1824 mis,
459 1795 495 1817 ac
520 1795 590 1817 cum
617 1785 780 1828 quibusvis
805 1786 899 1818 etiam
925 1779 1117 1827 derogat0-'

360 1837 477 1869 riarum
505 1838 726 1880 derogatoriis,
749 1838 884 1881 aliisque
910 1834 1116 1871 efficaciori-³

359 1890 419 1922 bus
439 1895 467 1922 et
496 1890 637 1923 insolitis
656 1891 814 1931 clausulis,
840 1901 874 1923 ac
893 1891 1094 1923 irritantibus
1115 1932 1116 1936 Ἰ

360 1949 390 1976 et
416 1944 487 1976 aliis
505 1944 654 1983 decretis,
670 1955 729 1987 per
747 1954 966 1987 quoscumque
984 1944 1095 1977 Roma·
1115 1979 1117 1993 ,

360 2007 418 2029 nos
443 1997 613 2029 Pontifices
635 1997 907 2040 praedecessores
927 2003 957 2029 ct
974 2008 1095 2029 succes·
1115 1996 1117 2051 i

359 2059 446 2081 sores
472 2055 620 2089 nostros,
646 2060 681 2081 ac
707 2061 765 2082 nos
800 2056 831 2082 et
862 2050 976 2082 Sedem
1002 2059 1117 2098 prae-t

359 2100 486 2141 dictam,
505 2102 600 2134 etiam
615 2107 711 2142 motu,
729 2102 864 2135 scientia
879 2109 909 2135 et
924 2103 1093 2145 potestatis

359 2154 561 2196 plenitudine
588 2155 734 2198 paribus,
762 2161 791 2187 et
816 2156 1093 2196 consistorialiter,

359 2217 413 2239 seu
433 2208 510 2240 alias
529 2208 774 2250 quomodolibet
794 2209 955 2241 concessis
973 2215 1004 2241 et
1024 2221 1094 2243 con-

359 2260 534 2298 cedendis,
557 2271 590 2292 ac
618 2261 712 2293 etiam
738 2261 859 2304 pluries
886 2261 1092 2302 confirmatis,

359 2313 544 2356 approbatis
571 2319 601 2345 ct
626 2313 793 2353 innovatis,
817 2315 938 2347 etiamsi
965 2316 1002 2348 de
1029 2316 1092 2348 illis

358 2366 531 2405 servandis,
554 2371 583 2398 et
604 2376 668 2398 nou
684 2367 897 2410 impetrandis
915 2368 1029 2400 litteris
1056 2380 1090 2401 a-

358 2419 524 2461 postolicis
547 2425 658 2451 contra
675 2420 738 2459 illa,
758 2421 907 2463 praefati<
934 2422 1091 2463 ecclesiis,

357 2471 584 2512 monasteriis,
616 2473 785 2505 ordinibus
811 2480 842 2506 ct
865 2474 1007 2514 militiis,
1035 2486 1090 2507 seu
1113 2470 1114 2483 ¹

358 2525 488 2557 illorum
519 2526 744 2568 praesulibus,
778 2517 1114 2563 adn‘iiuistratoribusf

390 2596 403 2621 ’1
427 2595 517 2622 Potius
537 2595 595 2630 lege
614 2596 715 2630 quibus
735 2606 783 2631 pio
803 2598 947 2631 quibusvis
966 2599 1002 2633 (R.
1024 2603 1072 2632 πη).
1112 2589 1114 2592 v

390 2640 406 2667 2
427 2639 517 2667 Potius
538 2641 596 2676 lege
619 2641 688 2668 Urbi
707 2642 743 2675 (a.
761 2642 808 2676 T.).

1111 2666 1114 2678 l

1137 1735 1186 1764 cta
1207 1738 1238 1765 et
1263 1733 1332 1765 aliis
1358 1732 1522 1765 Romanae
1549 1732 1709 1765 Ecclesiae
1735 1732 1875 1765 necessi-

1115 1825 1116 1832 *
1138 1786 1254 1818 tatibus
1279 1792 1505 1826 reservaretur,
1524 1786 1674 1829 illamque
1701 1786 1739 1818 ad
1757 1785 1874 1818 dictam

1136 1839 1301 1872 Camerain
1314 1840 1413 1882 pleno
1428 1839 1497 1871 iure
1516 1838 1690 1882 pertinere,
1705 1838 1874 1882 ipsamque

1136 1892 1302 1925 Cameram
1328 1903 1397 1924 eam
1418 1892 1556 1924 vendere
1575 1902 1673 1935 posse
1694 1896 1726 1923 et
1744 1891 1873 1929 debere,

1136 1956 1171 1976 ac
1186 1944 1310 1976 irritum
1336 1945 1451 1977 exinde
1471 1944 1613 1977 decrevit
1629 1949 1659 1976 et
1673 1943 1770 1976 inane
1786 1943 1875 1986 quid-

1138 1998 1214 2041 quid
1229 2004 1330 2030 secus'
1344 2008 1547 2041 quacumque
1566 1997 1756 2030 auctoritate
1775 1996 1876 2028 scien-

1137 2057 1184 2084 ter
1207 2053 1255 2084 vel
1281 2051 1469 2094 ignoranter
1501 2051 1675 2094 contigerit
1700 2050 1873 2089 attentari,

1115 2099 1166 2160 [et
1191 2104 1359 2147 quibusvis
1385 2104 1537 2137 similium
1563 2104 1750 2136 facultatum
1775 2108 1806 2136 et
1824 2113 1876 2135 ex-

1115 2156 1345 2199 emptionum,
1373 2157 1650 2195 restrictionibus,
1680 2155 1877 2188 limitationi-

1135 2211 1207 2251 bus,
1238 2210 1534 2243 modificationibus
1561 2216 1592 2243 et
1617 2209 1876 2243 revocationibus

1136 2264 1381 2307 quomodolibet
1406 2264 1494 2297 factis
1522 2270 1553 2297 et
1574 2263 1741 2303 faciendis3

1179 2317 1270 2360 git).
1310 2318 1429 2356 Quibus
1466 2318 1616 2350 omuibus
1651 2322 1682 2349 ct
1713 2316 1872 2359 singulis,

1136 2475 1183 2513 lis,
1211 2475 1369 2518 specifica,
1397 2486 1547 2519 expressa
1573 2482 1605 2508 et
1628 2475 1804 2515 individua,
1836 2486 1872 2507 ac

1136 2528 1173 2560 de
1201 2528 1300 2561 verbo
1327 2529 1365 2561 ad
1394 2530 1552 2567 verbum,
1582 2539 1645 2561 non
1675 2534 1780 2561 autem
1814 2539 1873 2571 per

1134 2582 1294 2614 clausulas
1327 2582 1497 2624 generales
1526 2582 1610 2614 idem
1635 2582 1869 2625 importantes,

1133 2634 1255 2667 mentio
1280 2644 1336 2666 seu
1363 2637 1493 2681 quaevis
1526 2634 1586 2666 alia
1620 2634 1784 2678 expressio
1815 2633 1857 2670 lia

1919 2326 1953 2346 Ea
1973 2326 2069 2346 ominibus

1884 2354 2005 2379 specialiter
2033 2354 2069 2372 du·

1136 2370 1259 2402 etiamsi
1274 2381 1331 2414 pro
1344 2370 1516 2403 sufficienti
1532 2381 1646 2403 eorum
1661 2369 1872 2412 derogatione
1885 2383 1950 2405 roga.

1113 2459 1114 2464 ¹
1136 2423 1174 2455 de
1200 2423 1238 2455 iis
1260 2434 1434 2467 eorumque
1463 2424 1537 2455 atis
1564 2423 1733 2456 tenoribus
1752 2423 1874 2466 specia-
