2279 3260
486 243 547 275 “itt

529 314 591 347 que
616 303 916 337 conl'raternitatum
935 314 991 337 seu
1009 313 1186 345 congrega-

530 357 654 389 tionum
680 357 740 391 sub
768 357 969 390 invocatione
994 357 1045 390 SS.
1075 356 1186 389 Sacra-

530 411 640 449 menti,
671 411 702 443 Β.
729 411 844 443 Mariae
865 410 1000 451 Virginis
1025 410 1185 442 immacu-

529 463 620 503 latae,
635 469 665 495 et
684 464 714 495 S.
734 462 870 505 losephi,
887 463 946 495 sub
969 462 1060 495 titulo
1074 462 1185 504 Gregis

530 516 606 548 ttoni
623 516 761 548 Pastoris
776 515 972 558 ubicumque
991 520 1183 556 erectarum,

528 578 600 601 cum
628 568 848 611 prohibitione
874 567 1068 607 libellorum,
1094 567 1184 601 t'olio-

528 631 599 653 rum
617 648 623 660 ,
653 620 917 653 constitutionum
939 647 945 658 ‚
974 621 1158 661 regularum
1173 648 1180 661 ‚

529 674 719 715 imaginum.
747 679 775 705 et
802 683 879 705 usus
900 674 1114 716 quarumdam
1138 684 1185 707 ca-

530 727 732 765 tenularum,
761 726 965 770 aliorumque
989 727 1028 759 ad
1056 727 1182 761 illarum

526 779 707 811 institutum
722 779 949 822 spectantium,
968 780 1054 812 iuxta
1075 781 1184 814 (lecre-

526 837 592 864 tum
619 832 884 875 Congregationis
908 833 938 865 S.
967 833 1079 874 oflicii,
1104 834 1179 867 silit).

435 885 546 917 CXLV.
576 885 741 928 Exemptio
768 885 960 919 vicariorum
986 888 1182 930 apostolico-

526 949 596 970 rum
632 948 813 982 eorumque
845 940 1123 973 missionariorum
1151 941 1182 974 in

525 992 622 1025 lndiis
648 992 862 1025 Orientalibus
881 1000 911 1026 et
929 994 1072 1037 partibus
1092 995 1182 1028 Sina-

525 1056 595 1077 rum
623 1055 640 1078 a
667 1046 888 1079 iurisdictioni-
917 1047 1045 1080 Goanae
1070 1048 1182 1091 lnqui³

523 1098 659 1135 sinonis,
683 1099 712 1130 iu
732 1101 765 1131 eii
785 1105 885 1142 parte,
906 1099 936 1132 iu
956 1111 1019 1143 qua
1037 1111 1100 1134 non
1122 1102 1180 1134 do-

524 1151 667 1183 minatur
693 1152 914 1194 temporaliter
938 1163 991 1185 rex
1018 1153 1182 1195 Portugal-

527 1205 603 1242 liae,
633 1205 754 1238 scilicet
779 1205 810 1237 in
837 1205 956 1245 China,
986 1206 1177 1247 (locine-ina,

522 1258 678 1297 Tuukin,
704 1258 806 1297 Siain,
835 1259 1030 1302 Camhoggia
1056 1266 1087 1293 et
1111 1261 1180 1293 aliis

524 1311 601 1343 lot-is
621 1312 713 1344 (lictis
735 1311 859 1344 vicariis
883 1313 1067 1355 apostolicis
1093 1324 1181 1346 com-
1206 1323 1208 1332 ⁴

522 1364 648 1401 missis,
689 1371 719 1397 et
754 1364 956 1408 principibus
996 1365 1180 1399 infidelibus

719 1417 777 1438 tt)

520 1418 683 1454 subit-ctis,
713 1428 788 1449 ψη.

430 1470 550 1502 tIXLVl.
573 1470 783 1502 Confirmatio
800 1476 830 1502 et
851 1470 1013 1504 innovatio
1032 1471 1179 1504 Brevium

518 1523 695 1556 Alexandri
721 1523 770 1556 Vll
804 1529 835 1555 et
859 1524 1031 1557 Clementis
1056 1524 1113 1565 IX,
1144 1536 1179 1557 ae

517 1577 724 1609 decretorum
751 1577 1019 1618 Congregationis
1046 1578 1084 1610 de
1104 1578 1180 1611 Pro-

516 1629 665 1672 pagandi}
692 1629 790 1668 Fide,
819 1630 859 1662 ad
885 1630 1028 1663 favorem
1055 1631 1179 1674 episco-
1204 1655 1205 1660 ,

520 1693 637 1726 porum
687 1682 879 1715 vicariorum
923 1684 1177 1727 apostolicorum

516 1737 602 1779 apud
628 1736 719 1769 Sinas
745 1742 981 1773 eniauatorum‚
999 1747 1177 1781 eorumque

518 1790 809 1829 uiissionariorum,
839 1796 913 1831 ete,
942 1790 1017 1823 443.

427 1843 564 1876 tjxu'tt.
594 1844 772 1877 Prohibitio
789 1844 848 1877 sub
866 1847 970 1888 poena
989 1855 1176 1878 exeommu-

517 1897 689 1930 nicationis
715 1898 795 1930 latae
822 1898 999 1931 sententiae
1025 1899 1176 1932 omnihus

519 1950 742 1983 ecelesiasticis
761 1956 823 1983 tant
842 1952 1062 1985 saecularibus
1079 1963 1174 1996 quam

516 2004 737 2043 regularibus,
764 2004 858 2037 etiam
886 2005 1054 2038 Societatis
1080 2006 1173 2045 lesu,

518 2057 603 2099 apud
623 2057 713 2089 Sinas
730 2057 932 2099 degentibus,
950 2067 1001 2097 ne,
1018 2058 1077 2090 sub
1095 2068 1175 2102 quo·
1200 2079 1202 2083 ι

516 2110 560 2141 vis
576 2116 752 2152 praetextu,
768 2110 815 2142 vel
832 2110 940 2152 vigore
955 2111 1092 2144 cuiusvis
1107 2112 1174 2155 pri-

516 2163 621 2205 vilegii
648 2163 834 2206 apostolici,
863 2164 902 2196 ah
929 2164 994 2196 ullo
1021 2165 1171 2207 primate7

513 2216 770 2260 archiepiscopo,
785 2217 948 2260 episcopo,
959 2217 1111 2260 capitulo,
1121 2228 1175 2260 gu-
1199 2250 1201 2256 ,

512 2270 695 2309 bernatore,
712 2270 983 2309 administratore,
998 2270 1174 2312 visitatore,

513 2323 644 2363 vicario,
666 2323 712 2355 vel
731 2323 794 2356 alio
812 2333 1030 2367 quocumque,
1052 2324 1173 2357 litteras

515 2376 734 2419 deputationis
755 2376 785 2408 in
805 2376 960 2409 vicariurn
987 2377 1171 2419 generalem

514 2430 561 2462 vel
576 2430 752 2471 foraneum,
769 2440 825 2462 seu
840 2436 874 2462 ut
888 2436 1001 2463 vocant
1016 2430 1054 2463 de
1074 2430 1172 2471 Vara,

513 2484 729 2522 visitatorem,
758 2484 805 2515 vel
831 2483 961 2516 alterius
987 2484 1172 2517 cuiuscum-

513 2547 576 2580 que
602 2536 684 2569 tituli
701 2564 708 2576 ,
737 2537 961 2577 emendicare,
990 2547 1049 2570 nec
1074 2537 1169 2570 etiam

512 2590 636 2630 oblatas
661 2589 807 2634 accipere
832 2590 983 2629 audeant,
1005 2600 1063 2633 pro
1082 2600 1170 2623 exer-

511 2644 613 2676 cenda
631 2653 839 2687 quocumque
857 2643 954 2676 modo
976 2643 1169 2677 iurisdictio-

1037 251 1213 275 ntitLAtuUM
1240 250 1390 275 nonnum

1327 312 1369 336 ne
1393 302 1425 335 in
1452 303 1540 344 locis,
1569 314 1651 347 quae
1677 304 1834 348 episcopis
1860 305 1984 339 vicariis

1328 355 1512 398 apostolicis
1543 357 1713 390 commissa
1745 363 1820 390 sunt
1844 358 1891 390 vel
1917 358 1985 392 sue-

1329 408 1392 441 rint
1417 409 1448 441 in
1476 410 1630 449 futurum,
1658 410 1733 443 455.

1238 460 1388 494 CXLVIII.
1416 461 1624 495 Confirmatio
1650 468 1682 495 et
1705 463 1847 497 extensio
1864 464 1986 497 Consti-

1229 1843 1283 1877 CL.

1224 2429 1294 2464 CLl.

1330 514 1460 547 tutionis
1496 515 1616 548 Urbani
1643 515 1725 554 Vlll,
1754 527 1817 559 qua
1848 517 1984 561 permit-

1329 567 1405 600 titur
1422 568 1679 611 quibuscumque
1697 570 1909 611 regularibus,
1926 580 1985 614 per

1326 630 1401 652 suos
1425 621 1608 664 superiores
1635 621 1809 661 mittendis,
1837 633 1984 657 accessus

1326 674 1366 706 ad
1392 679 1498 717 partes
1522 673 1698 707 Orientales
1722 685 1780 718 per
1808 675 1886 709 alias
1918 676 1983 710 vias

1326 738 1423 770 quam
1442 738 1500 771 per
1518 727 1724 767 Lusitaniam,
1744 739 1780 761 ae
1798 739 1983 762 excommu-

1326 780 1474 813 nicantur
1499 781 1554 819 illi,
1576 781 1629 824 qui
1657 791 1770 814 eorum
1797 781 1981 816 huiusmodi

1325 842 1488 866 accessum
1524 833 1770 876 impedit-ertum
1799 845 1882 878 quae
1906 835 1983 869 Con-

1324 885 1449 919 stitutio
1475 897 1533 929 per
1556 887 1792 920 sanctissimum
1812 888 1981 922 dominum

1325 944 1471 972 nostruin
1498 941 1680 973 extenditur
1704 941 1743 974 ad
1765 942 1932 986 episcopos
1953 948 1983 976 et

1325 992 1460 1025 vicarios
1494 993 1687 1036 apostolicos
1712 994 1743 1027 in
1769 995 1861 1028 dictis
1885 996 1983 1039 parti-

1324 1046 1384 1078 bus
1408 1046 1636 1085 Orientalibus,
1651 1058 1778 1081 necnon
1796 1049 1981 1083 sacerdotes

1323 1099 1502 1132 saeculares
1517 1105 1547 1132 et
1560 1100 1667 1141 laicos
1681 1107 1743 1134 tam
1759 1101 1872 1135 missos
1884 1112 1980 1145 quam

1323 1152 1355 1183 in
1381 1158 1544 1194 posterum
1572 1153 1745 1187 mittendos
1770 1155 1802 1186 in
1827 1155 1976 1197 Chinam,

1323 1204 1552 1237 Cokinchinarn
1569 1232 1576 1243 ,
1604 1206 1807 1248 Tunkhmm,
1839 1208 1923 1241 Siam
1950 1216 1977 1242 et

1323 1257 1385 1289 alia
1411 1258 1481 1290 loca
1507 1258 1671 1290 Indiarum
1691 1266 1721 1291 et
1745 1260 1882 1292 aliarum
1907 1271 1981 1304 par·

1324 1310 1403 1341 tium
1441 1309 1688 1351 Orientialium3
1720 1321 1899 1356 eorumque
1933 1324 1983 1347 ae-

1323 1372 1448 1394 cessum
1475 1362 1514 1394 ad
1534 1369 1642 1406 partes
1665 1363 1851 1398 huiusmodi
1877 1366 1980 1410 impe-

1322 1416 1446 1449 dientes
1472 1417 1619 1460 reprimit
1638 1418 1696 1450 sub
1717 1421 1820 1461 poena
1846 1430 1977 1453 exeom-

1322 1470 1549 1503 munit-ationis
1575 1471 1658 1504 latae
1682 1473 1871 1514 sententiae,
1900 1474 1975 1508 457.

1205 1540 1207 1555 ⁴,
1231 1522 1355 1556 CXLIX.
1384 1524 1446 1556 Pro
1472 1524 1630 1568 episeopis
1649 1525 1774 1559 vicariis
1795 1528 1979 1570 apostolicis

1321 1578 1406 1620 apud
1432 1577 1533 1625 Sinas,
1563 1584 1633 1617 ete,
1661 1580 1849 1622 prorogatio
1873 1581 1976 1614 sacul-

1323 1630 1392 1663 tatis
1432 1631 1603 1664 ordinandi
1644 1632 1811 1675 indigenas
1848 1634 1976 1667 illarum

1319 1683 1472 1726 partium,
1502 1685 1596 1717 etiam
1623 1685 1744 1728 absque
1771 1686 1875 1726 titulo,
1903 1698 1976 1720 euru

1321 1737 1446 1770 indulto
1465 1738 1510 1770 eis
1528 1739 1749 1772 commutandi
1768 1739 1912 1773 officium
1930 1741 1978 1775 di·

1320 1790 1442 1831 vinum,
1470 1790 1545 1824 460.

1322 1844 1525 1886 Indulgentia
1558 1845 1704 1888 plenaria
1736 1853 1894 1890 perpetua
1917 1858 1977 1891 pro

1320 1898 1520 1931 visitantibus
1538 1899 1679 1943 aliquam
1701 1911 1736 1934 ex
1758 1901 1901 1934 eeclesiis
1914 1902 1977 1935 sra-

1319 1958 1404 1984 trum
1437 1958 1468 1985 et
1493 1952 1682 1985 monialium
1714 1953 1842 1987 Ordinis
1867 1954 1977 1987 Excal-

1318 2010 1481 2038 ceatorum
1506 2006 1621 2039 Beatae
1641 2006 1757 2039 Mariae
1775 2007 1813 2039 de
1831 2007 1976 2040 Mercede

1316 2058 1549 2101 redemptionis
1574 2059 1787 2101 captivorum,
1815 2064 1877 2092 tam
1907 2070 1976 2092 ere-

1317 2111 1375 2143 ctis
1400 2121 1496 2153 quam
1523 2111 1696 2153 erigendis,
1716 2111 1748 2144 in
1769 2111 1869 2145 sancti
1890 2112 1975 2145 Petri

1316 2164 1488 2204 Nolaschi‚
1527 2165 1628 2197 sancti
1665 2165 1845 2209 Rayinundi
1881 2165 1972 2198 Non-

1314 2216 1403 2256 nati,
1423 2217 1523 2250 saneti
1547 2217 1687 2260 Iosephi,
1708 2224 1739 2250 et
1756 2218 1977 2261 Apparitionis

1315 2270 1344 2303 S.
1362 2270 1526 2303 Michaelis
1538 2270 1742 2313 Archangeli,
1761 2281 1796 2304 ac
1810 2271 1973 2304 (lominica

1314 2323 1511 2367 proximiore
1546 2323 1691 2357 kalendis
1725 2324 1875 2367 augusti,
1907 2325 1974 2358 die-

1314 2377 1384 2417 bus⁷
1409 2375 1485 2409 462.

1336 2430 1516 2463 Declaratio
1548 2430 1633 2463 beati
1669 2430 1817 2464 Stanislai
1855 2431 1973 2464 Kostka

1314 2483 1427 2517 Poloni
1453 2483 1620 2517 Societatis
1645 2484 1715 2517 Iesu
1742 2484 1772 2517 in
1798 2490 1973 2528 patronum

1313 2537 1578 2581 principaliorem
1617 2537 1708 2580 regni
1748 2538 1903 2571 Poloniae
1942 2544 1974 2572 et

1313 2591 1422 2633 magni
1449 2591 1582 2625 ducatus
1602 2590 1792 2624 Lithuaniae
1810 2596 1841 2624 et
1858 2590 1972 2625 adiun-

1313 2650 1435 2677 ctarum
1460 2643 1713 2688 provinciarum,
1738 2653 1811 2677 cuin
1838 2653 1971 2687 praero-
