2279 3260
252 233 301 258 Αη.
321 231 349 258 C.
372 232 435 258 1n7t

282 1553 334 1572 Aves
350 1553 376 1572 ad
395 1551 438 1571 lau-

255 1579 292 1599 dns
309 1579 346 1599 Dei
362 1584 438 1604 provu-

254 1608 297 1626 eat.

486 222 548 255 196
1023 233 1201 256 mummium

447 280 568 322 gnovit.
592 280 779 315 Familiares
805 281 904 326 ipsius
929 292 1094 314 sermones
1118 281 1180 312 vim

447 333 623 373 orationis,
644 340 679 367 ut
704 335 890 377 plurimum,
909 333 1130 366 continebant.
1158 332 1179 364 Α

446 388 565 419 canora
589 386 712 420 avicula
739 387 873 420 excitata
899 387 937 419 ad
963 385 1016 418 Dei
1043 390 1182 418 contem-

447 439 623 481 plationem
640 439 743 472 trihus
760 445 832 472 ante
846 438 1014 482 prandium
1030 438 1131 477 horis,
1151 441 1183 469 ct

447 490 478 522 in
493 492 624 523 extasim
643 493 792 534 rapta‚ab
811 494 848 523 ea
865 489 994 523 nonnisi
1013 490 1051 522 ad
1070 499 1182 532 vespe-

447 552 514 574 ram
540 553 573 575 se
598 542 763 585 explicuit.
781 543 826 575 Ad
853 542 1008 575 orationis
1035 546 1066 574 et
1089 551 1182 584 prae-

448 594 540 637 cipue
566 595 715 627 rnentalis
742 594 929 627 exercitium
955 594 1120 637 proximos
1141 594 1183 625 al-

448 646 545 679 licere
580 648 740 679 studebat.
783 646 999 679 Confessarios
1032 645 1184 678 exorabat

448 704 481 730 ut
506 699 544 731 ad
570 710 638 731 eam
664 698 751 731 onmi
778 703 845 730 arte
864 697 1069 740 poenitentes
1095 697 1183 729 indu-

448 756 568 790 cerent,
596 751 748 793 ipsosque
768 750 866 783 divini
888 750 978 783 verbi
1004 759 1182 792 praecones

450 803 710 846 frequentissime
754 803 945 835 hortabatur
977 807 1012 834 ut
1043 803 1081 835 ad
1116 802 1183 834 eius

448 857 608 896 studium,
635 857 733 889 veluti
769 857 807 889 ad
846 866 994 898 magnam
1032 856 1205 888 adversust

449 909 556 940 omnia
573 914 704 951 peccata
716 909 1020 952 pharmacopoeam,
1041 919 1114 941 suos
1132 917 1185 939 au-

449 961 568 993 ditores
593 961 836 1000 inflammarent,
856 961 910 993 ad¹
937 961 1061 1004 piarum
1085 959 1185 992 medi-

450 1012 604 1045 tationum
630 1023 721 1045 usum
755 1014 956 1057 populariter
980 1013 1182 1045 inveherent.

450 1066 632 1098 Parthenici
646 1066 773 1099 Rosarii
787 1067 1009 1099 recitationem
1033 1076 1105 1098 cum
1131 1075 1186 1097 an-

450 1121 528 1151 nexa
554 1119 731 1151 decadatim
749 1119 977 1162 mysteriorum
1002 1117 1187 1151 considera-

451 1170 547 1211 tione,
573 1173 676 1214 prout*
693 1177 822 1204 sanctus
840 1171 1022 1205 Dominicus
1040 1170 1187 1202 institue-

451 1228 506 1263 rat,
526 1223 731 1266 singulariter
756 1224 920 1267 diligebat,
939 1234 976 1256 eo
995 1223 1081 1266 quod
1102 1223 1134 1254 in
1151 1225 1186 1255 ea

450 1278 634 1310 coalescant
651 1278 798 1310 mentalis
819 1283 851 1310 et
868 1277 987 1310 vocalis
1005 1276 1099 1309 simul
1118 1286 1187 1308 ora-

451 1329 548 1362 tionis
574 1329 716 1371 atl'ectus,
743 1330 917 1373 petitiones
933 1356 940 1369 ,
963 1330 1088 1368 laudes⁷
1116 1339 1187 1371 gra-

450 1382 566 1415 tiarum
592 1383 747 1423 actiones;
769 1388 800 1415 et
818 1382 964 1425 plurimis
984 1382 1066 1414 haec
1083 1381 1186 1413 Rosae

449 1435 658 1468 incitamenta
694 1436 857 1479 profuisse
882 1446 916 1467 re
941 1435 1008 1478 ipsa
1040 1444 1188 1477 comper—

450 1494 515 1520 tum
540 1489 611 1520 fuit.

494 1541 508 1584 ἓ
532 1540 586 1573 14.
614 1541 718 1584 Prope
743 1542 866 1574 obitum
893 1551 952 1584 per
983 1540 1189 1584 quadragesi-

445 1603 533 1625 mam
549 1604 622 1626 cum
640 1594 763 1626 avicula
780 1594 860 1626 mire
878 1596 1008 1633 canora,
1024 1604 1105 1636 quae
1120 1594 1187 1625 sole

449 1646 583 1678 occiduo
602 1652 674 1678 ante
697 1656 791 1678 suum
809 1646 992 1679 cubiculum
1010 1646 1188 1685 advolabat,
1209 1655 1211 1667 ¹

450 1698 623 1732 alternavit
658 1699 742 1731 Rosa
778 1699 900 1731 cantica
937 1704 968 1731 et
999 1698 1109 1731 laudes
1135 1693 1211 1730 1)ρίῘ

450 1751 596 1794 quotidie
623 1762 681 1794 per
707 1751 820 1784 horam
846 1751 1014 1793 integram,
1030 1756 1118 1783 tanto
1139 1761 1191 1783 or-

451 1794 524 1836 dine
544 1831 551 1843 ,
575 1809 617 1843 ut,
635 1810 770 1837 canente
796 1804 921 1837 avicula
946 1804 1037 1846 virgo
1063 1804 1188 1844 sileret,

451 1863 483 1888 et
506 1857 628 1899 virgine
665 1858 865 1897 modulante,
891 1857 1014 1889 avicula
1038 1857 1190 1889 attentis—

450 1908 556 1941 sima²
591 1919 651 1941 nec
683 1909 814 1952 pipiret.
853 1908 933 1947 Quin
967 1915 999 1941 et
1030 1910 1117 1952 ipsas
1143 1909 1191 1941 in-

451 1961 624 1994 sensibiles
649 1963 776 2004 plantas
802 1963 949 2005 exemplo
974 1972 1106 2005 prorsus
1125 1962 1191 1994 sin-

452 2014 557 2056 gulari
584 2015 622 2046 ad
647 2015 758 2047 laudes
785 2020 817 2047 et
841 2015 880 2047 ad
907 2015 1087 2047 orationem
1112 2014 1187 2053 Dei,

451 2130 541 2151 versa
559 2120 786 2162 yernzinantia
813 2121 847 2152 in
866 2121 952 2152 terrd
976 2121 1124 2161 Domino,
1143 2120 1190 2152 in-

452 2172 574 2212 vitavit,
602 2178 633 2205 et
657 2173 828 2205 visibiliter
859 2173 904 2205 sic
929 2173 1097 2206 inclinavit
1114 2199 1122 2214 ‚
1156 2178 1213 2205 ut'

453 2226 605 2258 arborum
624 2226 822 2259 summitates
841 2232 958 2259 terram
984 2227 1190 2269 attingerent,

453 2290 489 2311 ac
514 2279 612 2311 veluti
630 2279 768 2311 solemni
789 2279 1005 2312 venerationis
1020 2279 1082 2311 ritu
1103 2279 1192 2312 Crea-
1211 2295 1213 2298 ⁴

454 2337 555 2363 torem
582 2342 673 2363 suum
699 2333 882 2365 adorarent.
903 2332 1010 2374 Usque
1035 2332 1115 2364 adeo
1140 2343 1213 2365 ve-¹

454 2395 525 2416 rum
551 2389 598 2416 est
627 2385 711 2427 quod
730 2385 765 2424 is,
785 2384 838 2427 qui
864 2385 1019 2417 adhaeret
1042 2385 1189 2425 Domino,
1212 2404 1213 2409 =

1209 1558 1210 1576 2
1232 1550 1305 1572 men
1331 1540 1411 1572 forte
1445 1540 1534 1572 dedit
1559 1540 1605 1573 illi

456 2448 536 2469 unus
562 2437 693 2480 spiritus
711 2443 766 2477 est,
786 2443 817 2469 et
836 2436 863 2470 ei
890 2448 1019 2480 quoque
1036 2438 1193 2471 obediunt

456 2501 577 2522 emnia.

491 2562 502 2587 1
526 2560 595 2587 Edit.
615 2560 733 2588 Cherub.
754 2569 786 2588 ac
802 2568 850 2596 pro
869 2561 908 2587 ad
927 2560 990 2596 legit
1009 2561 1046 2596 (a.
1061 2563 1110 2594 T.).

490 2605 508 2632 2
529 2605 596 2632 Edit.
619 2604 696 2632 Maia
720 2605 781 2640 legit
803 2605 996 2633 attentissime
1017 2606 1056 2641 (a.
1073 2606 1120 2639 T.).

1228 233 1377 258 Romnum

1226 333 1289 367 Deo
1308 340 1400 375 esset,
1420 336 1528 369 subtili
1550 337 1690 369 virorum
1720 342 1785 368 tum
1812 335 1957 369 doctrina

1225 390 1289 418 tum
1304 387 1422 430 pietate
1441 393 1474 420 et
1497 388 1667 431 spirituum
1694 388 1887 421 discretione
1906 398 1958 420 ex-

1224 439 1407 471 cellentium
1433 441 1570 473 examini
1588 441 1708 484 pluries
1730 440 1874 472 subiecta
1890 440 1958 480 suit,

1225 500 1261 521 et
1288 500 1351 532 quo
1376 492 1490 524 claruit
1520 492 1586 525 eius
1611 493 1731 525 lumina
1755 497 1787 525 et
1811 492 1894 525 dona
1916 492 1959 524 di-

1225 542 1297 574 vina
1323 543 1430 583 fuisse,
1453 550 1484 576 et
1503 545 1542 577 ab
1561 546 1631 588 ipso
1656 546 1791 578 rationis
1817 546 1958 578 diluculo

1226 594 1305 627 nihil
1325 596 1352 627 ei
1374 596 1498 628 dulcius
1515 598 1695 631 occurrisse
1725 608 1820 641 quarn
1838 599 1876 631 de
1894 598 1959 630 Deo

1226 647 1369 685 co;itare
1411 654 1442 680 et
1480 650 1628 692 supernis
1655 651 1722 683 eius
1747 649 1961 693 beneplacitis

1227 699 1368 739 inhiare;
1396 710 1412 732 3
1445 701 1638 734 duodecimo
1674 712 1758 735 anno
1791 702 1962 745 expeditis-

1226 752 1306 784 sime
1332 752 1506 785 introrsum
1533 753 1602 786 eius
1628 754 1765 787 animam
1790 765 1808 787 a
1824 755 1960 787 Domino

1203 814 1295 840 ¹cum
1321 805 1384 836 suis
1421 806 1643 848 spiritualibus
1678 806 1831 848 potentiis
1867 811 1963 838 attra-

1227 862 1309 889 ctam
1336 857 1462 890 divinae
1492 858 1728 901 pulchritudini
1762 858 1962 897 inhaesisse,

1228 915 1262 942 ut
1287 911 1375 942 nulla
1392 921 1425 942 re
1444 913 1550 943 ereata
1564 922 1580 943 a
1597 911 1753 944 charitate
1771 910 1889 944 Christi
1907 921 1964 943 un-

1229 973 1322 1005 quam
1345 963 1489 1005 separari
1516 964 1675 1006 potuerit;
1702 964 1742 996 ab
1767 963 1901 996 infantia
1927 973 1964 996 ex

1228 1026 1346 1057 magno
1372 1015 1425 1048 Dei
1459 1026 1591 1049 munere
1625 1016 1733 1049 faciles
1767 1017 1806 1049 ad
1831 1015 1964 1048 virtutes

1230 1067 1465 1110 propensiones
1498 1068 1568 1100 sine
1604 1069 1789 1111 passionum
1825 1069 1964 1100 tumultu

1229 1120 1389 1159 sensisse,
1413 1130 1430 1152 a
1455 1120 1560 1163 prima
1584 1120 1640 1153 Dei
1666 1120 1782 1152 notitia
1806 1121 1964 1163 repletam

1230 1172 1327 1205 fnisse
1362 1172 1475 1205 timore
1509 1172 1564 1205 Dei
1591 1178 1621 1205 et
1650 1173 1787 1205 horrore
1818 1172 1964 1215 peccati·,

1230 1225 1318 1256 nulla
1336 1235 1369 1256 re
1395 1226 1499 1256 creata
1520 1225 1664 1267 potuisse
1690 1224 1843 1264 recreari·‚
1865 1229 1968 1256 totum

1230 1286 1320 1308 suum
1347 1277 1493 1308 levamen
1523 1277 1621 1309 fuisse
1657 1277 1778 1309 sentire
1811 1276 1908 1308 Deum
1933 1276 1966 1308 in

1231 1328 1335 1360 anima
1361 1331 1416 1360 sua
1445 1334 1673 1371 praesentem;
1700 1329 1849 1361 acerbius
1879 1328 1969 1372 omni

1232 1381 1351 1412 iactura
1376 1386 1407 1413 et
1432 1382 1582 1423 gehenna
1599 1382 1668 1425 ipsa
1693 1381 1794 1414 videri
1812 1381 1853 1423 ei,
1874 1381 1898 1413 si
1916 1381 1967 1413 vel

1231 1434 1269 1466 ad
1285 1439 1483 1466 momentum
1499 1445 1514 1467 e
1527 1440 1703 1478 conspectu
1719 1445 1793 1467 eum
1806 1434 1967 1477 perderet.

1231 1487 1319 1519 Tunc
1333 1498 1368 1520 ex
1395 1488 1581 1520 obedientia
1601 1488 1729 1532 aperuit
1757 1488 1843 1530 quod
1869 1493 1969 1520 certa-

1642 1541 1724 1573 Deus
1761 1546 1796 1572 ut
1825 1540 1970 1572 vinceret

1233 1598 1263 1624 et
1298 1591 1394 1624 sciret
1431 1593 1516 1635 quod
1553 1594 1718 1636 potentior
1751 1593 1892 1625 omnium
1919 1598 1969 1625 est

1233 1645 1410 1688 sapientia3
1431 1646 1611 1679 horrendas
1638 1647 1722 1678 enim
1749 1646 1896 1685 visiones,
1914 1657 1970 1688 pa·

1233 1709 1326 1731 vores
1353 1704 1385 1731 et
1410 1699 1543 1742 spiritus
1561 1699 1797 1739 derelictiones,
1817 1710 1895 1742 quas
1912 1708 1971 1741 per

1234 1752 1416 1794 quindecim
1443 1763 1543 1785 annos
1561 1755 1683 1785 summa
1698 1752 1880 1785 constantia
1897 1762 1970 1795 per-

1234 1804 1317 1844 tulit,
1335 1806 1505 1845 enarravit,
1521 1816 1601 1848 quae
1620 1805 1716 1837 veluti
1735 1806 1891 1848 poenales
1904 1805 1970 1836 ani-

1211 1887 1212 1890 ,
1233 1868 1356 1893 marum
1382 1858 1413 1890 in
1434 1858 1623 1900 purgatorio
1644 1857 1824 1899 lugentium
1847 1857 1971 1890 dilatio-

1234 1921 1290 1944 nes
1312 1916 1342 1943 et
1367 1912 1513 1954 quidem¹
1542 1911 1643 1954 ipsius
1667 1911 1785 1943 inferni
1811 1916 1905 1953 typus
1926 1911 1971 1943 vi-

1211 1985 1212 2008 ;
1235 1964 1404 1997 debantur.
1432 1951 1514 1996 Cuffi
1535 1965 1623 1997 nulla
1648 1964 1676 1995 ei
1706 1974 1780 2006 spes
1814 1964 1970 1996 evadendi

1211 2042 1212 2052 2
1234 2016 1416 2059 all'ulgebat,
1444 2022 1516 2048 tunc
1541 2017 1645 2060 patuit
1670 2017 1755 2049 inter
1773 2016 1830 2048 has
1855 2017 1971 2048 dereli-

452 2077 490 2099 eo
522 2067 684 2100 versiculo
718 2068 865 2110 prolato,
898 2067 1083 2100 Benedicite
1116 2068 1212 2099 uni-¹

1234 2070 1357 2102 ctiones
1378 2076 1513 2112 repente
1527 2070 1558 2102 in
1578 2070 1649 2113 ipso
1665 2070 1821 2113 pristinae
1839 2070 1970 2102 unionis

1233 2123 1379 2163 meridie,
1397 2123 1495 2155 veluti
1521 2123 1552 2155 in
1568 2123 1679 2166 sponsi
1698 2123 1851 2163 brachiis,
1869 2133 1902 2155 se
1921 2123 1971 2155 de-

1234 2176 1447 2219 prehendisse
1473 2176 1670 2215 restitutam,
1705 2176 1843 2208 sensisse
1868 2176 1971 2219 quod-

1235 2230 1306 2262 dam
1339 2229 1458 2261 donum
1489 2229 1740 2271 inexplicabile,
1775 2229 1915 2261 solidum
1940 2234 1972 2261 et

1236 2282 1476 2314 fundamentale
1495 2308 1502 2322 ‚
1530 2292 1593 2324 quo
1618 2282 1790 2314 videbatur
1813 2281 1874 2314 sibi
1898 2282 1971 2314 red-

1235 2335 1300 2367 dita
1325 2334 1566 2377 impeccabilis,
1592 2339 1626 2366 ut
1650 2334 1704 2366 ille
1743 2334 1796 2376 qui
1822 2333 1968 2366 dicebat:

1237 2386 1316 2425 Quis
1340 2395 1396 2417 nos
1420 2385 1580 2427 separabit
1605 2396 1623 2417 α
1650 2386 1809 2418 charitate
1835 2385 1968 2419 Christi.

1235 2438 1429 2480 Plerumque
1448 2438 1544 2472 etiam
1570 2444 1642 2481 post
1658 2438 1728 2471 illas
1745 2439 1895 2471 tenebras
1915 2449 1970 2481 ap-

1236 2491 1379 2535 paruisse
1398 2491 1425 2524 ei
1444 2491 1679 2524 hm‘nanitatem
1695 2491 1811 2524 Christi
1828 2491 1967 2531 Domini,

1274 2607 1283 2632 1
1304 2605 1410 2632 Forsan]
1424 2605 1542 2639 quidam
1561 2614 1607 2640 pro
1623 2605 1740 2640 quidem
1757 2605 1969 2641 legend.(u.r.).

1966 234 2014 260 An.
2031 233 2059 260 C.
2080 233 2145 260 1671

1268 281 1320 313 15.
1343 281 1380 314 Ut
1404 282 1600 325 probaretur
1627 294 1665 316 an
1687 282 1817 326 spiritus
1835 282 1902 316 eius
1919 293 1955 315 ex
1968 294 2059 341 [¹3:22
2070 295 2151 321 cogua-
