2279 3260
462 246 526 279 Quo

469 306 484 347 ξ
517 304 547 337 3.
580 304 770 337 l'raescntes
807 315 935 348 quoque
971 314 1099 347 semper
1130 308 1161 335 et

425 364 582 401 perpetuo
592 358 712 391 validas
731 364 761 390 et
779 359 924 391 efficaces
944 367 1013 389 esse
1031 361 1063 389 et
1080 356 1158 394 sore,

425 421 565 453 suosque
600 411 765 453 plenarios
797 416 828 442 et
857 411 998 451 integros
1029 407 1159 440 effectus

425 463 533 495 sortiri
560 469 591 496 et
615 463 774 501 obtinere,
795 474 831 494 ac
854 462 957 494 cidem
987 460 1160 492 Theodoro

425 520 456 547 et
476 526 535 558 pro
561 520 706 558 tempore
747 513 960 547 existentibus
991 511 1161 544 abbatibus

425 567 631 610 generalibus
658 567 688 599 in
722 566 871 599 omnibus
903 571 934 598 et
964 575 1023 608 per
1055 564 1162 596 onmia

424 620 612 663 plenissime
644 619 809 661 suffragari
840 619 958 651 debere
980 645 987 658 ,
1014 628 1074 650 nec
1102 617 1161 649 sub

425 675 682 717 quibuscumque
709 673 859 705 similium
883 673 932 704 vel
959 670 1161 704 dissimilium

424 727 597 767 gratiarum
631 725 890 758 revocationibus
907 751 914 764 ,
941 722 1162 766 suspensioni—

424 780 483 811 bus
509 784 561 810 aut
594 778 662 810 aliis
696 777 866 810 contrariis
893 775 1160 819 dispositionibus

423 831 671 873 comprehendi,
692 831 749 862 sed
770 839 900 872 semper
917 828 1032 861 abillis
1047 828 1160 870 excipi,

423 891 450 916 et
467 884 594 926 quotics
613 883 685 915 illas
703 892 853 915 emanare
872 881 1054 923 contigerit,
1067 880 1161 912 toties

422 942 612 979 praesentes
631 936 662 968 in
684 936 856 979 pristinum
874 940 905 967 et
927 934 1162 967 validissimum

423 995 539 1022 statum
566 989 730 1022 restitutas
747 1016 754 1028 ,
779 988 935 1031 repositas
961 994 993 1020 et
1016 986 1161 1030 plenarie

422 1043 655 1085 reintegratas,
683 1053 718 1074 ac
750 1042 788 1074 de
815 1052 897 1074 novo
923 1041 982 1073 sub
1008 1051 1163 1083 quacum-

424 1107 486 1139 que
505 1095 676 1139 posteriori
703 1095 776 1127 data
800 1105 858 1138 per
875 1094 995 1127 dictum
1015 1093 1164 1126 Theodo-

424 1159 494 1180 rum
525 1159 560 1181 ac
585 1158 644 1191 pro
663 1153 810 1190 tempore
836 1146 1005 1179 existentes
1031 1146 1162 1178 abbates

425 1201 594 1242 generales
620 1200 804 1242 praedictos
829 1199 1094 1242 quandocumque
1113 1197 1163 1230 eli-

426 1253 540 1295 genda,
573 1263 741 1286 concessas
762 1263 835 1285 esse
861 1258 893 1285 et
917 1252 997 1293 sore,

470 1307 484 1349 ξ
508 1307 540 1339 4.
568 1306 683 1349 Sicque
710 1311 740 1338 et
770 1316 835 1338 non
868 1306 947 1338 alias
980 1315 1039 1348 per
1065 1315 1163 1348 quos-

426 1369 561 1401 cumque
581 1358 706 1390 iudices
733 1357 916 1390 ordinarios
931 1363 962 1389 et
983 1357 1162 1398 delegatos,

426 1411 538 1454 quavis
563 1410 751 1443 auctoritate
785 1410 956 1452 fungentes
981 1415 1012 1442 et
1037 1410 1161 1441 honore

425 1464 596 1506 fulgentes,
622 1473 657 1495 ac
682 1473 850 1495 causarum
875 1462 982 1494 curiae
1011 1461 1161 1494 Gamerae

425 1516 630 1558 Apostolicae
649 1521 678 1547 et
704 1515 815 1558 palatii
841 1514 1013 1558 apostolici
1039 1514 1164 1547 audito-

424 1579 500 1608 res,
523 1579 558 1600 ac
591 1568 622 1601 S.
658 1568 694 1600 R.
722 1567 755 1599 E.
784 1568 976 1607 cardinales,
1001 1567 1097 1599 etiam
1122 1567 1161 1599 de

428 1622 530 1653 latere
575 1622 725 1663 legatos,
761 1621 956 1662 vicelegatos
990 1625 1021 1652 et
1060 1620 1163 1653 dictae

424 1674 514 1707 Sedis
545 1674 692 1714 nuncios,
714 1673 850 1706 iudicari
873 1679 902 1706 et
923 1672 1050 1706 definiri
1070 1674 1163 1706 debc-

425 1738 469 1767 re,
498 1738 533 1759 ac
562 1726 687 1758 irritum
713 1732 744 1759 et
769 1726 864 1759 inane
886 1726 1041 1769 quidquid
1067 1737 1162 1759 secus

426 1790 525 1822 super
551 1780 600 1812 liis
627 1790 643 1811 a
665 1791 845 1822 quoquam,
879 1779 990 1822 quavis
1023 1780 1164 1813 auctori-

427 1837 503 1871 tate,
531 1831 676 1864 scienter
702 1833 750 1865 vel
766 1831 967 1875 ignoranter,
989 1832 1165 1875 contigerit

429 1885 595 1917 attentsui.

232 1943 417 1990 contraPiiirrougniiio
473 1938 487 1980 ἓ
512 1938 542 1969 5.
569 1937 637 1970 Non
663 1937 864 1971 obstantibus
883 1938 1044 1981 quibusvis
1070 1939 1164 1972 etiam

429 1990 461 2022 in
486 1990 694 2032 synodalibus
720 1997 751 2023 et
775 1991 1026 2033 liu·oi·incialibus
1052 2002 1087 2024 ac
1112 2004 1165 2034 ge-

429 2042 594 2075 neralibus
633 2043 779 2075 conciliis
816 2043 909 2076 editis
942 2048 972 2076 et
1004 2045 1162 2085 edendis,

428 2095 623 2138 specialibus
648 2096 698 2127 vel
723 2096 938 2138 generalibus,
966 2097 1166 2130 constitutio-

428 2147 524 2179 nibus
551 2152 579 2179 et
602 2148 861 2181 ordinationibus
878 2149 1072 2191 apostolicis,
1091 2161 1165 2183 nec-

429 2211 495 2232 non
514 2200 640 2233 Ordinis
669 2206 701 2233 et
717 2201 982 2243 Congregationis
1000 2202 1165 2235 Vallisum—

429 2254 546 2285 brosae
565 2253 766 2293 huiusmodi,
781 2255 875 2286 etiam
888 2254 1080 2295 iuramento,
1095 2266 1165 2288 con-

430 2304 610 2338 firmatione
626 2307 815 2348 apostolica,
833 2308 881 2340 vel
895 2308 1003 2350 quavis
1015 2307 1163 2341 firmitate

431 2358 493 2390 alia
503 2359 676 2399 roboratis,
687 2359 810 2392 statutis
821 2365 851 2392 et
866 2361 1162 2402 consuetinlinibus,

430 2411 611 2454 ceterisque
639 2412 809 2445 contrariis
834 2413 1103 2457 quibuscumque.

233 2469 349 2517 affluent)
367 2475 417 2496 poe·
475 2468 488 2505 ,ξ
520 2466 551 2496 ti.
585 2464 669 2497 Nulli
714 2476 792 2508 ergo
826 2466 958 2499 omnino
997 2466 1164 2499 bominum

292 2512 296 2517 ’
430 2519 525 2550 liceat
549 2517 631 2549 lianc
656 2518 807 2560 paginam
838 2524 963 2551 nostrae
989 2519 1165 2552 absolutio-

430 2570 492 2610 nis,
519 2570 751 2610 concessionis,
778 2570 910 2611 indulti,
938 2571 1163 2614 impartitionis

429 2628 459 2656 et
486 2622 606 2656 decreti
632 2622 821 2667 infringere,
844 2625 891 2657 vel
918 2624 945 2656 ei
972 2635 1049 2657 ausu
1065 2629 1165 2658 teme-

233 255 268 280 Αη
302 255 412 282 01671

230 315 343 335 Clausulac
353 322 413 341 prae-

230 346 359 363 surianae.

258 1313 356 1333 etauzuta
368 1312 413 1333 sub·

231 1339 280 1359 iulii.

1013 256 1190 279 arturum!
1217 255 1366 280 uottANnitt

1203 303 1288 335 rario
1314 303 1484 337 contraire.
1513 304 1542 337 Si
1569 304 1639 348 quis
1671 309 1774 337 autem
1803 303 1867 337 boc
1891 309 1937 336 at-

1203 361 1326 389 tentare
1369 357 1643 401 praesumpserit,
1678 357 1936 400 indignationem

1203 408 1435 452 omnipotentis
1466 410 1521 442 Dei
1546 422 1583 443 ac
1599 410 1767 443 beatorum
1797 410 1881 443 Petri
1906 415 1938 443 et

1204 460 1292 493 Pauli
1324 463 1545 504 apostolorum
1571 463 1640 496 eius
1671 474 1705 496 se
1730 463 1857 496 noverit
1889 462 1937 495 in-

1203 523 1384 547 cursurum.

1247 566 1360 598 Datum
1383 567 1526 607 Romae,
1550 568 1632 610 apud
1661 568 1692 601 S.
1715 568 1844 601 Mariam
1876 568 1937 600 Ma-

1204 617 1329 658 iorem,
1354 629 1439 652 anno
1476 619 1709 653 incarnationis
1750 620 1936 653 Dominicae

1204 680 1351 710 iunctm,
1376 682 1406 704 v1
1432 682 1533 703 nonas
1559 671 1711 712 octobris,
1732 671 1936 715 pontificatus

1204 723 1304 755 nostri
1330 733 1415 755 anno
1439 733 1475 756 11.

1239 785 1299 811 Dat.
1317 784 1360 811 die
1375 784 1391 811 2
1407 784 1526 811 octubris
1545 785 1620 817 1671,
1637 784 1731 819 pontif.
1749 792 1818 812 anno
1834 790 1861 812 u.

1517 926 1635 959 LXXX.

1206 1004 1357 1037 Prohibet
1379 1005 1529 1037 omnibus
1558 1009 1587 1037 el
1611 1004 1753 1047 sinqulis
1783 1004 1941 1047 fratribus

1250 1057 1384 1090 Ordinis
1397 1058 1564 1089 Minorum
1583 1058 1688 1089 sancti
1698 1057 1728 1090 F
1729 1057 1868 1090 rancisci
1883 1058 1941 1090 Ca-

1246 1110 1454 1152 puccinorum
1478 1120 1538 1152 pro
1563 1120 1768 1152 quacumque
1798 1120 1832 1142 re
1855 1109 1937 1142 obti-

1250 1162 1352 1194 nenda⁴
1388 1173 1554 1194 recursum
1593 1162 1635 1194 ad
1665 1173 1818 1205 personas
1849 1166 1941 1195 extra

1249 1214 1393 1247 eumdem
1420 1214 1575 1248 Ordinem
1589 1214 1608 1247 ¹.

1431 1294 1564 1320 Clemens
1585 1294 1664 1327 Papa
1683 1294 1717 1326 X,

1330 1338 1366 1364 ad
1381 1342 1558 1371 perpetuam
1574 1339 1618 1365 rei
1633 1339 1813 1365 memoriam.

1249 1408 1290 1440 Ex
1318 1408 1464 1441 iniuncto
1480 1409 1573 1441 nobis
1587 1408 1721 1441 caelitus
1745 1409 1940 1452 apostolicae

1207 1462 1368 1495 servitutis
1405 1473 1563 1503 munere,
1598 1462 1631 1494 in
1667 1473 1736 1495 eam
1768 1463 1942 1506 praecipue

1206 1526 1314 1547 curam
1349 1515 1495 1548 sollicitis
1524 1515 1636 1548 studiis
1665 1515 1879 1549 incumbimus
1911 1523 1946 1549 ut

1205 1569 1387 1610 regularem
1423 1568 1661 1601 observantiam
1692 1568 1943 1611 religiosamque

1206 1621 1473 1663 tranquillitatem
1506 1621 1591 1653 inter
1622 1620 1796 1663 religiosos
1832 1621 1943 1661 viros,

1206 1684 1262 1706 eos
1288 1674 1503 1716 praesertim,
1532 1685 1622 1717 quos,
1638 1683 1731 1706 suave
1756 1674 1872 1707 Christi
1899 1674 1945 1707 iu-

1206 1737 1278 1769 gum
1305 1727 1365 1758 sub
1387 1726 1531 1759 arctioris
1557 1727 1638 1759 vitae
1657 1726 1800 1759 instituto
1825 1728 1946 1770 ample-

1206 1789 1274 1819 xos,
1293 1779 1408 1811 ceteris
1433 1779 1609 1812 modestiae
1627 1785 1723 1823 atque
1754 1780 1944 1812 humilitatis

1207 1837 1238 1864 et
1261 1832 1483 1874 religiositatis
1510 1833 1660 1875 exemplo
1678 1833 1869 1875 praelucere
1894 1833 1946 1865 de-

1207 1890 1264 1925 cet,
1292 1890 1444 1927 quantuni
1471 1885 1564 1918 nobis
1587 1896 1623 1917 ex
1649 1887 1714 1918 alto
1740 1885 1940 1926 conceditur,

1207 1937 1288 1969 tueri
1309 1943 1405 1980 atque
1431 1948 1624 1970 conservare
1650 1943 1844 1980 satagamus.

1251 1991 1265 2033 g
1294 1990 1325 2022 1.
1359 1990 1657 2033 Supplicationibus
1689 1991 1798 2033 itaque
1831 1990 1940 2023 dilecti

1208 2041 1263 2074 filii
1288 2042 1435 2074 moderni
1466 2043 1604 2075 ministri
1630 2043 1790 2085 generalis
1815 2043 1943 2076 Ordinis

1207 2096 1339 2127 fratrum
1350 2095 1506 2127 Minorum
1517 2096 1616 2127 sancti
1627 2096 1786 2128 Francisci
1801 2096 1945 2140 Cappuc-

1207 2148 1352 2180 cinornm
1388 2153 1648 2191 nuncupatorum
1684 2149 1814 2181 nomine
1850 2150 1945 2182 nobis

1207 2212 1304 2244 super
1329 2201 1390 2233 hoc
1416 2201 1582 2234 humiliter
1605 2203 1764 2245 porrectis
1789 2202 1941 2243 inclinati,

1207 2265 1344 2297 eumque
1361 2265 1377 2286 a
1394 2255 1560 2297 quibusvis
1586 2256 1940 2298 excommunicationis,

1206 2306 1427 2349 suspensionis
1460 2313 1491 2339 et
1520 2308 1702 2348 interdicti,
1725 2309 1864 2352 aliisque
1891 2320 1943 2342 ec-

1207 2359 1397 2392 clesiasticis
1422 2360 1593 2393 sententiis
1609 2388 1616 2400 ,
1642 2362 1786 2394 censuris
1815 2367 1847 2395 et
1866 2372 1943 2405 poe-

1207 2412 1256 2444 nis
1272 2438 1280 2453 ‚
1306 2423 1323 2444 a
1348 2412 1417 2445 iure
1441 2414 1490 2445 vel
1517 2413 1554 2445 ab
1581 2414 1728 2455 homine,
1750 2416 1861 2458 quavis
1890 2427 1944 2449 oc-

1242 2503 1252 2527 1
1278 2500 1313 2527 lle
1333 2501 1385 2527 hac
1405 2503 1517 2528 materia
1537 2502 1596 2528 vide
1617 2510 1686 2537 quae
1705 2502 1821 2530 iudicavi
1841 2503 1888 2530 tibi
1909 2503 1942 2531 ad

1205 2544 1348 2571 Constitui.
1369 2546 1510 2572 Admonet
1532 2546 1674 2573 ,ttexmdri
1699 2547 1754 2580 Vll,
1771 2548 1816 2574 ubi
1837 2548 1869 2574 ad
1886 2556 1943 2575 rein

1207 2589 1282 2624 plura
1304 2589 1394 2615 videre
1415 2591 1526 2624 poteris,
1548 2595 1573 2616 et
1600 2591 1634 2617 ad
1655 2591 1797 2619 Constitut.
1818 2599 1867 2619 xxx
1887 2592 1943 2619 Ec—

1207 2634 1309 2661 clesiae
1330 2633 1407 2660 liuius
1429 2634 1571 2662 rontuicis.

1942 255 1991 282 An.
2012 255 2042 284 C.
2059 256 2124 284 1671

1980 1427 2100 1447 Exordium.

1980 2005 2122 2031 Supplicauo.
