2279 3260
173 245 220 272 Λη.
243 242 271 270 C.
291 242 357 270 1⁶75

280 305 359 325 ici-³10³
370 292 558 327 vorabiliter
575 303 717 327 annuere
744 293 898 333 volentes,
926 301 1062 334 eumque
1088 300 1105 322 a

174 339 246 379 altit..
274 331 359 377 Silili&
370 346 537 389 quibusvis
555 345 910 385 excommunicationis,
925 343 1106 388 suspensio·

174 384 430 442 {fi-'‘ft'il-sst-ssllft'gl‘fnis,
449 403 482 430 et
507 399 690 438 interdicti,
716 399 851 442 aliisque
877 395 1105 431 ecclesiasticis

173 436 358 510 {itllfllffftlssssp1-‘53i
370 451 553 491 sententiis,
570 452 718 484 censuris
735 457 766 484 ct
790 451 915 495 poenis,
937 462 954 483 a
971 450 1039 483 iure
1056 449 1106 481 vel

173 496 193 511 ΙΙΙ
210 496 231 510 ΙΊΙ
250 496 279 510 ΙΊΐ
297 505 302 510 ι

174 308 215 326 tani
251 305 276 326 Ca

175 341 185 350 .,

210 2207 322 2227 nemetum
338 2206 364 2226 ir-

182 2235 255 2255 rimus.

1001 239 1144 266 CLEMENS
1166 242 1184 265 X
1210 241 1258 265 ΡΡ.

368 504 407 534 a'.»
431 503 574 545 homine,
595 505 706 548 quavis
730 504 902 537 occasione
933 504 982 536 vel
1012 504 1107 535 causa

368 556 449 596 latis,
471 557 496 589 si
522 557 639 600 quibus
663 557 911 601 quomodolibet
935 556 1107 589 innodatus

369 609 486 650 existit,
505 610 545 643 ad
566 609 717 644 effectum
738 609 958 654 praesentium
984 609 1108 642 dumta-

368 668 421 695 xat
437 664 723 707 consequendum,
750 664 866 696 harum
890 662 975 695 serie
1002 662 1108 694 absol-

369 721 481 748 ventes
496 717 724 750 etabsolutum
754 717 820 749 sore
847 721 1030 755 censentes,
1049 715 1109 746 liu-

370 769 507 802 iusmodi
540 769 832 813 supplicationibus
868 768 1038 808 inclinati,
1069 768 1108 800 de

368 822 602 855 venerabilium
617 823 751 856 fratrum
766 827 949 855 nostrorum
967 820 997 853 S.
1016 820 1051 852 R.
1072 819 1106 852 E.

370 875 583 909 cardinalium
606 876 745 919 negotiis
764 882 795 908 et
811 874 1108 908 consultationibus

371 928 603 972 episcoporum
628 935 660 962 et
681 929 881 972 regularium
906 927 1110 971 praeposito-

370 991 441 1013 rum
467 982 615 1021 consilio‚
643 981 867 1025 superioribus
893 985 924 1013 et
948 979 1109 1022 religiosis

370 1034 530 1077 praedicti
548 1034 676 1067 Ordinis
694 1035 809 1067 Beatae
836 1034 952 1066 Mariae
975 1033 1013 1065 de
1030 1032 1110 1065 Mer-

369 1087 446 1119 cede
468 1086 712 1130 Redemptionis
731 1086 947 1129 Captivorum,
963 1091 1025 1118 tam
1044 1084 1111 1118 Cal-

370 1138 469 1171 ceatis
485 1149 579 1182 qttam
598 1139 811 1180 Discalceatis,
827 1139 866 1172 ad
881 1139 1000 1171 limites
1018 1148 1110 1181 prae-

372 1191 505 1224 fatarum
531 1192 705 1225 Clementis
723 1193 760 1225 IX
779 1192 1044 1236 praedecessoris
1062 1192 1111 1224 lit-

373 1249 524 1285 terarum‚
552 1245 731 1288 apostolica
755 1246 968 1286 auctoritate,
997 1250 1109 1277 tenore

372 1298 600 1340 praesentium,
627 1298 832 1342 indulgemus
856 1304 892 1331 ut
914 1299 1110 1342 ubicumque

372 1352 518 1384 locorum
543 1351 681 1395 quilibet
698 1352 729 1383 in
748 1362 806 1384 suo
825 1352 969 1384 districtu
996 1352 1110 1384 domos

373 1408 405 1436 et
429 1404 628 1437 monasteria
658 1405 745 1437 iuxta
778 1405 861 1438 sacri
887 1404 1020 1439 concilii
1045 1404 1112 1436 Tri-

373 1457 498 1489 dentini
525 1457 654 1490 decreta
680 1458 718 1491 de
745 1458 958 1491 solalicentia
976 1458 1111 1491 Ordina-

372 1509 494 1543 riorum
520 1511 677 1552 locorum,
697 1511 785 1543 nullo
804 1511 939 1544 aliarum
958 1522 1112 1555 persona-

375 1573 445 1596 rum
469 1564 759 1596 ecclesiasticarum
779 1570 807 1597 et
827 1564 965 1597 cuiusvis
985 1564 1112 1597 Ordinis

373 1617 570 1659 regularium
598 1618 752 1661 requisito
779 1629 959 1658 consensu,
986 1617 1110 1650 etiamsi

374 1669 477 1703 dictae
504 1671 616 1703 domus
642 1676 672 1704 et
698 1672 893 1704 monasteria
918 1672 989 1704 aliis
1009 1671 1112 1704 domi-

373 1723 433 1755 bus
460 1724 666 1766 regularibus
698 1724 827 1758 Ordinis
863 1724 1111 1758 Mendicantium

373 1776 475 1818 magis
502 1777 605 1810 vicina
627 1783 739 1810 essent
765 1789 860 1820 quam
878 1778 908 1810 in
934 1777 1112 1821 privilegiis

374 1829 531 1862 Ordinum
558 1830 806 1863 Mendicantium
832 1831 1018 1864 huiusmodi
1041 1842 1113 1864 con-

374 1881 472 1915 cessis
499 1882 732 1926 praescriptum
751 1889 809 1924 est,
832 1886 955 1917 servata
980 1884 1012 1917 in
1037 1884 1113 1917 reli-

375 1934 447 1978 quis
475 1935 743 1968 constitutionum
772 1937 1022 1980 apostolicarum
1051 1937 1113 1970 for-

374 1990 432 2024 ma,
453 1988 607 2030 condere,
628 1989 763 2022 fundare
779 1995 810 2022 et
831 1990 956 2033 erigere
978 1991 1112 2032 possint:

374 2041 460 2073 salva
485 2045 591 2074 tamen
624 2052 755 2085 sezuper
779 2042 810 2074 in
843 2043 1030 2086 praemissis
1060 2055 1114 2076 au-

374 2094 521 2127 ctoritate
546 2094 812 2138 Congregationis
838 2096 1025 2129 corumdem
1053 2108 1114 2130 car-

377 2147 543 2180 dinalium.

419 2200 434 2243 §
458 2200 489 2233 3.
509 2201 731 2235 Decernentcs
750 2201 836 2246 ipsas
854 2208 1047 2246 praesentes
1068 2203 1114 2236 lit-

380 2258 466 2286 teras
491 2264 619 2297 semper
646 2254 769 2296 firmas,
794 2255 917 2288 validas
947 2261 980 2289 et
1009 2256 1116 2290 cilica-

378 2316 432 2339 ces
458 2306 599 2340 existere
625 2313 657 2340 et
681 2308 764 2348 sore,
783 2318 929 2352 suosque
946 2309 1114 2352 plenarios

378 2364 411 2392 et
433 2358 581 2402 integros
606 2359 739 2393 effectus
758 2361 869 2394 sortiri
896 2366 928 2394 et
952 2362 1115 2402 obtinere,

378 2422 415 2444 ac
435 2411 511 2452 illis,
530 2412 569 2444 ad
588 2423 670 2456 quos
688 2419 817 2456 spectat
834 2419 867 2446 ct
890 2424 950 2457 pro
970 2419 1115 2458 tempore

379 2465 649 2508 quandocumque
672 2467 846 2509 spectabit,
866 2467 899 2499 in
918 2467 1068 2500 omnibus
1085 2473 1117 2500 et

378 2528 439 2561 per
455 2518 564 2551 omnia
581 2519 771 2562 plenissime
797 2520 983 2564 suffragari,
1001 2521 1115 2565 sicque

379 2571 412 2603 in
437 2572 622 2614 praemissis
648 2583 708 2615 per
736 2584 963 2618 quoscumque
989 2574 1115 2607 iudices

379 2624 566 2658 ordinarios
581 2630 610 2658 et
634 2626 813 2668 delegatos,
829 2628 926 2660 etiam
942 2639 1116 2662 causarum

1783 227 1846 261 589
1894 237 1941 262 Αη,
1963 235 1991 262 C.
2010 234 2077 261 ¹⁴55

1147 289 1259 333 palatii
1281 289 1454 333 apostolici
1480 289 1658 327 auditores,
1688 287 1824 320 indit-ari
1851 291 1883 319 et

1149 342 1277 375 definiri
1300 342 1435 382 debere,
1462 353 1499 374 ac
1531 341 1659 374 irritum
1686 345 1718 373 et
1741 341 1838 372 inane
1856 339 1882 371 si

1148 405 1244 440 secus
1262 406 1364 439 super
1382 395 1434 427 liis
1454 406 1470 427 a
1489 404 1668 438 quoquam,
1691 393 1803 436 quavis
1829 403 1885 425 au-

1148 449 1314 489 ctoritate,
1336 448 1482 481 scienter
1500 448 1548 480 vel
1562 447 1766 490 ignoranter,
1782 445 1886 479 conti-

1133 502 1235 544 ,gerit
1259 501 1428 534 attentari.
1646 492 1654 499 ”

1193 556 1207 599 g
1231 555 1263 587 4.
1295 555 1364 588 Non
1389 555 1593 587 obstantibus
1621 553 1823 597 praemissis,
1851 562 1885 585 ae
1922 567 2081 587 canum-mvn...

1150 608 1434 642 constitutionibus
1464 613 1496 641 et
1526 607 1784 640 ordinationibus
1810 594 2018 649 apo-'¹⁶''‘'''''“'⁰'

1151 661 1285 701 stolicis,
1299 671 1428 694 necnon
1443 661 1594 694 omnibus
1612 665 1643 692 et
1659 659 1795 703 singulis
1812 659 1886 699 illis,

1152 724 1234 756 quae
1263 714 1295 746 in
1320 713 1512 757 supradictis
1538 713 1712 747 Clementis
1738 712 1776 745 IX
1794 723 1889 756 prae—

1152 766 1334 800 decessoris
1353 767 1468 800 litteris
1486 777 1638 799 concessa
1657 771 1730 799 sunt
1749 776 1813 798 non
1835 766 1890 798 ob-

1153 824 1247 859 stare,
1269 819 1448 863 ceterisque
1475 819 1646 853 contrariis
1675 819 1886 862 quibuscum-

1153 882 1224 914 que.

1196 925 1210 967 ξ
1235 924 1266 957 5.
1287 924 1441 958 Volumus
1461 930 1566 957 autem
1585 930 1617 957 ut
1639 925 1823 958 earumdem
1843 924 1889 957 lit-

1154 982 1294 1009 terarum
1320 978 1545 1021 transumptis,
1571 989 1628 1011 seu
1655 978 1822 1022 exemplis,
1850 984 1890 1011 et-

1154 1029 1216 1062 iam
1237 1030 1412 1074 impressis,
1429 1041 1525 1063 manu
1547 1031 1684 1063 alieuius
1703 1031 1818 1064 notarii
1838 1042 1891 1075 pu-

1154 1082 1230 1115 blici
1260 1082 1466 1126 subscriptis,
1486 1089 1515 1116 et
1541 1083 1648 1126 sigillo
1674 1094 1834 1127 personae
1860 1084 1891 1116 in

1153 1136 1373 1169 ecclesiastica
1406 1136 1563 1178 dignitate
1597 1137 1793 1169 constitutae
1827 1147 1893 1169 mu-

1155 1188 1238 1227 nitis,
1261 1189 1374 1221 eadem
1400 1199 1533 1232 prorsus
1560 1188 1638 1221 sides
1665 1189 1695 1221 in
1722 1189 1843 1223 iudicio
1862 1195 1893 1222 et

1154 1248 1243 1274 extra
1277 1241 1356 1274 illud
1394 1241 1575 1281 habeatur,
1611 1252 1691 1285 quae
1717 1242 1894 1275 haberetur

1156 1294 1232 1338 ipsis
1267 1295 1495 1338 praesentibus
1528 1294 1552 1326 si
1587 1294 1693 1327 forent
1729 1295 1891 1327 exhibitae

1155 1348 1203 1380 rel
1231 1353 1391 1381 ostensae.

1198 1401 1310 1433 Datum
1336 1401 1469 1442 Romae,
1494 1402 1578 1445 apud
1598 1401 1629 1434 S.
1650 1401 1779 1434 Mariam
1800 1402 1894 1435 Maio—

1155 1465 1232 1495 rem,
1252 1454 1310 1486 sub
1329 1455 1450 1487 annulo
1475 1454 1660 1495 Piscator-is,
1679 1454 1730 1487 die
1756 1466 1806 1488 xix
1826 1455 1893 1488 iulii

1156 1518 1317 1547 unctxxv‚
1336 1507 1544 1552 pontificatus
1564 1508 1665 1541 nostri
1692 1519 1776 1541 anno
1796 1519 1838 1541 vt.

1551 1561 1573 1593 l.
1600 1561 1635 1593 G.
1663 1561 1802 1595 Strsms.

1191 1625 1251 1651 Dat.
1273 1624 1316 1651 die
1339 1624 1369 1651 19
1389 1624 1445 1651 iulii
1465 1624 1545 1658 1675,
1568 1624 1661 1659 pontis.
1681 1632 1751 1650 anuo
1774 1631 1808 1649 vi.

1951 938 2013 958 Franz
2029 940 2085 956 trau-

1900 968 2039 990 sumptorum.

1191 1687 1357 1722 Regiscraca
1377 1688 1409 1714 ‘in
1429 1688 1548 1720 Sem-et„
1570 1687 1598 1713 in
1620 1686 1668 1713 lab.
1691 1686 1773 1714 Brev.
1792 1686 1894 1714 mensis

1132 1737 1135 1786 ’ἱ
1156 1732 1234 1766 tuilf,
1253 1735 1330 1766 part.
1356 1733 1487 1767 ulmique,
1507 1732 1558 1765 fol.
1579 1730 1640 1758 810.

1132 1787 1134 1802 l

1433 1875 1618 1908 CLXXXIX.

1157 1954 1332 1994 Slalutum,
1362 1958 1398 1987 ut
1422 1954 1460 1987 tle
1484 1958 1595 1994 celero,
1622 1954 1682 1997 qui
1706 1954 1895 1987 convictores

1202 2008 1237 2039 in
1250 2007 1395 2050 collegiis
1408 2007 1584 2050 pontificiis
1594 2007 1714 2050 Anylm
1724 2018 1789 2047 um,
1801 2008 1895 2040 Grae-

1201 2071 1332 2099 corum,
1361 2061 1627 2098 illorow‘laram,
1659 2060 1826 2094 Scotorum
1857 2071 1894 2092 ac

1200 2113 1424 2145 Hibericarum
1450 2114 1662 2155 recspiuntm,
1680 2113 1825 2145 alumnis
1847 2113 1894 2154 ip-

1201 2176 1311 2198 sorum
1325 2166 1533 2208 colleqiormn
1559 2167 1594 2198 in
1617 2166 1705 2197 viola
1727 2170 1755 2198 et
1778 2167 1894 2197 rescita

1203 2220 1333 2262 laicique
1352 2219 1525 2251 domeslz'cci
1549 2218 1724 2261 ‹liscipliml
1756 2229 1786 2250 se
1814 2227 1892 2250 con-

1200 2272 1342 2314 formare
1365 2271 1505 2305 debeant.
1640 2271 1642 2273 ’

1384 2352 1517 2379 clemens
1538 2352 1617 2385 Papa
1636 2352 1670 2385 x,

1299 2398 1335 2424 ad
1354 2397 1487 2424 futuram
1506 2396 1551 2423 rei
1571 2396 1753 2424 memoriam.

1203 2468 1266 2512 gl.
1286 2468 1374 2509 Cum,
1389 2467 1471 2501 sicut
1496 2468 1688 2511 accepimus,
1710 2468 1748 2500 ad
1775 2474 1895 2501 rectam
1934 2474 2043 2495 Μυιυυιηι

1160 2522 1334 2555 iuventutis
1348 2521 1583 2555 institutionem
1600 2521 1632 2553 in
1651 2521 1796 2564 collegiis
1816 2533 1897 2565 pon-

1162 2574 1268 2608 tificiis
1294 2575 1481 2618 Anglorum,
1499 2574 1706 2612 Graecorum,
1728 2574 1898 2607 Maronita-

1162 2639 1230 2661 rum
1248 2633 1280 2661 et
1304 2628 1471 2662 Scotorum
1489 2628 1526 2661 de
1549 2627 1632 2660 Urbe
1652 2628 1804 2671 (quorum
1822 2638 1898 2662 cura
