2279 3260
267 268 315 294 Αιι.
337 268 364 294 c.
389 270 455 296 ¹670
499 260 541 293 (λὲ

301 1275 398 1295 lin-ultas
420 1277 449 1295 te-

267 1302 342 1322 standi.

454 1478 700 1518 immobilibus,
727 1490 808 1522 quae
836 1485 940 1511 tamen
972 1490 1036 1511 non
1066 1479 1130 1512 sint
1155 1480 1199 1512 al-

1039 272 1217 297 nuLLAmuM

459 318 581 350 stolicis
603 329 700 362 super
717 320 992 353 reservationibus
1006 327 1036 353 et
1054 321 1196 363 assigna-

459 371 602 404 tionibus
639 373 824 406 huiusmodi
859 385 924 407 non
960 374 1134 413 consectis,
1161 384 1197 405 ac

458 424 537 456 alias
574 436 645 458 cuin
682 426 830 459 omnibus
869 432 901 459 et
939 426 1195 469 quibuscumque

458 478 729 520 exemptionibus,
745 479 929 521 privilegiis,
952 478 1098 517 decretis,
1115 480 1198 511 clau-

458 530 546 570 sulis,
573 531 784 571 cautionibus,
811 531 966 569 vinculis,
993 530 1219 583 obligationiff

458 583 518 615 bus
550 589 581 616 et
614 585 768 623 cautelis,
796 595 831 616 ac
867 584 965 616 etiam
998 583 1142 616 censuris
1167 589 1220 626 etQ

459 637 573 678 poenis
599 637 629 668 in
655 637 819 680 prioribus
837 636 1114 668 reservationibus
1139 630 1220 672 liu-J

458 687 599 731 jusmodi
626 690 790 721 concessis
817 695 848 721 et
871 689 1047 728 contentis,
1069 699 1198 721 necnon

461 752 532 772 cnm
561 742 792 783 subrogatione
828 741 860 772 in
892 741 1055 784 quibusvis
1085 741 1198 772 vestris

460 793 593 833 iuribus,
610 794 705 826 etiam
722 794 825 836 quoad
849 793 938 836 qnasi
955 793 1198 836 possessionem

460 846 619 888 exigendi,
639 847 671 878 in
690 858 751 889 qna
772 852 846 879 tunc
865 845 964 885 eritis,
981 846 1107 888 integre
1128 857 1200 888 per·
1218 855 1221 865 ⁸

460 900 628 931 solvendas
662 902 801 940 (servata
827 905 933 931 tamen
960 900 1061 932 fornia
1084 896 1220 931 consti?

461 951 592 983 tutionis
616 951 716 983 felicis
741 951 979 983 recordationis
996 951 1116 983 Urbani
1142 951 1220 983 Pii-¹

459 1013 519 1045 pae
556 1003 617 1035 vn]
655 1002 916 1045 praedecessoris
953 1003 1055 1036 nostri
1091 1004 1198 1046 quoad

461 1066 626 1088 excessum
651 1055 835 1088 medietatis
860 1057 1038 1099 fructuum)
1056 1066 1199 1088 reserva-

460 1119 505 1149 re,
529 1109 729 1142 constituere
747 1114 779 1142 et
797 1110 962 1151 assignare
986 1111 1124 1149 valeant,
1146 1120 1199 1141 au-

461 1162 605 1202 ctoritate
631 1167 662 1194 et
686 1168 800 1194 tenore
818 1162 992 1205 praedictis
1010 1162 1048 1195 de
1067 1162 1198 1205 speciali
1218 1184 1221 1201 .

462 1215 562 1257 gratia
587 1215 805 1257 indulgemus.

505 1268 519 1310 g
544 1267 595 1299 te.
623 1268 755 1301 Necnon
780 1268 876 1300 etiam
896 1267 997 1308 vobis,
1017 1273 1053 1300 ut
1073 1268 1111 1301 de
1132 1279 1199 1301 om-

462 1320 556 1351 nibns
575 1325 606 1351 et
626 1319 761 1362 singulis
779 1320 938 1361 domibus,
956 1320 1109 1363 praediis,
1127 1331 1199 1363 pos-

461 1373 681 1412 sessionibus,
706 1373 800 1406 terris
826 1379 857 1406 ct
879 1374 960 1406 locis
977 1400 984 1412 ,
1011 1384 1047 1406 ac
1071 1373 1220 1412 invissit-2

460 1425 631 1465 ctionibus,
654 1425 833 1469 ceterisque
858 1426 954 1458 bonis
970 1425 1146 1458 mobilibus
1167 1432 1199 1459 et

461 1531 539 1563 turis
575 1542 632 1563 seu
669 1532 819 1564 altarium
855 1531 1068 1564 ecclesiarum
1108 1532 1198 1565 vobis

461 1584 706 1617 commissarum
726 1585 906 1618 ministerio
928 1596 983 1618 seu
1004 1586 1100 1618 alicui
1125 1597 1200 1629 spe-

461 1637 533 1669 ciali
559 1638 744 1670 earumdem
770 1637 978 1671 ecclesiarum
1004 1638 1113 1671 divino
1132 1641 1200 1673 cul-

463 1689 506 1721 tui
525 1701 579 1721 seu
601 1690 670 1722 usui
689 1691 849 1733 deputata,
865 1701 965 1734 seque
983 1692 1197 1731 moventibus,

463 1742 692 1785 cuiuscumque
719 1743 893 1786 qualitatis,
925 1743 1121 1786 quantitatis,
1147 1756 1200 1778 va-

462 1795 550 1834 loris,
575 1795 713 1838 speciei,
742 1796 835 1839 pretii
861 1802 892 1828 et
916 1796 1111 1830 conditionis
1136 1798 1221 1845 exim

464 1848 630 1887 stentibus‚
647 1860 680 1881 ac
703 1848 830 1881 iuribus
844 1854 876 1882 et
894 1849 1072 1883 actionibus
1090 1851 1128 1883 ad
1144 1861 1199 1884 vos

465 1899 605 1941 (ratione
617 1901 946 1941 ecclesiarum,etiam
964 1902 1199 1936 cathedralium
1218 1887 1222 1948 ⁴]

466 1958 498 1985 et
522 1953 854 1996 metropolitanarum,
873 1955 989 1997 quibus
1014 1966 1069 1988 vos
1091 1956 1198 1988 l‘orsan
1220 1957 1221 1961 ’

466 2015 615 2047 praeesse
651 2007 841 2048 contigerit,
879 2017 1008 2040 necnon
1040 2015 1202 2042 monaste-

465 2057 587 2089 riorum
601 2085 608 2098 ,
634 2058 833 2100 prioratuum
850 2086 857 2099 ,
891 2060 1200 2102 praepositurarum,

467 2110 662 2152 dignitatum
693 2117 723 2143 et
753 2112 890 2144 aliorum
921 2123 1200 2157 quorumcumque

466 2162 701 2195 beneficiorum
719 2164 1020 2205 ecclesiasticorum,
1040 2177 1111 2199 cum
1128 2170 1202 2200 cura
1223 2190 1225 2206 i

468 2220 499 2246 ct
523 2214 591 2247 sine
617 2219 700 2256 cura,
727 2217 938 2249 saecularium
964 2224 994 2250 et
1019 2210 1225 2261 quorumvisl

467 2267 621 2300 Ordinum
638 2269 842 2311 regularium,
862 2281 944 2313 quae
963 2271 1059 2304 etiam
1080 2284 1116 2304 ex
1136 2273 1204 2315 qui-
1223 2283 1225 2322 1

466 2321 574 2353 busvis
600 2321 863 2355 concessionibus
888 2329 920 2356 et
955 2324 1226 2367 dispensationi-²

466 2373 526 2405 bns
553 2375 739 2417 apostolicis
757 2375 789 2407 in
808 2375 944 2415 titulum,
969 2379 1202 2420 commendam,

467 2427 789 2467 adntinistrationcm,
810 2440 846 2460 ac
863 2428 941 2461 alias
959 2431 1203 2471 quomodolibet

466 2481 680 2521 ol‘itinueritis,
708 2481 862 2514 obtinetis
887 2487 919 2514 et
943 2482 1142 2524 obtinebitis,
1168 2496 1203 2517 ac

467 2536 634 2573 fructuum,
661 2535 844 2566 reddituum
871 2540 902 2567 et
926 2541 1138 2577 proventuum
1153 2548 1204 2569 ec—

465 2587 719 2620 clesiasticorum
737 2589 806 2620 loco
825 2587 1026 2630 pensionum,
1050 2589 1204 2631 ipsarum-

466 2652 527 2684 que
553 2641 745 2685 pensionum
769 2652 947 2675 annuartnn
970 2652 1066 2686 super
1091 2643 1203 2677 simili-

1241 273 1391 300 Romnum

1238 321 1296 354 bns
1322 323 1488 364 fructibus,
1507 324 1688 357 redditibus
1708 329 1740 357 et
1765 323 1975 367 proventibus

1239 374 1328 407 vobis
1353 382 1589 409 reservatorum
1614 383 1646 410 et
1669 377 1913 419 assignatarum,
1939 386 1976 408 ac

1239 428 1506 460 reservandorum
1531 435 1563 461 et
1587 429 1867 472 assignandarum,
1895 438 1975 471 quos

1239 484 1270 510 et
1294 489 1372 521 quas
1397 482 1625 523 perceperitis,
1651 481 1819 539 percipiffi
1848 486 1879 514 et
1903 491 1976 523 per-

1239 531 1366 573 cipietis
1394 532 1426 563 in
1455 533 1607 573 futurum,
1629 545 1759 567 necnon
1775 534 1976 567 emolumen-

1240 588 1345 616 torum
1370 595 1646 629 quornmcumque
1671 587 1833 619 Romanae
1862 586 1975 619 Curiae

1240 636 1432 677 officiorum,
1459 643 1490 670 et
1513 639 1592 671 alias
1617 639 1877 682 quomodolibet)
1902 649 1976 681 spe-

1240 689 1398 722 ctantibus
1430 695 1461 722 et
1494 691 1795 733 pertinentibus,ac
1819 691 1914 724 etiam
1936 692 1975 723 de

1241 742 1336 774 dictis
1361 743 1580 785 proventibus,
1606 743 1770 783 fructibus,
1791 743 1976 776 redditibus

1242 799 1273 826 et
1295 794 1507 837 pensionibus
1525 795 1650 835 annuis,
1668 806 1796 828 necnon
1821 799 1928 828 vestra
1945 806 1978 828 et

1240 848 1411 880 cuiuslibet
1440 854 1582 881 vestrum
1612 844 1771 881 industria
1802 854 1834 881 et
1865 849 1977 881 labore

1241 900 1484 942 quomodolibet
1508 906 1539 933 et
1563 901 1801 943 undecumque,
1826 900 1912 934 licite
1934 906 1978 933 ta-

1241 964 1326 993 men,
1353 953 1518 996 acquisitis
1544 959 1575 986 et
1591 953 1815 996 acquirendi&
1838 965 1875 986 ac
1899 954 1977 986 alias

1241 1005 1349 1048 quavis
1375 1006 1547 1038 occasione
1576 1007 1625 1038 vel
1647 1008 1741 1038 causa
1759 1016 1814 1038 seu
1839 1011 1977 1039 contem-

1240 1058 1382 1100 platione
1407 1059 1446 1090 ad
1472 1062 1527 1091 vos
1551 1058 1714 1102 perventis
1746 1065 1777 1091 et
1804 1064 1977 1101 perventu-

1241 1110 1292 1151 ris,
1318 1111 1442 1143 etizunsi
1468 1112 1498 1143 in
1520 1111 1657 1154 pecunia
1681 1113 1856 1149 numerata,
1877 1115 1909 1142 et
1932 1110 1978 1143 io-

1240 1164 1371 1203 calibus,
1397 1164 1540 1205 gemmis,
1570 1163 1705 1206 aliisque
1730 1163 1978 1206 pretiosioribus

1240 1216 1336 1249 rebus
1348 1217 1533 1256 consistant,
1549 1222 1612 1248 tam
1626 1217 1658 1248 in
1672 1216 1754 1249 dicta
1768 1215 1868 1256 curia,
1881 1227 1977 1258 qnam

1241 1274 1329 1301 extra
1350 1280 1429 1308 eam,
1448 1269 1569 1311 ubique
1588 1270 1743 1307 locorum,
1761 1268 1857 1302 etiam
1874 1279 1976 1311 penes

1240 1321 1396 1354 beneficia
1415 1322 1483 1364 ipsa
1500 1321 1710 1354 existentibus
1739 1322 1889 1364 (quorum
1910 1332 1979 1353 om-

1240 1375 1329 1406 nium
1361 1375 1531 1417 qualitates
1555 1380 1586 1407 et
1615 1382 1719 1408 vero&
1732 1375 1829 1407 etiam
1856 1385 1978 1407 annuos

1241 1428 1376 1467 valeres,
1396 1427 1520 1459 etiarnsi
1548 1428 1622 1460 talia
1639 1428 1754 1469 forent,
1774 1438 1856 1470 quae
1878 1437 1977 1469 gene-

1218 1526 1219 1529 Ἴ
1241 1480 1298 1513 rali
1324 1481 1542 1523 appellatione
1560 1480 1721 1513 bonorum
1739 1486 1772 1513 et
1795 1480 1978 1523 supelleeti-

1241 1534 1319 1565 lium
1343 1544 1406 1566 non
1432 1533 1600 1574 venirent,
1626 1534 1682 1566 sed
1714 1533 1906 1577 specialibus
1930 1533 1979 1565 in—

1242 1586 1390 1628 digerent
1411 1586 1577 1619 vocabulis
1592 1613 1599 1625 ‚
1623 1586 1866 1630 praesentibus,
1894 1598 1929 1619 ae
1953 1586 1979 1618 si

1241 1639 1391 1682 specifice
1424 1644 1455 1671 et
1478 1638 1644 1681 sigillatim
1668 1639 1925 1682 exprimerentur
1949 1644 1981 1671 et

1219 1726 1220 1730 ,
1242 1691 1540 1731 denominarentur,
1558 1702 1618 1735 pro
1636 1690 1832 1723 sufficienter
1849 1701 1981 1733 expres-

1219 1741 1221 1791 ¹,
1242 1743 1284 1776 sis
1314 1754 1350 1776 ac
1375 1744 1543 1776 declaratis
1565 1744 1679 1777 haberi
1696 1744 1858 1786 volumus)
1879 1753 1980 1786 usque

1242 1798 1280 1830 ad
1301 1808 1457 1830 summam
1477 1808 1530 1830 sex
1551 1797 1687 1830 millium
1706 1798 1893 1829 ducatorum
1911 1797 1980 1831 auri

1243 1851 1280 1883 de
1306 1852 1438 1890 camera,
1466 1860 1501 1883 ac
1527 1850 1623 1882 etiam
1644 1850 1683 1882 de
1708 1849 1786 1892 ipsis
1812 1849 1978 1889 fructibus,

1241 1903 1421 1935 redditibus
1447 1908 1478 1935 et
1494 1903 1704 1945 proventibus
1722 1908 1753 1935 et
1768 1901 1981 1947 pensionibus

1243 1955 1360 1988 debitis
1378 1960 1409 1988 et
1425 1955 1581 1988 debendis
1602 1956 1739 1997 (servata
1755 1960 1864 1987 tamen
1880 1955 1982 1988 forma

1244 2008 1509 2041 constitutionum
1544 2008 1793 2051 apostolicarum
1825 2008 1889 2040 iam
1915 2008 1982 2040 edi-

1245 2067 1345 2093 tarum
1370 2066 1402 2093 et
1426 2060 1451 2093 si
1476 2071 1554 2103 quas
1576 2060 1732 2103 deinceps
1756 2060 1809 2093 edi
1836 2060 1983 2103 contige-

1244 2114 1285 2145 rit
1307 2124 1404 2156 super
1428 2113 1586 2145 fructibus
1610 2111 1791 2155 mametis),
1808 2112 1904 2145 etiam
1927 2123 1982 2145 cu-

1245 2166 1395 2199 mulative
1421 2177 1492 2198 cum
1525 2166 1690 2209 quibusvis
1722 2165 1791 2198 aliis
1823 2165 1981 2198 similibus

1245 2222 1293 2253 vel
1319 2220 1529 2253 dissimilibus
1562 2220 1766 2253 facultatibus
1800 2219 1917 2252 lia-bitis
1948 2225 1982 2252 et

1246 2274 1416 2313 habendis,
1431 2280 1493 2305 tam
1510 2284 1567 2316 pro
1582 2273 1770 2305 decentibus
1789 2278 1821 2305 et
1836 2273 1982 2305 honestis

1246 2326 1399 2370 impensis
1418 2326 1606 2358 funebribus
1624 2337 1718 2368 qnam
1739 2326 1835 2359 etiam
1852 2336 1911 2368 pro
1932 2337 1982 2358 re-

1246 2379 1469 2412 muneratione
1484 2379 1616 2412 illorum
1631 2379 1684 2422 qui
1698 2379 1981 2412 vobisviventibus

1247 2433 1427 2472 servierint,
1451 2433 1545 2464 etiam
1573 2433 1655 2465 ultra
1672 2432 1792 2465 servitii
1816 2432 1979 2473 meritum,

1247 2497 1281 2518 ac
1307 2486 1339 2517 in
1363 2491 1542 2517 vestrorunt
1561 2485 1874 2526 consanguineorum
1891 2491 1922 2517 et
1938 2486 1982 2518 al*-

1247 2538 1356 2570 lininm
1380 2548 1417 2570 ac
1441 2548 1716 2580 quortnncumque
1745 2537 1873 2581 piorum
1897 2539 1982 2571 loco-

1246 2601 1316 2622 rum
1343 2591 1481 2623 savorem
1507 2596 1537 2622 et
1563 2601 1664 2628 nsinn,
1688 2602 1723 2623 ac
1748 2591 1826 2623 alias
1850 2601 1908 2634 pro
1933 2602 1982 2624 ar-

1246 2643 1342 2676 bitrio
1368 2648 1397 2676 ct
1423 2644 1584 2676 voluntate
1610 2643 1722 2677 vestris
1754 2648 1785 2676 ct
1813 2644 1981 2678 cuiuslibet

1980 273 2031 301 An.
2053 275 2081 302 Γ..
2095 272 2165 302 1070
