2279 3260
177 252 234 282 An.
250 252 278 282 C.
302 251 369 282 1672

203 1840 288 1863 Petilio.

999 253 1141 280 CLEMENS
1163 255 1182 279 X
1206 255 1254 279 ΡΡ.

373 309 513 337 strorum
540 304 570 337 S.
599 304 635 336 n.
666 304 700 337 Ε.
728 304 939 337 cardinalium
967 304 1106 346 negotiis

373 362 403 388 et
428 357 721 389 consultationibus
747 357 974 399 episcoporum
1002 362 1034 389 et
1059 368 1107 388 re-

374 409 531 450 gularium
557 409 751 452 praeposita,
774 409 805 441 in
824 409 1041 442 controversia
1062 409 1108 441 iu-

373 467 421 494 ter
445 462 531 504 ipsos
558 467 757 505 exponentes
776 473 812 493 ex
837 465 899 494 unzi
923 468 950 494 et
972 462 1107 494 dilectos

372 514 494 556 pariter
528 514 611 546 tilios
646 515 758 546 fratres
792 514 920 547 Ordinis
950 514 1106 547 Minorum

373 567 515 599 eiusdem
533 566 633 599 sancti
652 567 816 600 Francisci
835 567 1106 610 Cappuccinorum

372 624 631 661 nuncupatorum
662 619 693 650 in
727 630 828 661 regno
854 619 1027 651 Galliarum
1054 619 1108 650 de-

370 677 486 714 gentes
505 683 542 704 ex
561 673 660 705 altera
690 673 835 714 partibus
858 673 943 704 eirca
962 672 1009 704 ius
1034 682 1108 703 con-

372 725 496 757 serendi
534 725 680 757 habitum
707 725 803 757 Tertii
840 725 968 757 Ordinis
1005 725 1105 756 sancti

372 778 532 810 Francisci
558 778 727 821 utriusque
753 789 846 810 sexus
865 778 1013 820 personis
1038 788 1107 809 sac-

373 831 542 870 cxdaribus,
562 841 680 873 easque
697 830 865 872 dirigendi,
885 835 1038 869 vertente,
1057 829 1106 861 die

373 893 427 916 x111
455 883 560 914 martii
584 883 731 926 proxime
757 883 935 925 praeteriti,
963 882 1107 925 partibus

373 935 494 977 pluries
528 935 666 975 auditis,
704 935 900 967 decrevisset
924 940 958 966 ut
990 935 1105 966 fratres

373 988 566 1031 Cappuccini
592 988 726 1030 praefati
752 989 791 1020 ab
810 988 994 1020 huiusmodi
1022 987 1107 1019 habi-

373 1046 421 1072 tus
436 1040 607 1073 collatione
623 1045 655 1072 et
669 1040 847 1072 directione
865 1040 994 1082 penitus
1013 1039 1107 1071 absti⁴

372 1098 498 1132 nerent,
526 1092 749 1131 nihilominus,
776 1093 896 1125 dilecto
922 1092 1014 1124 etiam
1040 1091 1105 1124 tilio

371 1149 579 1185 procuratore
593 1143 736 1186 generali
750 1142 878 1175 Ordinis
891 1144 1021 1175 sratrum
1033 1142 1106 1185 Cap-

372 1196 580 1238 puccinorum
605 1201 827 1239 conquerente
860 1206 891 1228 se
924 1195 956 1227 in
981 1195 1105 1227 iuribus

372 1248 437 1280 suis
462 1248 658 1281 sufficienter
682 1249 824 1281 auditum
846 1258 910 1281 nou
929 1248 1035 1287 fuisse,
1055 1259 1106 1281 ea-

373 1301 444 1334 dem
459 1301 669 1334 cardinalium
682 1301 896 1343 Congregatio
912 1301 962 1333 die
977 1312 1013 1334 xx
1027 1302 1106 1334 eius-

373 1355 446 1387 dem
464 1355 584 1387 mensis
603 1354 766 1387 mandavit
779 1355 818 1387 ab
833 1355 1039 1398 expeditione
1057 1355 1104 1387 sui

372 1407 492 1440 decreti
524 1407 708 1439 huiusmodi
741 1408 974 1450 supersederi,
1008 1414 1104 1450 utque

372 1459 476 1491 dictus
492 1465 684 1502 procurator
695 1460 854 1501 generalis
867 1461 1022 1503 quasdam
1038 1471 1106 1503 pro-

372 1512 543 1544 visionales
560 1512 706 1545 insimili
726 1513 827 1545 forma
843 1513 952 1545 Brevis
972 1514 1105 1552 litteras,

373 1564 466 1607 quas¹
494 1576 510 1597 a
535 1566 728 1598 recolendae
747 1566 921 1598 memoriae
942 1566 1103 1599 Clemente

372 1617 457 1660 Papa
481 1617 519 1650 lx
544 1618 797 1660 praedecessore
823 1624 933 1651 nostro
955 1619 994 1651 ad
1014 1630 1106 1662 prae-

374 1671 427 1702 fati
453 1670 580 1703 Ordinis
615 1671 743 1703 fratrum
774 1671 932 1704 Minorum
962 1671 1106 1715 Cappuc-

373 1723 521 1756 cinorum
545 1723 689 1756 savorem
722 1734 888 1756 emanasse
918 1725 1103 1765 asserebat,

372 1777 517 1819 partibus
544 1777 806 1810 communicaret.

416 1830 430 1872 ἓ
455 1830 486 1862 ’1.
513 1829 589 1862 Cum
615 1834 730 1870 autem,
761 1830 843 1862 sicut
868 1830 979 1863 cadem
1007 1841 1105 1874 expo—

370 1881 444 1914 sitio
469 1882 703 1924 subiungebat,
728 1883 892 1925 praefatus
916 1890 1105 1926 procurator

371 1934 532 1977 generalis
562 1935 594 1967 id
627 1946 691 1967 non
716 1936 933 1978 praestiterit,
959 1935 1103 1979 nihilque

371 1989 499 2028 habeat,
519 1988 605 2030 quod
631 1988 762 2030 pluries,
783 1988 862 2020 etin
881 1989 1013 2021 diversis
1031 2000 1105 2021 con-
1125 1997 1127 2008 ¹

373 2040 579 2080 tradietoriis,
603 2046 665 2072 tam
690 2051 798 2072 coram
823 2040 985 2083 praefata,
1011 2052 1104 2083 quam

371 2103 479 2126 coram
504 2094 614 2133 altera,
644 2103 759 2135 nempe
786 2093 1019 2126 venerabilium
1045 2095 1126 2138 sra-¹

372 2152 454 2178 trum
479 2151 662 2178 nostrorum
689 2145 835 2177 eiusdem
856 2145 886 2177 S.
911 2146 947 2177 R.
970 2146 1004 2178 E.
1036 2157 1105 2178 car-

371 2198 528 2231 dinalium
542 2197 674 2231 Concitii
690 2197 868 2230 Tridentini
885 2197 1103 2240 interpretum,

371 2250 680 2293 Congregationibus
707 2260 772 2283 non
798 2251 893 2283 suerit
917 2251 994 2283 alias
1021 2262 1037 2283 a
1059 2251 1105 2283 di·
1125 2247 1127 2280 ,l

371 2304 429 2336 ctis
462 2297 612 2335 fratribus
644 2303 857 2346 Cappuccinis
893 2304 1102 2345 productum3

371 2361 403 2388 et
421 2361 596 2399 propterca
613 2356 687 2388 dicti
709 2361 918 2399 exponentes,
936 2362 971 2388 ut
996 2358 1105 2390 huius-

370 2408 457 2441 modi
483 2409 720 2441 controversiae
738 2409 800 2441 iam
819 2410 913 2442 toties
932 2415 962 2442 et
980 2415 1043 2443 tam
1061 2422 1105 2444 so-

371 2462 521 2495 lemniter
538 2461 674 2502 decisae,
693 2467 723 2494 et
740 2462 913 2496 novissime
932 2474 1037 2495 coram
1058 2465 1105 2497 di·
1125 2484 1126 2489 =

372 2518 420 2547 cta
444 2515 654 2547 cardinalium
669 2514 922 2558 Congregatione
943 2521 991 2548 ter
1009 2528 1105 2560 expo·
1124 2519 1126 2557 ᾗ

372 2568 466 2608 sitae,
499 2568 571 2600 finis
597 2568 724 2600 tandem
752 2568 958 2611 imponatur,
983 2581 1019 2602 ac
1043 2570 1104 2603 alia

1150 304 1291 346 quinque
1306 303 1434 336 decreta
1449 314 1465 337 a
1479 304 1631 347 praefatis
1650 305 1772 338 duabus
1787 305 1884 337 cardi·

1151 355 1269 388 natium
1286 356 1597 399 Cougrcgatiouibus
1615 357 1794 400 respective
1810 368 1886 390 con-

1151 413 1198 440 tra
1222 409 1384 451 praefatos
1416 410 1529 441 fratres
1559 409 1779 452 Cappuccinos
1805 421 1885 442 ema-

1151 466 1223 493 nata
1250 472 1378 494 nernon
1405 462 1545 505 desuper
1569 463 1736 505 expeditae
1762 463 1885 505 pariter

1150 514 1181 545 in
1207 514 1308 546 forma
1334 515 1441 546 Brevis
1464 515 1589 547 litterae
1612 515 1807 557 apostolicae
1829 516 1886 547 ol)-

1151 572 1529 610 serventur,opportune
1556 567 1615 599 sibi
1642 568 1673 600 in
1699 568 1885 611 praemissis

1151 630 1166 651 a
1192 620 1285 652 nobis
1310 621 1474 663 provideri
1502 626 1533 653 et
1558 626 1588 653 ut
1617 621 1698 653 intra
1724 621 1883 663 indulgeri

1150 681 1354 714 summopere
1377 673 1563 705 desiderent
1580 684 1585 705 :

1194 725 1208 765 ξ,
1226 724 1255 756 ⁶2.
1272 724 1343 764 Nos,
1359 726 1531 768 specialem
1550 726 1630 768 ipsis
1645 726 1884 769 exponentibus

1151 777 1285 818 gratiam
1312 778 1414 810 facere
1441 779 1601 817 volentes,
1630 784 1661 811 et
1686 789 1797 811 eorum
1823 779 1886 811 sin-

1151 830 1280 871 gulares
1314 840 1469 872 personas
1507 842 1523 862 a
1556 831 1719 873 quibusvis
1752 842 1882 864 excom-

1151 881 1386 921 municationis,
1406 883 1628 925 suspensionis
1654 889 1686 915 et
1708 883 1882 924 interdicti,

1150 933 1284 976 aliisque
1304 934 1533 967 ecclesiasticis
1551 936 1697 968 censuris
1715 941 1746 968 et
1759 937 1884 979 poenis,

1150 997 1167 1017 a
1191 986 1257 1018 iure
1278 988 1327 1019 vel
1353 988 1392 1019 ab
1419 988 1562 1027 homine,
1579 988 1688 1031 quavis
1714 989 1884 1022 occasione

1149 1039 1198 1070 vel
1224 1041 1319 1071 causa
1344 1039 1427 1079 latis,
1446 1040 1471 1072 si
1498 1040 1612 1082 quibus
1639 1042 1886 1083 quomodolibet

1149 1091 1321 1124 innodatae
1340 1092 1491 1131 existunt,
1509 1093 1546 1124 ad
1569 1092 1715 1136 effectum
1732 1094 1886 1136 praemis-

1149 1154 1255 1176 sorum
1281 1144 1444 1176 dumtaxat
1468 1145 1742 1187 consequendum,
1770 1145 1885 1178 harum

1149 1196 1233 1229 serie
1259 1197 1464 1230 absolventes
1486 1203 1518 1230 et
1545 1198 1708 1230 absolutas
1730 1198 1794 1231 sore
1816 1209 1887 1230 cen-

1149 1254 1267 1289 sentes,
1287 1249 1578 1292 supplicationibus
1596 1251 1689 1283 nobis
1707 1261 1805 1294 super
1823 1252 1885 1284 hoc

1149 1302 1314 1334 humiliter
1339 1303 1495 1345 porrectis
1522 1303 1675 1344 inclinati,
1702 1304 1740 1336 de
1765 1315 1886 1337 memo-

1149 1360 1294 1388 ratorum
1319 1356 1530 1389 cardinalium
1555 1357 1693 1399 negotiis
1712 1362 1744 1390 et
1761 1359 1886 1390 consul-

1150 1408 1325 1441 tationibus
1362 1409 1588 1452 cpiscoporum
1625 1415 1656 1442 et
1686 1410 1884 1453 regularium

1148 1462 1419 1504 praepositorum,
1445 1463 1509 1506 qui,
1536 1463 1682 1506 partibus
1705 1463 1833 1503 auditiS,
1851 1464 1883 1496 in

1150 1514 1279 1546 decreto
1298 1515 1387 1555 alias,
1402 1515 1551 1548 videlicet
1568 1517 1650 1548 dicta
1668 1516 1717 1549 die
1736 1527 1791 1548 x111
1809 1515 1882 1548 maii

1149 1567 1293 1610 proxime
1319 1568 1503 1611 praeteriti,
1529 1569 1615 1601 edito
1642 1569 1883 1612 persistendum

1149 1630 1217 1652 esse
1245 1626 1450 1661 censuerunt,
1476 1621 1621 1661 consilio,
1649 1622 1799 1664 praefatis
1823 1623 1885 1654 t'ra-

1150 1672 1248 1705 tribus
1262 1673 1438 1707 Minoribus
1451 1674 1662 1718 Cappuecinis
1677 1674 1882 1718 nuncupatis,

1149 1736 1189 1757 ne
1214 1725 1246 1757 in
1271 1731 1433 1769 posterum
1466 1727 1495 1758 in
1529 1726 1737 1760 admittendis
1769 1727 1884 1759 mulie-

1149 1778 1238 1810 ribus
1264 1779 1302 1810 ad
1337 1779 1481 1811 habitum
1507 1779 1604 1812 Tertii
1628 1779 1755 1813 Ordinis
1781 1780 1882 1812 sancti

1149 1830 1330 1871 Francisci,
1364 1832 1428 1864 sive
1460 1832 1492 1864 in
1525 1832 1604 1875 ipsis
1640 1832 1818 1875 dirigendis
1849 1843 1881 1865 se

1148 1884 1317 1926 ingerant,
1337 1885 1527 1917 auctoritate
1560 1885 1745 1928 apostoliea,
1773 1892 1882 1918 tenore

1148 1938 1379 1980 praesentium,
1400 1937 1631 1978 interdicimus,
1647 1949 1682 1971 ac
1706 1938 1881 1981 praedictis

1151 1991 1298 2022 tratribus
1323 1990 1537 2033 Cappuceinis
1562 1997 1756 2034 perpetuum
1786 2002 1883 2034 super

1148 2042 1335 2085 praemissis
1359 2043 1521 2075 silentium
1548 2043 1756 2086 imponimus.

1192 2096 1206 2139 ξ
1231 2095 1262 2129 3.
1290 2096 1506 2129 Decernentes
1540 2097 1668 2129 easdem
1693 2102 1882 2140 praesentes

1149 2148 1269 2180 litteras
1295 2159 1422 2191 semper
1445 2148 1564 2189 firmas,
1592 2149 1711 2182 validas
1730 2155 1761 2182 et
1778 2150 1883 2182 effica-

1149 2211 1202 2233 ces
1227 2201 1364 2234 existere
1391 2207 1422 2234 et
1446 2202 1528 2242 sore,
1553 2213 1693 2246 suosque
1720 2204 1882 2245 plenarios

1149 2258 1181 2284 et
1204 2253 1349 2295 integros
1375 2253 1507 2286 ell'ectus
1535 2255 1641 2287 sortiri
1669 2261 1700 2288 et
1725 2255 1880 2295 obtinere,

1125 2333 1127 2344 ,
1149 2316 1184 2338 ac
1208 2305 1281 2345 illis,
1307 2307 1345 2339 ad
1370 2317 1450 2348 quos
1471 2314 1593 2350 spectat
1612 2314 1642 2340 et
1659 2319 1719 2351 pro
1739 2315 1882 2351 tempore

1125 2374 1126 2392 ι
1148 2359 1312 2401 spectabit,
1328 2359 1513 2402 plenissime
1533 2360 1711 2403 suffragari,
1730 2367 1761 2393 et
1779 2362 1817 2393 ab
1839 2362 1884 2393 eis

1148 2412 1324 2454 respective
1339 2412 1569 2446 invielabiliter
1582 2413 1756 2453 observari,
1773 2416 1884 2456 sieque

1148 2465 1179 2497 iu
1205 2464 1390 2507 praemissis
1423 2476 1482 2508 per
1514 2477 1732 2509 quoscumque
1764 2468 1884 2499 iudices

1148 2517 1329 2550 ordinarios
1353 2529 1389 2551 ac
1407 2519 1584 2561 delegatos,
1602 2520 1698 2551 etiam
1716 2530 1883 2551 causarum

1148 2570 1257 2613 palatii
1283 2571 1454 2614 apostolici
1479 2572 1664 2612 auditorcS,
1690 2572 1824 2604 iudicari
1851 2580 1883 2604 et

410 2632 421 2657 1
444 2629 514 2656 Edit.
536 2629 613 2657 Mein.
635 2630 697 2665 legit
717 2639 804 2665 quam
823 2639 872 2666 pro
893 2640 964 2666 quas
983 2639 1024 2666 tn.
1041 2632 1088 2667 T.)·
1125 2624 1126 2665 i
1148 2623 1273 2657 deliniri
1301 2624 1437 2666 debere,
1464 2635 1500 2657 ae
1525 2624 1648 2656 irritum
1676 2630 1707 2657 et
1732 2624 1825 2655 inane
1853 2626 1879 2657 Si

1777 248 1842 281 357
1889 257 1940 282 Λη.
1961 256 1990 282 c.
2011 254 2076 282 ¹072

1923 736 2002 757 Statuit
2022 740 2041 757 ut
2061 744 2080 757 in

1897 763 1989 783 rubrica.

1919 2107 2031 2128 narratum
2051 2108 2076 2128 ir·

1894 2139 1967 2154 silaus*
