2279 3260
238 261 288 288 An.
309 261 337 289 c.
357 262 428 290 1670
471 254 513 286 46

285 479 419 500 Confirmatio

236 506 361 526 vati-tuam.

249 2002 323 2023 Bonai
342 2008 410 2023 sorum

226 2030 320 2055 asponis
336 2030 412 2050 uberat.

430 311 569 352 nuerint,
591 322 647 345 seu
672 313 809 356 quilibet
833 323 945 346 corum
972 313 1163 352 obtinuerit,

430 361 516 395 illius
541 362 652 397 effectu
678 365 869 399 cumulative
895 376 950 398 cos
975 365 1116 408 gaudere
1135 369 1166 396 ct

430 416 528 458 potiri
553 419 713 451 volumus.

473 468 488 511 ἓ
513 469 543 502 7.
569 470 788 503 Decernentes
811 472 896 514 ipsas
922 470 1162 509 translationes,

430 526 463 553 et
482 532 579 555 novas
605 524 850 563 reservationes,
870 523 1116 556 constitutiones
1135 526 1165 554 et

430 574 665 617 assignationes
690 577 881 619 pensionum
912 585 967 607 seu
994 575 1163 613 fructuum,

431 627 612 661 reddituum
639 633 671 661 et
706 633 937 671 proventuum,
963 627 1164 669 aliorumque

429 679 623 721 huiusmodi,
638 683 766 724 plenam
779 680 903 713 roboris
917 680 1101 712 firmitatem
1113 679 1164 711 ob-

430 731 543 773 tinere,
559 734 710 777 ipsosque
730 733 899 772 beneficia,
916 743 1012 775 super
1027 742 1163 775 quorum

430 785 595 825 fructibus,
621 786 799 818 redditibus
825 790 857 817 et.
881 785 1090 828 proventibus
1115 794 1164 816 re-

428 844 572 871 servatae
592 839 718 879 fuerint,
737 838 932 877 obtinentes,
951 838 989 870 ad
1008 838 1077 870 illas
1094 847 1165 880 per-

427 892 597 924 solvendas
623 891 795 924 efficaciter
826 892 986 934 obligatos
1013 891 1098 931 fore;
1129 901 1164 922 ac

428 943 551 976 eisdem
565 943 729 987 dapiferis,
743 949 786 984 ut,
802 944 926 976 ratione
941 953 1164 986 quarumcum-

428 1007 490 1039 que
524 997 717 1039 pensionum
747 996 791 1029 eis
823 1001 855 1028 ct
887 1006 999 1029 eorum
1033 995 1164 1028 cuilibet

427 1058 525 1091 super
545 1049 801 1092 quibuscumque
821 1048 990 1091 beneficiis
1010 1047 1164 1081 ecclesia-

426 1100 525 1142 sticis,
551 1107 585 1134 ut
608 1102 790 1145 praesertin*
814 1102 863 1134 vel
881 1101 959 1134 alias
986 1101 1163 1144 quomodo-

427 1153 507 1187 libet
531 1154 731 1197 qualificatis,
746 1165 810 1186 non
836 1158 943 1186 tamen
970 1154 1055 1186 ultra
1078 1163 1163 1185 sum-

426 1217 510 1238 mam
536 1206 750 1252 ducentorum
775 1206 964 1239 ducatorum
981 1205 1049 1238 auri
1064 1206 1102 1238 de
1117 1216 1162 1237 ca-

425 1261 514 1292 mera
539 1270 597 1303 pro
615 1260 772 1303 quolibet,
788 1270 873 1292 nunc
887 1265 918 1292 et
934 1270 992 1302 pro
1015 1264 1161 1301 tempore

425 1317 662 1345 reservatarum
694 1324 730 1345 ac
759 1312 1044 1351 reservamlarum,
1070 1311 1161 1344 habi-

425 1368 493 1396 tum
519 1369 550 1396 et
575 1369 741 1397 tonsuram
765 1364 928 1397 clericales
955 1369 1105 1406 gestare,
1131 1368 1166 1407 et.

424 1417 458 1448 in
482 1416 559 1458 illis,
586 1417 760 1450 dummodo
786 1417 846 1460 ipsi
873 1417 1019 1449 habitum
1044 1417 1161 1449 decen-

424 1474 487 1501 tem
506 1474 537 1501 et
562 1470 738 1502 honestum
758 1470 913 1509 deferant,
933 1469 1084 1501 incedere
1102 1468 1161 1500 mi-

423 1522 509 1554 nime
525 1522 675 1561 debeant,
691 1533 750 1555 nec
775 1522 858 1554 adid
876 1533 893 1554 a
911 1532 1073 1565 quoquam
1089 1522 1159 1564 cogi

423 1586 481 1607 seu
507 1576 671 1618 compelli,
693 1575 866 1617 minusque
884 1575 1007 1617 aliquas
1033 1580 1161 1607 senten-

423 1627 492 1667 tias,
510 1632 563 1659 aut
583 1637 746 1667 censuras,
772 1628 867 1659 etiam
891 1627 1080 1670 privationis
1106 1638 1159 1659 seu
1180 1642 1182 1651 ι

423 1680 614 1712 cassationis
629 1680 770 1723 ipsarum
785 1680 1007 1723 pensionum',
1021 1680 1059 1712 ad
1073 1690 1160 1723 prae-

423 1733 541 1765 dictam
565 1743 719 1765 summam
737 1733 949 1765 ducentorum
974 1733 1160 1765 ducatorum
1180 1757 1182 1768 ,

423 1785 637 1818 ascendentes
662 1790 693 1818 et
717 1790 955 1824 rese1·vataS,ut
971 1785 1158 1828 praefertur,

424 1838 548 1870 etiamsi
573 1838 814 1870 matrimonium
840 1838 1063 1871 contraxerint
1088 1848 1159 1869 cum

422 1891 518 1923 unica
542 1896 667 1923 tantum
688 1896 720 1924 et
739 1891 876 1934 virgine,
895 1891 1040 1934 recipere
1065 1895 1096 1923 et
1113 1900 1160 1923 re-

423 1943 527 1976 tinere
543 1954 551 1984 ;

467 1997 481 2040 g
506 1995 537 2028 8.
564 1997 732 2029 Postremo
763 1997 851 2040 quod
875 1996 959 2029 bona
985 2007 1159 2040 quaecum-

422 2060 483 2092 que
506 2049 544 2082 ad
562 2049 663 2082 dictos
684 2049 846 2092 dapiferos
866 2054 897 2082 et
918 2060 1031 2082 eorum
1052 2060 1158 2093 quem-

422 2102 502 2135 libet
526 2103 711 2145 spectantia,
731 2108 764 2135 et
778 2113 836 2145 per
853 2113 908 2135 eos
923 2103 1019 2135 etiam
1033 2103 1157 2136 ratione

422 2166 701 2199 quorumcumque
715 2155 944 2189 beneficiorum
965 2156 1159 2189 ecclesiasti-

420 2219 531 2240 corum
555 2208 650 2241 etiam
676 2209 921 2241 canonicatuum
946 2215 978 2241 et
1001 2210 1158 2252 praeben-

421 2260 542 2300 darum,
555 2271 590 2293 ae
604 2261 795 2303 dignitatum
809 2272 1086 2304 quarumcumque
1100 2272 1158 2304 per

421 2323 476 2346 eos
502 2313 580 2346 alias
606 2313 812 2346 obtentorum
837 2319 868 2346 et
893 2314 1155 2353 obfinendorum,

420 2372 474 2399 aut
500 2366 576 2398 alias
601 2366 854 2410 quomodolibet,
874 2372 905 2399 et
925 2368 1037 2410 quovis
1063 2378 1157 2410 quae-

421 2419 483 2451 sito
509 2420 616 2451 colore
641 2420 688 2452 vel
714 2419 867 2462 imo-mio,
894 2430 950 2452 seu
977 2431 1085 2453 eorum
1109 2421 1156 2454 iu-

421 2471 556 2511 dustria,
583 2469 725 2514 legitime
746 2478 850 2505 tamen
869 2479 900 2506 et
920 2473 1018 2513 licite,
1045 2474 1156 2517 acqui-

420 2520 479 2557 sita
505 2530 533 2557 et
559 2525 767 2568 acquirenda,
796 2526 891 2558 etiam
915 2526 947 2557 in
973 2525 1055 2558 Urbe
1074 2526 1155 2558 eius-

458 2594 468 2621 t.
487 2595 623 2625 Quomodo
640 2596 787 2631 supplenda
803 2596 881 2623 lectio
897 2596 1037 2631 defectiva,
1051 2597 1110 2624 vide
1122 2597 1154 2624 ad

420 2641 486 2666 tom.
504 2644 556 2674 xvl,
574 2648 624 2675 pag
652 2640 702 2666 ζ207
719 2649 736 2666 α
751 2641 788 2674 (R.
802 2640 852 2675 T.).

1010 266 1188 290 BULLARIUM
1213 265 1364 290 ROMANUM

1208 324 1268 356 que
1294 313 1441 346 districtu
1467 324 1502 346 ac
1526 314 1723 358 ubicumque
1749 314 1940 355 existentia,

1207 366 1318 408 spoliis
1344 365 1474 398 minime
1501 367 1703 407 subiaceant,
1726 367 1782 400 scd
1809 367 1868 410 ipsi
1888 367 1941 400 da-

1208 417 1312 460 piferi,
1332 419 1455 451 etiamsi
1475 418 1624 461 religioni
1644 419 1778 452 alieuius
1797 419 1940 460 militiae,

1208 469 1304 503 ctiam
1322 470 1352 503 S.
1373 470 1499 503 loannis
1516 471 1799 514 llicrosolymitani
1825 472 1944 504 adscri-

1207 522 1252 565 pti
1277 522 1407 563 fuerint,
1429 523 1467 555 de
1486 523 1549 555 illis
1567 523 1599 555 in
1626 523 1768 556 favorem
1793 535 1943 567 quarum-

1207 584 1342 617 cumque
1366 584 1586 617 personarum,
1605 575 1643 608 dc
1665 575 1734 608 iure
1760 580 1866 608 tamen
1892 587 1943 609 ca-

1207 626 1343 669 pacium,
1369 626 1493 659 etiamsi
1519 627 1656 660 curiales
1681 638 1750 660 esse
1777 628 1941 669 desierint,

1208 684 1239 712 ct
1263 680 1294 712 in
1321 690 1524 723 quocumque
1557 681 1629 713 loco
1656 682 1860 723 quantumvis
1884 692 1937 714 re-

1206 737 1294 764 moto
1323 742 1377 764 eos
1403 732 1562 765 decedere
1592 732 1782 775 contigerit,
1815 732 1939 765 testari›

1206 789 1238 816 et
1261 784 1339 816 alias
1365 783 1559 827 disponere,
1588 783 1698 826 eisque
1725 785 1763 816 ab
1789 784 1944 817 intestato

1207 837 1438 869 decedentibus
1467 847 1577 869 eorum
1611 833 1770 869 haeredes
1800 837 1947 880 quicum-

1206 901 1268 932 que
1294 890 1468 922 succedere
1495 890 1596 922 libcre
1624 894 1655 922 ct
1680 889 1765 922 licite
1791 890 1940 930 valeant,

1206 941 1301 974 simili
1323 942 1420 974 modo
1438 942 1644 974 concedimus
1664 947 1695 975 ct
1718 942 1938 984 indulgemus.

1249 994 1318 1037 §a
1346 994 1585 1038 Praecipientes
1606 1000 1637 1027 et
1655 995 1843 1027 mandantes
1862 995 2076 1043 dile-„513⁶”
2093 1002 2135 1017 ¹¹¹⁰·

1206 1048 1264 1081 ctis
1290 1048 1363 1080 filiis
1387 1059 1473 1081 nunc
1499 1053 1530 1080 et
1554 1058 1613 1091 pro
1635 1054 1779 1091 tempore
1805 1048 1942 1081 existen-

1206 1101 1289 1132 tibus
1313 1100 1343 1133 S.
1368 1100 1405 1132 R.
1431 1100 1466 1132 E.
1496 1101 1693 1140 camerario,
1720 1100 1938 1140 thesaurario,

1204 1153 1477 1196 praesidentibus,
1495 1152 1620 1185 clericis
1641 1162 1788 1185 camerae
1810 1157 1940 1185 nostrae

1204 1205 1414 1250 apostolicae,
1427 1210 1458 1237 et
1472 1205 1727 1248 quibuscumque
1741 1204 1812 1236 aliis
1826 1204 1941 1247 spolio-

1204 1269 1275 1290 rum
1296 1257 1480 1290 buiusmodi
1501 1257 1741 1297 collectoribus,
1761 1267 1797 1289 ac
1814 1256 1941 1289 militia-

1204 1322 1272 1343 rum
1298 1310 1513 1353 praefatarum
1538 1309 1728 1342 officialibus
1746 1315 1800 1341 aut
1824 1320 1941 1352 procu-

1205 1363 1377 1403 ratoribus,
1397 1373 1437 1395 ne
1455 1363 1486 1395 in
1506 1363 1691 1395 huiusmodi
1716 1362 1809 1395 bonis
1826 1373 1939 1395 manus

1204 1421 1378 1459 apponant,
1397 1426 1504 1459 neque
1530 1416 1689 1448 haeredes
1712 1415 1869 1448 dictorum
1886 1416 1941 1448 da-

1204 1470 1379 1512 piferorum
1412 1470 1550 1512 desuper
1584 1470 1760 1501 molestare
1799 1469 1940 1501 audeant

1203 1532 1258 1554 seu
1284 1527 1509 1564 praesumant3
1535 1532 1572 1554 ac
1604 1521 1702 1554 etiam
1727 1521 1939 1554 decernentes

1203 1575 1403 1614 donationes,
1435 1574 1531 1606 etiam
1557 1584 1617 1617 per
1641 1574 1722 1606 viam
1754 1574 1939 1608 testamenti

1203 1632 1234 1659 et
1258 1626 1484 1659 codicillorum
1509 1637 1568 1669 per
1592 1626 1680 1669 ipsos
1710 1627 1875 1670 dapiferos
1899 1626 1938 1659 de

1203 1690 1314 1711 eorum
1332 1679 1426 1711 bonis
1446 1678 1642 1719 huiusmodi,
1661 1679 1794 1711 servatis
1812 1679 1850 1711 de
1872 1679 1939 1710 iure

1202 1731 1381 1772 servandis,
1399 1731 1569 1772 faciendas,
1585 1742 1714 1774 semper
1731 1737 1763 1764 et
1779 1736 1939 1774 perpetuo

1201 1785 1322 1818 validas
1356 1790 1387 1817 et
1411 1785 1557 1817 efficaces
1592 1785 1683 1825 fore,
1717 1794 1778 1816 nec
1808 1783 1939 1816 eosdem

1203 1838 1364 1881 dapiferos
1381 1848 1559 1881 eorumque
1584 1837 1725 1880 aliquem
1749 1837 1788 1869 ad
1814 1836 1936 1869 litteras

1201 1901 1300 1934 super
1323 1895 1512 1934 praesentes
1544 1889 1759 1922 conficiendas
1791 1889 1823 1921 in
1854 1889 1939 1922 dicta

1201 1946 1325 1976 camera
1340 1943 1580 1983 insinuandum,
1600 1947 1655 1975 aut
1666 1942 1791 1975 admitti
1805 1946 1836 1974 et
1858 1941 1939 1983 regi-

1200 1996 1292 2029 strari
1310 1996 1488 2039 petendum
1507 1995 1619 2036 teneri,
1635 2005 1696 2028 nec
1709 1995 1793 2035 illas,
1813 1994 1937 2027 etiamsi

1200 2050 1283 2081 intra
1307 2054 1432 2092 tempus
1458 2048 1639 2090 legitimum
1664 2047 1855 2087 insinuatae,
1883 2047 1937 2080 ad-

1200 2102 1314 2134 missae
1332 2112 1387 2134 seu
1407 2101 1599 2144 registratae
1621 2111 1686 2133 non
1708 2100 1834 2140 fuerint,
1860 2111 1936 2144 pro-

1200 2161 1310 2198 pterea
1336 2155 1440 2187 minus
1464 2154 1584 2187 validas
1611 2154 1755 2195 censeri,
1772 2154 1837 2186 'sed
1863 2164 1936 2186 suos

1199 2208 1363 2251 plenarios
1379 2207 1510 2240 effectus
1529 2206 1636 2239 sortiri
1653 2207 1779 2247 debere,
1795 2207 1937 2239 easdem-

1200 2273 1261 2305 que
1278 2266 1467 2304 praesentes
1487 2266 1518 2292 et
1537 2260 1570 2292 in
1597 2260 1641 2292 eis
1667 2265 1817 2292 contenta
1842 2270 1936 2303 quae-

1200 2324 1337 2357 cumque
1362 2313 1420 2345 sub
1446 2312 1613 2355 quibusvis
1648 2312 1933 2353 revocationibus,

1199 2366 1452 2406 limitationibus,
1475 2365 1749 2408 suspensionibus,
1771 2364 1937 2398 modifica-

1199 2421 1349 2459 tionibus,
1369 2419 1515 2457 decretis,
1542 2419 1831 2451 constitutionibus
1857 2429 1936 2462 apo-

1198 2473 1318 2506 stolicis
1345 2471 1496 2505 similium
1525 2472 1701 2513 gratiarum
1717 2470 1934 2511 revocatoriis,

1197 2528 1244 2559 vel
1263 2536 1344 2568 quae
1366 2535 1418 2556 eas
1444 2524 1621 2556 limitareut
1646 2529 1699 2556 aut
1719 2524 1933 2564 moderarent,

1198 2589 1279 2622 quae
1299 2589 1314 2610 a
1332 2575 1424 2609 nobis
1449 2582 1480 2609 et
1498 2576 1581 2609 dicta
1597 2577 1679 2609 Sede
1697 2587 1756 2619 pro
1774 2582 1932 2619 tempore,

1198 2638 1229 2665 et
1253 2632 1291 2665 de
1319 2631 1480 2675 quibusvis
1498 2629 1612 2672 causis,
1631 2630 1726 2663 etiam
1743 2629 1934 2672 urgentissi-

1946 266 1994 295 An.
2015 267 2046 294 C.
2064 267 2133 295 1670
