2279 3260
146 241 199 268 An.
216 240 244 268 C.
269 239 336 268 1676

172 300 182 328 ἓ
204 301 224 322 3.
247 300 277 321 De
297 300 327 320 in-

145 327 267 347 iit-nantibus
285 332 328 347 ma-

145 359 184 374 nus
195 353 297 374 violentas
307 353 327 374 iu

145 379 207 400 alios.

382 287 414 321 Si
447 288 518 332 quis
553 288 692 321 minatus
730 287 846 328 suerit,
872 287 922 320 vel
958 298 1072 319 manus

340 341 497 374 violentas
521 340 681 381 iniecerit,
698 341 747 373 vel
766 350 838 372 eum
864 339 1070 383 percusserit,

339 394 473 427 arbitrio
497 393 634 426 ministri
652 393 814 436 puniatur,
834 395 953 425 attenta
974 393 1074 433 gravi-

341 452 402 479 tate
428 447 566 489 culpae,
601 447 686 488 quod
718 446 742 477 si
776 456 846 478 eam
876 445 1075 478 commiserit

340 504 450 532 contra
466 499 606 542 aliquem
623 500 801 542 praelatum
821 498 1015 538 inferiorem,
1031 499 1073 530 in-
1113 525 1123 536 ,

339 557 521 584 carceretur
557 556 588 583 et
619 551 689 584 aliis
727 552 841 595 poenis
877 551 1034 583 afficiatur
1057 562 1073 583 a

339 604 541 648 provinciali,
568 604 772 637 considerata
797 604 975 647 prudenter
996 614 1074 647 qua-

339 657 428 690 litate
456 657 581 698 deli(·ti;
605 657 628 689 si
661 668 736 690 vero
758 662 869 690 contra
894 656 1074 700 provincia-

340 710 414 750 lem,
435 720 451 742 a
476 716 567 753 patre
593 709 754 751 generali,
780 710 804 742 si
831 715 936 742 autem
962 714 1073 741 contra

340 763 567 805 generale1u‚a
593 762 777 795 definitorio
802 762 947 804 generali
972 761 1074 793 deliu-

341 825 441 858 quens
458 815 624 858 puniatur,
641 817 761 847 attenta
779 824 906 857 semper
919 813 1073 857 qualitate

341 868 468 910 culpae.

339 947 471 975 Rmnm
494 957 588 976 CAPUT
610 948 756 976 XXXIV.
773 964 811 969 -
826 946 863 974 Si
878 946 951 985 quis
972 945 1075 974 frater

457 996 491 1024 in
513 995 651 1024 fratrem
672 994 872 1034 peccaverit,
895 998 956 1023 etc.

339 1062 430 1100 Caput
451 1070 548 1091 xxxxv.
565 1079 596 1082 -
615 1061 652 1090 De
666 1061 848 1099 inferentibus
865 1061 996 1089 iniurium
1013 1059 1076 1088 aliis

497 1115 521 1139 et
543 1111 574 1139 de
596 1110 760 1138 correctione
782 1111 918 1147 fraterno.

384 1196 405 1218 1.
425 1184 608 1227 Religiosus
634 1184 688 1227 qui
710 1183 801 1216 alteri
823 1183 972 1215 iniuriam
993 1183 1077 1216 sece-

340 1239 390 1279 rit‚
417 1238 480 1271 sive
506 1238 669 1281 praesenti
688 1237 754 1270 sive
772 1237 910 1277 absenti,
930 1237 1017 1269 iuxta
1033 1248 1077 1269 ar-

340 1291 474 1324 bitrium
499 1291 638 1323 ministri
665 1290 831 1333 puniatur,
856 1292 978 1322 attenta
1003 1291 1073 1323 cul-

340 1354 400 1387 pae
427 1343 597 1386 gravitate.

386 1407 422 1430 u.
450 1396 480 1429 Si
509 1396 579 1440 quis
606 1396 661 1428 scit
687 1395 784 1428 alium
807 1396 1008 1429 commisisse
1027 1395 1079 1428 ali·

343 1449 428 1493 quod
454 1454 633 1492 peccatum,
668 1449 693 1480 si
713 1450 876 1481 occultum
896 1454 945 1481 est
963 1453 993 1481 ct
1012 1458 1080 1491 spe-

342 1507 431 1534 ratur
452 1501 646 1540 emendatio,
674 1501 827 1544 corripiat
855 1511 928 1533 eum
954 1506 1078 1533 secreto

342 1553 429 1586 iuxta
453 1553 673 1596 Evangelium,
702 1559 734 1586 et
759 1553 838 1586 nulli
865 1554 993 1592 revelet,
1019 1554 1079 1586 sub

343 1609 449 1650 poena
474 1606 613 1639 carceris
639 1617 698 1649 per
724 1612 786 1638 tres
813 1616 955 1646 menses,
989 1606 1015 1638 si
1042 1617 1079 1638 ex

344 1660 398 1693 tali
419 1659 620 1693 revelatione
645 1659 832 1692 scandalum
858 1665 1031 1702 sequatur3
1055 1659 1080 1691 si

346 1723 422 1746 vero
449 1723 512 1745 non
532 1717 703 1755 sequatur,
725 1711 881 1744 afficiatur
896 1713 1003 1755 poena
1020 1712 1082 1744 cul·

344 1777 403 1810 pae
426 1766 530 1808 gravis
556 1776 617 1809 per
642 1776 697 1798 sex
717 1765 795 1805 dies,
814 1770 846 1797 et
863 1775 992 1808 semper
1007 1770 1081 1797 ante

346 1820 454 1853 onmia
479 1820 641 1852 honorem
663 1818 834 1852 restituat:
862 1819 887 1851 si
915 1828 988 1851 vero
1013 1829 1083 1851 cor-

345 1872 446 1905 rectio
473 1872 554 1904 sacta
579 1882 645 1904 non
671 1872 855 1914 prodesset,
878 1872 926 1903 vel
946 1871 969 1903 si
995 1876 1084 1904 ante-

346 1936 443 1969 quam
479 1925 566 1957 illam
604 1924 717 1964 saciat,
748 1923 929 1967 prudenter
963 1924 1084 1956 iudicet

346 1979 434 2022 quod
466 1978 549 2010 nihil
586 1976 742 2020 proderit,
766 1977 891 2010 revelet
921 1977 1083 2019 superiori

345 2032 400 2076 pio
426 2036 458 2064 et
481 2031 633 2070 cordato,
657 2035 692 2062 ut
717 2040 774 2063 suo
801 2030 937 2063 consilio
963 2036 993 2063 et
1018 2030 1084 2063 effi-

347 2085 474 2118 caciore
500 2085 694 2118 documento
719 2084 767 2116 vel
794 2083 864 2116 aliis
890 2084 1085 2116 convenien-

348 2138 432 2170 tibus
449 2138 563 2170 mediis
580 2148 654 2170 reus
673 2137 710 2170 ad
726 2137 895 2170 meliorem
915 2148 946 2170 se
962 2138 1085 2180 frugem

350 2191 498 2234 recipiat.

394 2255 442 2277 111.
469 2243 499 2276 Si
526 2244 597 2287 quis
622 2249 735 2277 contra
758 2244 879 2277 bonum
914 2255 1106 2278 commune

351 2303 383 2330 et
415 2297 574 2330 honorem
605 2304 737 2330 nostrae
762 2297 931 2340 religionis
956 2298 1086 2342 aliquod

300 2364 303 2368 ·
351 2351 506 2384 delictum
530 2351 715 2393 patraverit,
735 2350 788 2394 qui
807 2351 845 2384 de
863 2351 920 2384 illo
940 2352 1085 2384 notitiam

351 2403 514 2442 habuerit,
539 2403 714 2436 denunciet
737 2403 899 2447 superiori
930 2409 965 2435 ut
990 2404 1085 2447 patri,

351 2462 383 2489 ct
407 2457 431 2489 si
457 2457 571 2499 culpae
607 2456 745 2498 qualitas
769 2462 801 2489 et
825 2456 1087 2490 circumstantiae

353 2509 493 2552 exigunt,
511 2508 606 2541 etiam
624 2513 658 2540 ut
675 2509 773 2542 iudici
792 2510 925 2549 deserat,
938 2509 991 2553 qui
1005 2511 1086 2553 lapsi

351 2564 488 2596 salutem
512 2566 667 2605 procuret
691 2566 723 2595 et
748 2562 899 2596 decorem
920 2563 1087 2607 religionis

350 2619 534 2660 recuperet.

977 239 1119 264 CLEMENS
1140 241 1160 264 Χ
1182 239 1230 264 PP.

1115 289 1245 317 Renum
1267 298 1360 317 CAPUT
1382 290 1510 318 XXXV.
1530 307 1565 310 —
1582 289 1617 318 Si
1645 300 1705 330 pro
1731 299 1848 319 neces-

1173 337 1266 367 sitate
1288 336 1405 367 domus
1428 337 1571 367 debitum
1592 338 1725 378 aliquod
1750 339 1849 368 fuerit

1174 385 1445 421 contrahendum,
1469 390 1529 416 ete.

1115 460 1205 499 Caput
1227 470 1313 491 xxxv.
1336 478 1375 483 —
1396 461 1435 491 De
1456 462 1531 491 modo
1552 461 1727 491 contrahendi
1748 461 1849 499 dubita,

1286 514 1310 538 et
1332 519 1398 539 cura
1421 511 1450 538 in
1471 511 1510 539 eis
1532 509 1675 539 solvendis.

1161 603 1181 624 1.
1209 592 1332 632 Nullus,
1351 593 1416 625 sive
1434 593 1590 631 minister,
1616 593 1681 625 sive
1707 603 1848 635 praeses,

1115 644 1179 677 sive
1204 650 1412 687 procurator,
1437 645 1501 677 sive
1528 645 1732 688 particularis
1757 645 1851 688 quili-

1115 696 1170 729 bet
1204 698 1385 740 religiosus.
1412 699 1536 736 audeat,
1559 699 1622 731 imo
1658 709 1718 731 nec
1749 699 1853 731 valeat

1116 749 1261 782 debitum
1286 751 1417 793 aliquod
1443 751 1639 784 contrahere
1661 751 1729 784 sine
1747 750 1853 784 consi-

1115 801 1159 834 lio
1184 807 1215 835 et
1239 813 1371 835 assensu
1403 804 1533 846 capituli
1559 804 1792 843 conventualis,
1818 809 1853 835 ut

1116 855 1276 898 praecipit
1299 856 1422 898 regula.
1672 854 1675 858 ’

1160 918 1195 940 11.
1214 908 1327 941 Nullus
1353 908 1502 941 minister
1527 909 1558 941 in
1585 909 1648 942 fine
1675 909 1724 942 sui
1757 909 1853 942 officii

1117 960 1279 1003 relinquat
1296 962 1427 993 domum
1445 971 1534 993 suam
1553 967 1717 994 oneratam
1735 961 1853 994 debitis

1118 1014 1350 1046 excedentibus
1375 1015 1585 1057 quantitatem
1612 1020 1742 1047 centum
1767 1015 1856 1047 duca-

1119 1070 1225 1098 torum
1250 1066 1370 1109 absque
1395 1066 1527 1100 licentia
1563 1068 1611 1099 sui
1636 1067 1855 1110 provincialis,

1119 1123 1151 1150 et
1176 1118 1390 1161 praecipimus
1427 1119 1578 1152 ministro
1612 1119 1792 1153 successori
1822 1125 1856 1151 ut

1119 1176 1211 1203 curet
1230 1172 1356 1204 solvere
1381 1172 1553 1205 confestim
1572 1173 1681 1205 debita
1699 1173 1748 1205 sui
1774 1177 1858 1205 ante-

1120 1223 1269 1263 cessoris,
1283 1229 1314 1256 et
1330 1229 1403 1256 ante
1420 1224 1552 1257 illorum
1575 1225 1768 1257 solutionem
1786 1226 1858 1257 nul-

1121 1277 1167 1308 las
1200 1286 1356 1319 expensas
1392 1277 1497 1316 saciat,
1527 1277 1588 1309 nisi
1625 1278 1773 1320 praecise
1798 1287 1857 1320 pro

1122 1329 1204 1361 victu
1230 1334 1262 1361 et
1285 1330 1400 1362 vestitu
1426 1329 1664 1373 religiosorum.

1165 1391 1212 1414 111.
1241 1381 1430 1414 Inhibemus
1463 1384 1674 1415 conventibus
1712 1383 1859 1415 omnibus

1122 1439 1153 1466 et
1178 1435 1324 1476 collegiis
1352 1436 1468 1467 nostris
1495 1446 1535 1468 ne
1568 1436 1730 1478 accipiant
1760 1446 1860 1478 pecu-

1122 1487 1206 1519 niam
1234 1487 1272 1519 ad
1299 1497 1430 1519 censum
1457 1488 1521 1520 sive
1540 1488 1579 1521 ad
1597 1488 1770 1527 interesse,
1790 1488 1858 1520 sine

1122 1540 1251 1572 licentia
1276 1541 1309 1572 in
1335 1540 1462 1583 scriptis
1488 1540 1662 1573 definitorii
1682 1541 1857 1583 generalis.

1123 1628 1252 1658 niseum:
1282 1636 1373 1657 CAPUT
1403 1627 1525 1658 xxxvl.
1560 1645 1592 1649 —
1621 1627 1659 1657 Si
1686 1628 1861 1668 quisquam

1182 1676 1222 1706 de
1244 1676 1426 1706 substanti&
1454 1676 1571 1706 domus
1598 1676 1787 1707 violentiam
1809 1677 1859 1706 fe-

1182 1725 1275 1761 cerit,
1298 1729 1359 1755 etc.

1124 1802 1214 1840 Caput
1236 1809 1335 1831 xxxw.
1355 1819 1388 1822 —-
1405 1800 1444 1830 De
1466 1802 1540 1830 modo
1562 1802 1695 1831 servando
1716 1803 1746 1832 in
1768 1801 1861 1832 litibus

1409 1854 1434 1879 et
1456 1851 1582 1888 negociis,

1170 1937 1192 1959 1.
1217 1925 1340 1966 Nullus,
1359 1926 1423 1958 sive
1440 1927 1603 1968 praelatus
1624 1926 1689 1959 sive
1707 1937 1862 1969 procura-

1127 1984 1185 2020 tor,
1208 1979 1343 2022 incipiat
1363 1989 1491 2011 causam
1518 1984 1551 2011 et
1574 1979 1676 2020 litem,
1703 1979 1781 2023 quin
1806 1980 1863 2012 ob-

1126 2038 1233 2066 servet
1257 2032 1526 2074 circumstantias,
1554 2044 1632 2077 quas
1667 2035 1779 2075 regula
1810 2044 1863 2066 no·

1127 2092 1194 2118 stra
1216 2086 1378 2129 disponit3
1416 2091 1447 2118 et
1482 2092 1655 2130 propterea
1690 2087 1862 2119 inferiores

1127 2138 1315 2182 provinciali
1336 2139 1424 2182 prius
1449 2140 1488 2171 ab
1514 2150 1553 2172 eo
1578 2140 1747 2172 obtineant
1762 2140 1864 2172 licen-

1127 2193 1214 2233 tiam,
1239 2193 1325 2235 quod
1352 2193 1377 2224 si
1404 2193 1485 2225 haec
1522 2193 1614 2226 facile
1652 2193 1765 2226 haberi
1798 2204 1863 2226 non

1127 2245 1267 2288 potuerit
1289 2250 1320 2278 et
1341 2255 1434 2278 causa
1451 2251 1573 2288 urgeat,
1592 2246 1631 2279 lis
1648 2246 1794 2280 inchoari
1811 2257 1864 2290 po-

1128 2298 1201 2331 terit
1228 2298 1266 2330 de
1291 2308 1452 2331 consensu
1475 2299 1607 2342 capituli
1628 2299 1861 2340 conventualis,

1128 2356 1159 2383 et
1183 2351 1290 2384 statim
1314 2351 1520 2393 provincialis
1545 2351 1665 2384 certior
1688 2351 1753 2385 siat.

1173 2414 1207 2436 ΙΙ.
1234 2403 1348 2436 Stricte
1373 2404 1588 2447 praecipimus
1613 2405 1764 2438 omnibus
1788 2406 1864 2439 reli0

1129 2456 1227 2499 glosis
1252 2467 1290 2489 nc
1317 2456 1447 2499 ipsimet
1463 2458 1580 2489 adeant
1599 2457 1767 2490 tribunalia
1792 2469 1862 2491 sae-

1129 2510 1252 2543 cularia
1276 2520 1333 2552 pro
1354 2510 1493 2552 negotiis
1519 2521 1606 2543 mere
1633 2512 1864 2554 temporalibus

1130 2564 1275 2606 agendis,
1299 2564 1360 2596 nisi
1395 2570 1532 2607 urgente
1568 2568 1685 2603 causa3
1708 2571 1864 2608 poterunt

1132 2622 1238 2651 tamen
1263 2616 1386 2652 iudices
1412 2617 1533 2662 alloqui
1559 2623 1590 2653 et
1613 2617 1828 2654 intercedere,

1749 232 1813 266 643
1859 241 1908 269 An.
1925 239 1954 267 C.
1974 239 2043 268 1676
