2279 3260
137 252 185 278 An.
206 249 234 277 c.
252 247 320 278 1670

175 1994 285 2019 Exempun
305 1999 318 2014 a

137 2022 211 2047 spoliis
224 2024 244 2041 ot
256 2021 320 2041 [atul-

138 2050 169 2068 ως
184 2047 283 2067 testandi.

961 245 1104 272 CLEMENS
1126 247 1144 271 X
1169 246 1217 271 Pr.

328 309 422 342 quam
449 298 549 332 sactae
575 298 692 331 suerint
710 298 839 341 plenam
862 296 993 329 roboris
1012 296 1062 326 su·-

327 351 471 385 mitatem
508 351 673 391 obtinere,
703 350 856 393 ipsosque
894 348 1059 387 beneficia,

327 415 425 448 super
440 415 577 448 quorum
596 403 762 443 fructibus,
778 402 970 442 redditibus,
991 412 1064 445 pro-
1084 439 1085 443 Ἰ

327 458 484 497 ventibus,
510 457 645 500 aliisque
672 456 856 489 huiusmodi
882 460 1062 488 reservatae
1084 446 1085 473 l

328 512 455 550 suerint,
474 510 668 549 obtinentes,
685 511 723 542 ad
742 509 814 541 illas
832 508 1064 552 persolvendas
1085 540 1086 558 ἢ

329 563 500 597 efficaciter
517 562 676 604 obligatos
696 563 778 602 sore;
794 573 831 594 ac
851 572 920 594 cum
943 561 1064 593 eisdem
1086 582 1087 606 1

328 616 540 654 conclavistis‚
567 615 665 658 qnod,
692 615 817 648 ratione
844 615 1087 658 quarumcum-'

329 680 391 713 que
417 668 611 712 pensionum
637 678 816 700 annuarum
843 667 888 700 eis
907 672 1065 699 eteorum

328 722 461 754 cuilibet
484 731 583 764 super
607 721 866 763 quibuscumque
898 717 1064 751 beneficiis

328 773 553 806 ecclesiasticis
573 773 670 805 etiam
689 773 929 805 cathedralibus
947 776 978 804 et
995 770 1065 803 aliis

329 826 475 859 ecclesiis
500 836 556 857 seu
583 825 787 858 monasteriis
813 825 908 857 etiam
931 834 947 855 a
971 833 1066 866 prae-

330 879 423 911 dictis
448 877 479 910 S.
501 877 537 910 R.
558 878 593 910 Ε.
620 877 837 910 cardinalibus
863 876 1014 916 obtentis,
1035 880 1066 908 et

329 936 364 962 ut
388 930 568 973 praefertur
594 930 791 970 obtinendis,
813 930 862 962 vel
887 928 965 961 alias
985 937 1065 970 quo-

328 983 508 1016 modolibet
533 981 735 1025 qualificatis‚
760 992 824 1015 non
851 987 958 1013 tamen
982 982 1065 1013 ultra

327 1045 481 1067 summam
507 1035 696 1067 ducatorum
714 1035 922 1067 ducentorum
941 1033 1064 1076 parium

328 1097 386 1130 pro
413 1087 571 1130 quolibet,
597 1097 683 1118 nunc
708 1092 738 1118 et
762 1097 820 1130 pro
845 1092 990 1130 tempore
1015 1096 1065 1118 re-

327 1144 527 1172 servatarum
552 1144 584 1171 et
608 1139 892 1180 reservandaium,
920 1139 1063 1171 habitum

327 1197 360 1225 et
377 1197 541 1224 tonsuram
559 1192 727 1225 clericales
749 1198 875 1235 gestare
895 1197 925 1224 et
940 1192 973 1224 in
990 1191 1062 1232 illis,

327 1245 502 1278 dummodo
528 1245 605 1277 alias
630 1245 692 1288 ipsi
719 1246 863 1278 habitum
896 1246 1064 1278 decentem

327 1303 360 1330 et
385 1291 557 1330 honestum
582 1298 737 1337 deserant,
765 1298 916 1331 incedere
934 1298 1064 1331 minime

328 1351 476 1390 debeant,
503 1361 561 1383 nec
587 1351 626 1383 ad
652 1350 682 1383 id
701 1362 718 1382 a
735 1362 899 1394 quoquam
926 1352 1067 1394 desuper

328 1404 400 1447 cogi
437 1414 495 1436 seu
527 1404 697 1447 compelli,
731 1404 901 1447 minusque
942 1405 1066 1447 aliquas

327 1457 515 1497 sententias,
541 1468 705 1497 censuras,
733 1469 769 1490 ac
794 1459 889 1490 etiam
915 1457 1067 1501 privatio-

328 1511 378 1543 nis
404 1521 462 1543 seu
488 1510 679 1543 cessationis
707 1510 849 1553 ipsarum
875 1510 1067 1554 pensionum

329 1574 451 1606 poenas
476 1563 645 1596 occasione
677 1564 929 1606 praemissorum
962 1563 1068 1596 incur-

329 1627 403 1649 rere
428 1617 565 1659 possint,
590 1617 646 1649 sed
672 1617 801 1649 easdem
827 1617 1003 1660 pensiones
1029 1617 1068 1649 ad

330 1669 530 1712 praedictam
555 1681 713 1703 summam
738 1671 949 1703 ducentorum
975 1670 1070 1703 duca-

331 1727 436 1754 torum
452 1723 665 1756 ascendentes
684 1728 916 1763 etreservatas,
929 1729 965 1755 ut
981 1734 1069 1766 prae-

331 1775 439 1814 fertur,
459 1775 582 1807 etiamsi
605 1776 844 1808 matrimonium
862 1776 924 1808 iam
942 1781 1070 1808 contra-

331 1827 449 1867 xerint,
463 1829 512 1861 vel
530 1829 668 1871 posthae
687 1830 879 1861 contrahere
898 1828 1069 1869 voluerint,

331 1890 402 1912 cum
431 1881 524 1913 unica
538 1886 646 1914 tamen
665 1886 696 1914 et
719 1882 852 1923 virgine,
870 1882 1016 1924 recipere
1038 1887 1070 1914 et
1090 1873 1092 1892 Ἀ

331 1933 436 1966 libere
462 1934 626 1975 retinere;

374 1987 389 2030 ἓ
414 1986 446 2019 9.
474 1987 655 2027 Postremo,
678 1988 765 2030 quod
790 1988 874 2021 bona
898 1999 1070 2031 quaecum-

333 2049 394 2082 que
412 2040 452 2072 ad
468 2040 569 2073 dictos
594 2041 803 2073 conclavistas
825 2047 856 2073 et
873 2052 982 2074 eorum
1002 2043 1071 2085 qui·
1091 2057 1092 2060 ¹

332 2093 412 2126 libet
431 2094 619 2136 spectantia,
642 2099 672 2127 et
685 2105 743 2137 per
761 2106 815 2127 eos
834 2095 929 2127 etiam
948 2095 1069 2128 ratione

333 2157 608 2190 quorumcumque
623 2147 857 2180 beneficiorum
879 2149 1071 2182 ecclesiasti-

332 2211 454 2240 corum,
475 2201 570 2233 etiam
595 2202 840 2235 canonicatuum
860 2208 891 2236 et
915 2204 1072 2246 praeben—

333 2254 468 2293 darum,
503 2265 538 2285 ac
571 2254 763 2297 dignitatum
797 2267 1071 2300 quarumcumque

335 2306 415 2338 alias
441 2307 647 2339 obtentorum
675 2313 707 2340 ct
730 2309 993 2350 obtinendoruin,
1020 2316 1070 2342 aut

337 2359 414 2392 alias
441 2361 688 2402 quomodolibet
720 2367 748 2395 et
782 2363 894 2404 quovis
929 2363 1073 2406 (piaesito

337 2412 446 2444 colore
467 2413 516 2445 vel
534 2413 676 2456 iugenio,
697 2425 750 2447 seu
772 2425 883 2447 corun]
906 2416 1073 2456 industrizi,
1094 2417 1095 2431 ¹

337 2464 481 2506 legitime
506 2458 622 2505 tamen,
649 2477 684 2498 ae
710 2467 786 2499 alias
813 2467 900 2500 licite
918 2468 1075 2510 acquisita

338 2521 369 2548 et
393 2517 601 2559 acquirenda,
629 2519 725 2551 etiam
751 2520 783 2551 in
807 2520 913 2559 Urbe,
939 2521 1074 2564 eiusque

340 2568 506 2610 districtu,
534 2580 569 2602 ac
599 2572 720 2614 ubique
747 2573 936 2613 existentia,
964 2574 1075 2617 spoliis

341 2620 472 2655 minime
512 2623 723 2666 subiaceant;
765 2626 821 2659 sed
861 2627 1074 2661 conclavistae

1105 295 1272 338 praedicti,
1299 295 1422 328 etiamsi
1447 295 1601 337 religioni
1627 296 1761 328 alicuius
1786 295 1845 328 mi-

1105 349 1191 381 litiae
1217 348 1311 381 etiam
1338 348 1496 391 praedicti
1525 348 1556 381 S.
1578 348 1704 380 loannis
1730 348 1844 381 llicro-

1107 401 1248 444 lymitani
1275 400 1427 444 adscripti
1455 400 1636 440 sucrint‚de
1662 400 1725 433 illis
1743 401 1773 432 in
1801 401 1844 433 sa-

1107 455 1213 486 norem
1250 464 1522 497 quarumcumque
1559 463 1772 497 personarum
1805 454 1843 486 de

1108 507 1174 539 iure
1186 512 1291 539 tamen
1306 506 1482 549 capacium,
1495 506 1618 539 etiamsi
1630 507 1766 538 curiales
1775 516 1843 538 csse

1109 560 1275 599 desierint,
1301 564 1332 591 et
1357 559 1387 591 in
1414 570 1618 602 quocumque
1651 560 1720 591 loco
1749 569 1844 600 quan-

1110 612 1223 644 tumvis
1249 616 1394 651 remoto,
1422 611 1517 644 etiam
1553 616 1641 643 extra
1672 621 1783 643 eorum
1814 615 1846 642 et

1109 664 1281 697 cuiuslibet
1293 664 1436 707 ipsorum
1450 663 1616 707 propriam
1634 662 1844 695 residentiam

1109 727 1164 750 eos
1189 718 1349 750 decedere
1374 717 1561 760 contigerit,
1589 716 1696 749 testari
1718 721 1749 748 et
1765 715 1844 747 alias

1109 771 1292 813 disponere,
1319 771 1420 814 iisque
1447 771 1485 803 ab
1511 771 1662 803 intestato
1683 769 1846 802 deceden-

1109 822 1193 854 tibus
1219 823 1354 865 legitimi
1381 834 1493 856 eorum
1519 823 1678 856 haeredes
1702 821 1846 865 quicum-

1108 886 1169 918 que
1200 875 1374 908 succedere
1399 876 1500 909 libere
1533 882 1564 908 et
1589 876 1676 908 licite
1699 875 1844 914 valeant,

1108 928 1203 961 simili
1230 929 1327 961 modo
1346 929 1554 962 concedimus
1571 933 1604 961 et
1621 928 1843 970 indulgemus:

1108 983 1358 1025 praecipientes,
1370 983 1562 1015 mandantes
1577 982 1700 1015 eisdem
1714 981 1745 1014 S.
1760 981 1796 1013 R.
1808 980 1842 1013 E.

1108 1036 1305 1075 camerario,
1330 1035 1544 1075 thesaurario,
1569 1033 1844 1078 praesidentibus,

1108 1088 1235 1121 clericis
1260 1098 1407 1121 camerae
1432 1093 1562 1121 nostrae
1588 1087 1788 1131 praedictae,
1815 1090 1847 1118 et

1108 1141 1272 1184 quibusvis
1293 1141 1364 1174 aliis
1383 1141 1564 1184 spoliorum
1582 1140 1763 1173 huiusmodi
1782 1140 1847 1172 col-

1108 1195 1286 1227 lectoribus
1312 1198 1343 1227 et
1367 1194 1676 1234 subcollectorihus,
1703 1203 1739 1226 ac
1763 1192 1847 1225 mili-

1109 1248 1223 1280 tiarum
1240 1248 1455 1292 praefatarum
1473 1247 1664 1281 officialibus
1682 1252 1733 1279 aut
1761 1245 1848 1290 prio-

1110 1301 1276 1341 ribus,-ct
1300 1301 1465 1344 quibusvis
1490 1301 1561 1334 aliis
1587 1300 1755 1344 personis,
1782 1305 1846 1332 tam

1109 1354 1328 1387 saecularibus
1339 1365 1435 1397 quam
1450 1353 1661 1397 regularibus,
1671 1353 1847 1386 cuiuscum-

1110 1418 1171 1450 que
1197 1407 1325 1450 gradus,
1351 1412 1461 1447 status,
1488 1406 1611 1439 ordinis
1636 1412 1667 1439 et
1692 1405 1848 1449 praeemi-

1109 1460 1249 1499 nentiae,
1268 1460 1396 1492 etiamsi
1423 1459 1554 1503 speciali
1574 1461 1650 1492 nota
1672 1458 1760 1501 digni
1783 1458 1848 1491 exi-

1110 1517 1204 1553 stant,
1223 1522 1262 1544 ne
1281 1512 1312 1544 in
1339 1512 1527 1545 huiusmodi
1554 1511 1647 1545 bonis
1664 1522 1779 1543 manus
1800 1521 1850 1553 ap-

1112 1571 1261 1608 ponant,
1296 1576 1402 1608 neque
1438 1566 1597 1598 haeredes
1628 1565 1849 1608 praefatorum

1111 1618 1378 1651 conclavistarnm
1399 1618 1539 1661 desuper
1562 1619 1735 1650 molestare
1753 1616 1851 1649 aude-

1112 1677 1166 1704 ant,
1181 1682 1237 1704 seu
1255 1677 1484 1715 praesumant,
1505 1682 1540 1703 ac
1559 1671 1654 1704 etiam
1673 1670 1852 1703 decernen-

1112 1731 1159 1757 tes
1184 1725 1375 1758 donationes
1394 1724 1489 1757 etiam
1501 1724 1652 1768 perviam
1667 1722 1851 1756 testamenti

1113 1783 1144 1811 et
1168 1777 1395 1810 codicillorum
1427 1788 1485 1821 per
1518 1777 1608 1820 ipsos
1640 1776 1850 1809 conclavistas

1090 1844 1092 1872 ῑ
1113 1832 1150 1864 de
1163 1831 1377 1864 eorumbonis
1391 1831 1577 1863 huiusmodi
1594 1830 1756 1863 faciendas
1768 1839 1852 1861 sem-

1090 1908 1091 1911 *
1112 1894 1170 1927 per
1191 1890 1222 1917 et
1243 1889 1399 1927 perpetuo
1417 1884 1538 1916 validas
1559 1888 1591 1916 et
1607 1883 1753 1916 efficaces
1768 1883 1848 1915 sore.

1156 1938 1170 1980 ἓ
1188 1936 1241 1969 10.
1261 1936 1323 1969 Nec
1343 1937 1475 1970 eosdem
1494 1936 1708 1969 conclavistas
1726 1946 1851 1969 eorum-

1114 2001 1175 2034 que
1192 1990 1334 2033 aliquem
1351 1990 1391 2022 ad
1417 1995 1624 2033 praesentem
1647 1995 1851 2032 motumpro-

1113 2043 1217 2086 prium
1244 2053 1297 2075 seu
1324 2043 1469 2082 litteras,
1503 2053 1599 2085 super
1626 2042 1850 2085 praesentibus

1114 2096 1138 2128 si
1155 2095 1315 2129 videbitur
1332 2095 1560 2135 conficiendas,
1576 2096 1606 2128 in
1627 2096 1711 2128 dicta
1728 2097 1854 2128 camera

1114 2148 1364 2188 insinuandum,
1392 2153 1446 2180 aut
1475 2148 1599 2181 admitti
1634 2154 1665 2180 et
1689 2147 1855 2190 registrari

1114 2202 1291 2248 petendum
1317 2202 1417 2234 teneri
1433 2229 1440 2242 ‚
1466 2212 1525 2234 nec
1556 2202 1647 2234 illum
1673 2212 1731 2234 seu
1757 2201 1830 2234 illas
1846 2228 1853 2241 ,

1116 2254 1237 2288 etiamsi
1271 2255 1532 2298 motusproprius
1569 2260 1600 2287 et
1635 2255 1761 2287 litterae
1797 2254 1856 2286 hu-

1116 2307 1253 2340 iusmodi
1273 2307 1357 2340 intra
1375 2308 1553 2350 legitimum
1571 2313 1696 2350 tempus
1714 2307 1855 2340 insinua-

1118 2367 1178 2402 tus,
1204 2361 1363 2393 admissus
1391 2366 1422 2394 et
1446 2361 1634 2404 registratus
1654 2370 1718 2393 non
1746 2360 1854 2402 suerit,

1118 2425 1172 2447 seu
1198 2414 1273 2447 illae
1299 2414 1489 2454 insinuatae,
1511 2415 1671 2447 admissae
1693 2425 1748 2447 seu
1774 2413 1857 2457 regi-

1117 2473 1235 2500 stratae
1261 2478 1325 2499 non
1347 2467 1472 2507 suerint,
1491 2472 1667 2511 propterea
1683 2467 1787 2499 minus
1809 2477 1858 2499 va-

1118 2521 1217 2553 lidum
1255 2531 1309 2553 seu
1342 2520 1465 2553 validas
1502 2520 1653 2559 censeri,
1686 2520 1741 2552 sed
1779 2530 1855 2552 suos

1118 2573 1282 2616 plenarios
1302 2572 1431 2605 effertus
1454 2573 1561 2610 sortiri
1583 2573 1710 2611 debere,
1730 2583 1765 2604 ac
1788 2582 1856 2604 mo-

1118 2627 1355 2671 tumproprium
1389 2631 1421 2660 et
1450 2627 1575 2659 litteras
1606 2626 1793 2659 huiusmodi
1823 2631 1855 2660 et

1762 235 1803 272 27
1852 246 1900 272 An.
1921 245 1951 272 e.
1967 240 2039 271 ¹670

1888 1944 1997 1970 Exempuo
2017 1943 2044 1964 ab

1862 1973 2002 1992 insinuatione
2024 1972 2044 1991 ln

1863 2000 1954 2019 ramera.
