2279 3260
126 262 174 299 lln.
189 261 219 286 C.
242 260 310 288 167ss

948 258 1090 284 Ctmutxs
1113 261 1131 284 X
1156 261 1203 284 FP.

318 318 396 352 pore
414 312 489 352 apto
508 309 547 342 de
572 307 730 352 periculo,
748 307 833 351 quod
855 312 963 351 potest
983 318 1053 339 esse

318 361 350 394 in
376 361 620 395 conservatione
638 371 743 394 rerum
768 363 818 394 vel
844 361 1002 393 fruetuum
1021 359 1052 392 in

318 414 448 457 propria
472 414 602 457 specie,
629 418 664 446 ut
689 415 727 447 (le
751 413 815 447 illis
847 414 997 456 disponat
1022 412 1053 444 in

316 466 471 500 maiorem
496 467 731 511 redemptionis
756 467 942 500 utilitatem.

361 530 391 552 v.
418 519 553 563 Insuper
585 520 712 563 integra
744 531 819 564 pars
845 519 938 552 tertia
963 529 1054 562 sepa-

317 577 407 605 retur
441 583 501 615 pro
533 573 759 616 redemptione
792 573 991 617 captivorum
1018 583 1052 603 ex

316 625 492 658 mobilibus
511 626 721 659 baereditatis
739 632 772 660 et
791 628 951 660 bonorum
971 636 988 658 a
1004 635 1054 668 pa-

315 678 464 710 rentibus
488 678 688 711 relictorum.
711 679 864 712 Similiter
889 679 986 711 etiam
1004 688 1054 710 se-

314 731 491 774 parabitur,
519 732 664 765 deductis
682 732 832 775 expensis
857 732 889 764 in
914 732 1051 770 cultura,

316 794 354 816 cx
382 784 537 816 fructibus
564 790 595 818 et
626 786 836 828 proventibus
875 784 1054 828 possessio-

315 847 392 870 num
411 839 677 881 provenientibus
693 850 729 871 ex
740 839 834 871 bonis
849 839 913 870 sive
927 837 1052 869 ratione

314 890 492 933 legitimae,
511 891 575 924 sive
590 892 811 931 haereditatis,
828 891 892 923 sive
909 890 1054 923 donatio-

314 943 364 975 nis
389 944 569 987 acquisitis.
605 944 736 983 Quando
772 949 876 976 autem
905 942 1053 976 definito-

315 996 398 1029 rium
424 999 600 1040 generale,
631 998 681 1030 vel
706 1002 881 1030 conventus
913 996 1051 1039 aliquis,

315 1060 374 1082 seu
388 1050 568 1092 collegium,
588 1050 767 1083 cessionem
788 1050 899 1082 fecerit
916 1049 1051 1082 alicuius

313 1103 486 1144 legitimae,
507 1103 544 1135 ad
563 1114 661 1146 quam
686 1103 733 1135 ius
759 1103 867 1142 babet,
888 1113 1052 1145 nunquam

313 1156 405 1188 cedat
430 1162 554 1198 partem
584 1156 746 1198 legitimae
764 1155 852 1189 illius
870 1156 908 1188 ad
926 1156 1053 1188 redem—

313 1208 458 1251 ptionem
484 1214 698 1252 spectantem.

356 1272 401 1294 vr.
415 1261 637 1305 Praecipimus
659 1262 809 1295 omnibus
831 1261 1052 1306 superioribus

315 1320 350 1347 ut
374 1315 407 1347 in
433 1315 648 1348 conventibus
674 1326 730 1348 seu
756 1315 914 1358 collegiis,
932 1316 964 1347 in
984 1315 1053 1358 qui-

313 1369 374 1401 bus
400 1379 466 1401 nou
492 1368 588 1400 suerit
613 1368 781 1411 designata
806 1369 887 1401 haee
912 1368 1054 1411 particu-

312 1420 390 1454 laris
415 1431 490 1453 arca
515 1431 573 1463 pro
599 1421 809 1454 custodienda
833 1421 970 1465 pecunia
985 1431 1054 1464 per-

313 1474 435 1507 tinente
450 1474 489 1506 ad
503 1474 762 1516 redemptionem
775 1474 984 1517 captivorum,
999 1474 1054 1507 illa

312 1532 493 1571 reponatur
518 1532 549 1560 et
574 1527 775 1560 custodiatur
799 1528 831 1560 in
856 1530 928 1560 arca
956 1528 1053 1560 trium

313 1580 451 1614 clavium
469 1581 634 1614 communi
653 1586 830 1614 conventus
847 1582 897 1614 vel
912 1581 1051 1623 collegii,

313 1634 346 1667 in
371 1635 444 1668 loco
470 1639 577 1667 tamen
603 1634 670 1666 eius
691 1639 853 1677 separato.

356 1698 413 1722 vn.
440 1688 475 1720 In
512 1687 659 1731 qualibet
691 1687 856 1730 provincia
895 1698 977 1720 unus
1014 1687 1054 1720 sit

313 1746 489 1776 conventus
515 1751 573 1774 seu
598 1740 773 1783 collegium
798 1751 855 1783 per
880 1741 1053 1784 capitulum

313 1796 467 1840 generale
493 1794 691 1838 assignatum
723 1794 756 1826 in
782 1805 847 1837 quo
873 1794 934 1827 erit
959 1794 1055 1837 parti-

312 1849 430 1883 cularis
455 1859 531 1881 arca
567 1848 664 1880 trium
697 1847 832 1880 clavium
866 1848 1054 1880 deserviens

312 1903 477 1935 dumtaxat
493 1912 553 1945 pro
579 1901 798 1934 custodiendis
815 1901 1053 1944 pertinentibus

311 1957 352 1990 ad
375 1955 651 1998 redemptionem,
677 1965 759 1998 quae
783 1959 816 1987 et
833 1955 895 1988 erit
914 1965 1055 1988 commu-

311 2010 362 2043 nis
386 2019 446 2053 pro
471 2007 618 2051 pecuniis
651 2007 747 2040 totius
779 2008 978 2051 provinciae.
1010 2008 1052 2041 Ex

313 2063 408 2096 dictis
440 2066 548 2095 autem
581 2059 736 2101 clavibus,
770 2062 871 2094 altera
903 2061 944 2094 sit
968 2063 1053 2105 apud

312 2115 508 2155 ministrum,
537 2115 638 2147 altera
656 2114 741 2157 apud
758 2113 1000 2157 redemptorem
1017 2115 1054 2147 il-

313 2169 376 2202 lius
397 2167 596 2211 provinciae,
622 2168 685 2207 vel,
709 2167 749 2200 ad
781 2167 850 2200 eius
883 2168 1052 2209 desectum,

315 2222 400 2265 apud
425 2227 671 2264 procuratorem
696 2221 764 2254 eius
789 2225 966 2254 conventus
997 2232 1052 2254 seu

315 2274 456 2317 collegii,
475 2279 506 2307 et
523 2275 625 2307 altera
645 2274 729 2317 apud
753 2274 976 2307 consiliarium
1002 2285 1056 2307 an-

316 2326 501 2370 tiquiorem.
528 2325 618 2364 Quod
643 2326 668 2359 si
693 2326 726 2359 in
759 2326 868 2370 aliquo
893 2332 1052 2360 conventu

315 2381 366 2413 vel
386 2379 526 2422 collegio
551 2380 696 2412 evenerit
725 2381 810 2424 quod
829 2381 870 2413 sit
885 2391 959 2413 arca
983 2392 1056 2425 par-

316 2433 458 2467 ticularis
483 2443 541 2476 pro
567 2433 788 2467 custodiendis
813 2439 937 2467 tantum
962 2446 1056 2478 pecu-

316 2487 378 2520 niis
403 2487 442 2519 ad
468 2486 729 2530 redemptionem
745 2488 999 2531 pertinentibus,
1020 2490 1057 2523 il-

316 2540 378 2573 lius
401 2540 508 2573 claves
531 2540 672 2573 habeant
698 2541 858 2584 praedicti
891 2542 1052 2583 minister,

316 2593 521 2628 consiliarius
547 2593 710 2637 antiquior
726 2600 758 2627 et
774 2600 967 2638 procurator
983 2607 1057 2629 con-

315 2652 430 2681 ventus
467 2647 518 2680 vel
556 2647 705 2689 collegii;
743 2658 909 2692 nunquam
945 2655 1055 2684 autem

385 2711 464 2738 Ball.
487 2710 569 2737 Rom.
592 2725 622 2729 -
649 2710 705 2739 Vol.
727 2709 835 2738 XVIII.
979 2713 1013 2739 78

1095 308 1257 351 praefatae
1276 318 1368 341 arcae
1386 309 1574 352 aperiantur
1591 310 1659 342 sine
1685 309 1835 341 assisten-

1097 361 1137 393 tia
1175 363 1272 395 trium
1309 362 1522 395 clavariorum
1543 390 1549 401 ,
1589 363 1643 405 qui
1682 362 1832 394 ‹nsum-to

1096 425 1131 446 ao
1156 415 1326 459 perspicue
1355 415 1498 448 scribant
1530 415 1638 447 omnia
1671 426 1752 457 quae
1786 426 1834 446 re-

1095 467 1258 510 cipiuntur
1293 473 1324 502 et
1363 468 1395 500 in
1429 468 1568 511 negotiis
1598 467 1832 510 redemptionis

1097 521 1334 564 expenduntur.

1139 583 1209 606 v111.
1256 573 1493 617 Redemptores
1532 573 1734 616 captivorum
1782 573 1832 605 bis

1096 627 1270 669 quotannis
1298 626 1381 670 patri
1412 626 1557 669 generali
1579 626 1737 659 rationem
1762 626 1833 658 red-

1096 679 1173 711 dant
1207 679 1239 711 in
1276 679 1406 723 seriptis
1441 680 1583 712 omnium
1616 680 1831 722 ingressuum,

1096 743 1323 776 expensarum,
1342 744 1522 770 causarum,
1542 733 1656 773 litium,
1672 737 1745 772 etc⁴⁷
1760 742 1834 775 pcr-

1096 786 1268 819 tinentium
1294 787 1332 818 ad
1358 786 1443 819 bona
1462 785 1710 829 redemptionis.

1139 849 1181 871 ix.
1219 838 1376 881 Superior
1407 844 1438 871 et
1475 838 1651 871 consiliarii
1695 837 1834 871 cuiusvis

1096 897 1276 924 conventus
1303 897 1334 924 et
1358 891 1488 934 collegii
1510 893 1549 924 ad
1568 891 1664 924 finem
1691 892 1834 933 singulo-

1096 955 1166 977 rum
1206 945 1369 978 mensium
1407 945 1576 977 confcrant
1611 950 1641 977 et
1676 955 1833 977 summam

1096 996 1269 1030 conficiant
1293 998 1438 1030 omnium
1464 997 1678 1040 quantitatum
1714 998 1752 1029 ad
1784 1008 1834 1030 re-

1096 1050 1317 1093 demptionem
1341 1050 1588 1093 pertinentium‚
1605 1055 1669 1082 tam
1687 1061 1724 1083 ex
1742 1061 1834 1093 sepa-

1096 1102 1173 1135 ratis
1198 1113 1257 1146 pro
1284 1103 1375 1135 tertia
1397 1107 1500 1146 parte,
1518 1113 1613 1145 quam
1641 1113 1678 1135 ex
1705 1102 1833 1135 donatis

1097 1156 1309 1189 determinate
1327 1156 1366 1188 ad
1388 1156 1488 1198 ipsam
1510 1155 1779 1199 redemptionem,
1803 1162 1833 1188 et

1096 1209 1129 1241 in
1146 1210 1229 1242 libro
1251 1209 1397 1242 eiusdem
1422 1209 1658 1252 redemptionis
1678 1209 1733 1242 illa
1751 1209 1831 1241 scri-

1096 1263 1182 1303 bant,
1198 1274 1233 1295 ac
1250 1262 1392 1306 propriis
1410 1261 1598 1295 nominibus
1616 1262 1832 1294 subscribant.

1139 1326 1169 1349 x.
1196 1316 1243 1349 Ad
1269 1317 1332 1349 hoc
1348 1320 1383 1348 ut
1399 1315 1538 1359 pecunia
1568 1315 1769 1359 captivorum
1787 1316 1836 1347 in—

1097 1374 1186 1412 tegra
1211 1374 1243 1401 et
1279 1369 1311 1402 in
1347 1368 1435 1402 fideli
1471 1378 1507 1401 ac
1541 1370 1654 1402 secura
1689 1368 1834 1401 custodia

1097 1427 1298 1465 perseveret,
1312 1422 1504 1455 mandamus
1522 1422 1555 1454 in
1572 1422 1689 1454 virtute
1707 1428 1834 1455 sanctae

1098 1475 1301 1509 obedientiae
1345 1475 1496 1508 omnibus
1543 1474 1731 1517 religiosis,
1774 1480 1836 1508 tam

1098 1529 1250 1571 praelatis
1270 1538 1364 1571 quam
1389 1527 1540 1568 subditis,
1560 1532 1592 1560 et
1608 1527 1783 1569 unicuique
1802 1527 1833 1559 in

1097 1582 1264 1625 singulari,
1291 1592 1330 1614 ne
1356 1581 1528 1614 extrahant
1558 1591 1620 1613 nec
1651 1581 1836 1624 expendant

1098 1635 1316 1680 (quantumvis
1340 1635 1381 1668 sit
1405 1635 1529 1667 ratione
1547 1635 1650 1667 mutui
1675 1636 1724 1667 vel
1749 1645 1836 1668 com-

1097 1689 1226 1730 modati,
1245 1689 1374 1732 alioque
1401 1689 1493 1721 titulo
1519 1699 1583 1721 non
1608 1693 1774 1731 spectante
1796 1689 1835 1721 ad

1097 1743 1393 1786 redemptionem)
1426 1741 1549 1785 aliquid
1593 1742 1760 1784 pertinens
1796 1743 1834 1774 ad

1097 1796 1199 1839 ipsam
1234 1795 1493 1838 redemptionem
1518 1795 1739 1838 captivorum,
1766 1795 1835 1827 sine

1097 1846 1228 1882 licentia
1252 1849 1284 1881 in
1310 1848 1438 1891 scriptis
1463 1847 1638 1880 definitorii
1660 1849 1834 1890 generalis.

1097 1902 1252 1945 Superior
1288 1907 1405 1941 autem,
1439 1901 1491 1944 qui
1525 1901 1748 1934 constitutioni
1786 1902 1835 1934 isti

1097 1955 1348 1995 contravenerit,
1367 1964 1424 1987 suo
1444 1954 1550 1987 officio
1576 1954 1616 1986 sit
1633 1955 1785 1997 privatus,
1806 1959 1838 1987 et

1098 2008 1235 2052 quilibet
1264 2008 1344 2040 alius
1378 2007 1552 2049 religiosus
1590 2017 1666 2040 voce
1703 2012 1735 2039 et
1766 2009 1837 2040 loco

1097 2072 1157 2105 per
1180 2060 1367 2095 triennium.

1140 2125 1182 2148 X1.
1208 2114 1346 2158 Insuper
1371 2112 1589 2157 praecipimus
1624 2113 1709 2156 quod
1746 2113 1838 2157 quili-

1097 2169 1154 2201 bet
1176 2168 1353 2211 praelatus,
1378 2167 1566 2210 expendens
1583 2167 1633 2199 vel
1651 2167 1684 2198 in
1702 2171 1770 2199 toto
1788 2168 1837 2200 vel

1097 2222 1130 2254 in
1155 2226 1246 2264 parte
1271 2220 1371 2253 resin
1391 2221 1499 2263 specie
1518 2221 1651 2263 propria
1675 2220 1752 2260 vini,
1779 2221 1836 2252 tri-

1098 2275 1164 2315 tici,
1187 2274 1305 2307 hordei
1330 2279 1359 2307 et
1381 2274 1504 2306 similes
1521 2273 1583 2306 iam
1603 2274 1779 2306 destinatas
1806 2278 1838 2306 et

1098 2333 1264 2372 separatas
1288 2338 1347 2371 pro
1373 2326 1522 2370 captivis,
1550 2335 1727 2370 suspensus
1753 2327 1795 2359 sit
1820 2338 1837 2359 a

1099 2393 1158 2416 suo
1183 2382 1289 2416 officio
1309 2391 1369 2425 per
1393 2391 1538 2413 mensem
1559 2391 1671 2419 unum,
1697 2381 1746 2413 vel
1772 2391 1839 2413 am-

1098 2435 1193 2479 plius,
1207 2436 1294 2468 iuxta
1320 2434 1510 2478 qualitatem
1537 2434 1650 2477 culpae
1672 2445 1679 2466 ι
1711 2440 1741 2466 et
1765 2433 1838 2465 visi-

1099 2494 1180 2522 tator
1205 2493 1295 2522 curet
1325 2492 1361 2519 ut
1396 2487 1517 2530 absque
1541 2488 1633 2519 mora
1658 2486 1840 2529 reintegre-

1099 2548 1149 2575 tur
1180 2548 1214 2575 et
1244 2541 1434 2575 restituatur
1460 2540 1546 2583 quod
1579 2550 1756 2583 expensum
1789 2540 1838 2572 vel

1099 2596 1276 2629 alienatum
1301 2594 1397 2627 fuisse
1423 2592 1615 2626 constiterit.

1141 2659 1198 2683 ΧΠ.
1224 2649 1338 2681 Patres
1363 2646 1580 2691 provinciales
1611 2656 1666 2679 seu
1697 2644 1841 2680 visitato-

1732 252 1794 285 617
1841 259 2026 287 An.tt.16'.6
