2279 3260
2 151 13 290 -1.‹-;1uv‚ae·
4 131 6 134 <

150 254 205 279 An.
224 252 254 278 C.
272 251 336 279 ¹6³1

970 250 1111 274 CLEMENS
1134 251 1152 273 X
1176 251 1224 274 1⁵1².

344 299 471 343 ipsimet
488 299 631 332 infirmae
649 298 865 337 intolerabili,
888 298 967 329 facto
986 298 1077 339 siguo

345 353 447 384 crucis
473 361 570 395 super
594 356 683 394 parte
709 349 830 389 affecta,
854 355 884 381 et
909 349 1017 391 lingua
1042 349 1079 381 li-

346 405 410 438 nita
428 415 445 436 a
463 405 547 437 dicto
568 404 664 436 beato
683 403 843 435 Ludovico
861 402 956 435 veluti
975 414 992 433 a
1008 413 1080 434 sen-

346 457 434 490 sibus
454 457 605 495 alienato,
624 461 656 488 et
677 455 756 488 facie
783 455 851 487 eius
876 456 945 487 lure
962 454 1080 497 fulgida

345 515 544 552 remanente,
562 508 668 541 statim
694 519 791 550 aegra
816 508 990 540 convaluit.

388 562 528 595 Cadaver
559 560 658 603 ipsius
694 561 832 603 quadam
864 560 962 593 veluti
987 560 1080 602 chry-

345 612 471 645 stallina
494 611 633 654 puritate
659 610 703 642 sic
727 609 835 651 nituit,
862 615 895 642 ut
916 611 1079 642 adstantes

345 665 377 697 in
402 664 470 696 eius
495 663 640 705 virginea
664 673 772 703 carne,
799 665 886 696 velut
914 663 946 695 in
975 661 1080 704 limpi-.

345 716 478 749 dissimo
496 716 639 758 speculo,
666 720 808 748 suosmet
830 716 934 748 vultus
961 715 1081 747 fuerint
1101 753 1102 764 γ

345 768 536 811 conspicati.

388 821 466 854 Toto
492 821 588 853 etiam
612 831 748 864 corpore
773 820 977 853 suavissimus
1000 820 1082 853 odor

345 884 518 917 erumpens
544 884 610 906 non
635 875 741 906 solum
768 873 912 916 proxime
941 873 1078 911 vicinos,

344 927 403 959 sed
423 927 552 969 longius
569 926 699 959 dissitos
717 924 869 968 mirificae
887 925 1079 968 peregrinae

344 979 537 1021 fragrantiae
558 978 798 1011 oblectamento
817 977 990 1010 adbalavit.

387 1031 448 1065 Sex
464 1030 596 1064 circiter
613 1030 779 1063 mensibus
798 1032 869 1063 loco
893 1029 1027 1062 humido
1045 1039 1081 1062 ac

343 1083 514 1117 stillicidiis
528 1083 669 1116 obnoxio
683 1084 845 1126 sepultum
860 1083 1002 1115 iacuerat
1014 1092 1081 1114 san-

343 1136 385 1169 cti
413 1136 473 1168 viri
501 1136 655 1175 cadaver,
686 1136 815 1179 quando
844 1140 1018 1167 extractum
1047 1139 1081 1167 ut

343 1188 522 1221 decentiori
549 1190 674 1221 tumulo
701 1188 894 1227 inferretur,
920 1187 1079 1229 integrum

344 1241 646 1284 incorruptumque,
666 1241 744 1273 solis
770 1241 913 1272 vestibus
937 1239 1079 1283 undique

343 1293 531 1337 putrefactis
551 1320 559 1333 ,
594 1298 757 1336 repertum
792 1298 865 1333 est,
899 1293 1078 1336 iterumque

343 1346 485 1379 mirabili
512 1345 730 1378 suaveolentia
754 1345 996 1378 circumstantes
1021 1345 1079 1377 im-

343 1398 453 1442 plevit.

385 1451 519 1484 Ursulae
544 1451 637 1484 Soler
656 1448 722 1484 iilia
742 1456 820 1491 erat,
846 1451 895 1483 cui
921 1450 1078 1483 immanes

342 1503 456 1547 capitis
482 1504 612 1537 dolores
636 1514 731 1536 omne
756 1503 947 1546 capillitium
971 1503 1080 1536 radici-

343 1562 394 1589 tus
426 1557 637 1590 abstulerant.
674 1557 963 1598 Medicamentum,
992 1558 1079 1600 quod

342 1610 445 1652 magis
468 1609 652 1642 obfuturum
671 1610 709 1641 ab
729 1610 877 1642 omnibus
897 1610 1078 1653 timebatur,

342 1662 477 1707 petitum
494 1673 511 1695 a
528 1663 675 1706 lampade
694 1673 775 1706 quae
794 1673 900 1696 coram
917 1663 1003 1696 beati
1022 1663 1078 1696 viri

343 1716 494 1759 sepulcro
513 1716 664 1756 ardebat3
685 1715 781 1748 huius
799 1717 870 1749 oleo
889 1722 1080 1759 perunctum

343 1773 440 1811 caput
457 1769 596 1811 puellae,
610 1778 675 1801 non
694 1769 797 1800 solum
817 1768 936 1800 abactis
954 1768 1080 1811 penitus

343 1820 520 1861 doloribus,
546 1820 705 1863 integram
725 1821 958 1860 valetudinem,
977 1822 1031 1853 sed
1050 1826 1081 1854 et

343 1874 479 1917 capillos
496 1875 711 1916 recuperavit.

386 1926 550 1965 Quaedam
567 1928 676 1970 puella
695 1927 797 1960 oculis
815 1928 936 1968 orbata,
955 1928 994 1960 ad
1014 1928 1080 1960 fon-

343 1986 409 2013 tem
432 1980 497 2014 loci
524 1980 652 2020 Ruzafa,
683 1991 699 2013 e
732 1991 795 2024 quo
821 1981 938 2013 Beatus
968 1981 1078 2013 bibere

342 2034 488 2074 solebat,
514 2033 588 2067 lotis
612 2033 736 2074 oculis,
762 2033 936 2077 pristinum
966 2044 1079 2066 eorum

344 2097 439 2120 usum
461 2086 679 2130 recuperavit.

386 2138 509 2184 Gaspar
532 2139 677 2172 Ramirez
702 2149 825 2179 caecus,
855 2140 894 2172 ad
921 2141 1078 2172 tumulum

341 2191 449 2225 Sancti
466 2202 626 2225 novenam
644 2202 813 2235 peragens,
835 2192 1009 2235 ultimaque
1028 2192 1078 2224 die

343 2245 457 2278 oculos
474 2245 624 2287 sepulcro
643 2254 714 2276 eum
732 2244 792 2277 fide
814 2244 989 2287 applicans,
1007 2255 1079 2288 pro-

342 2297 475 2329 fluvium
492 2297 596 2330 crocei
616 2297 759 2330 humoris
780 2297 885 2330 emisit
911 2297 949 2330 ab
968 2298 1077 2338 oculis,
1098 2323 1099 2328 ,

343 2361 380 2382 ac
403 2350 508 2383 subito
530 2350 692 2382 caecitatis
717 2361 792 2383 suae
817 2351 988 2393 caliginem
1014 2352 1079 2384 lae-

344 2408 393 2435 tus
418 2403 576 2436 abstersit.

387 2455 527 2488 Lactanti
553 2456 718 2489 Andracae
737 2456 859 2490 Abreus
880 2468 953 2490 cum
977 2457 1079 2490 aruis-

343 2514 417 2542 sent
447 2509 629 2549 mamillae,
664 2512 790 2542 novena
820 2511 860 2543 ad
893 2511 1078 2553 sepulcrum

343 2562 451 2595 Sancti
475 2564 602 2602 exacta,
627 2573 698 2595 mox
722 2563 893 2606 pristinam
918 2564 1009 2596 lactis
1034 2565 1078 2596 af-

342 2616 507 2649 fluentiam
532 2615 724 2659 impetravit.

447 2678 523 2706 Bull.
542 2679 620 2707 Rom.
637 2694 671 2699 -
691 2680 748 2707 Vol.
767 2679 871 2708 XVIII.
928 2702 931 2703 .
962 2702 965 2704 ,
1016 2681 1050 2708 29

1097 2646 1100 2662 l

1164 297 1298 330 lsabella
1330 298 1448 330 loanna
1481 298 1576 330 salon
1609 309 1679 331 cum
1711 299 1855 341 pluribus

1121 350 1212 382 anuis
1230 351 1368 392 graviter
1386 352 1531 383 ulceroso
1549 352 1689 393 quodam
1707 352 1855 383 abscessu

1121 408 1339 445 torqueretur,
1359 407 1473 436 attacta
1494 404 1612 435 feretro
1639 403 1724 445 quod
1750 404 1855 435 Sancti

1121 456 1257 488 cadaver
1286 461 1488 498 gestaverat,
1516 456 1677 499 perfectae
1710 455 1855 488 sanitatis

1121 507 1280 554 beneficio
1306 508 1407 551 potita
1432 512 1492 540 est.

1165 560 1302 593 isabella
1326 560 1445 592 Gerbin
1466 560 1650 603 supradicto
1668 560 1785 592 [luzafa
1803 560 1859 592 be-

1122 612 1250 645 nedicto
1277 613 1361 645 fonte
1386 613 1504 652 abluta,
1523 612 1617 645 simul
1636 618 1667 645 et
1691 612 1806 644 febrim
1827 616 1858 644 et

1123 664 1337 707 dysenteriam
1369 670 1402 697 et
1430 665 1576 697 herniam
1605 664 1777 697 incolumis
1802 665 1858 696 ab·

1123 717 1199 759 egit..

1167 771 1257 802 Anna
1292 770 1451 810 Monfort,
1487 770 1537 802 cui
1574 769 1730 813 paralysis
1764 779 1858 801 usum

1122 823 1341 856 membrorum
1360 834 1493 866 prorsus
1511 823 1688 862 ademerat,
1707 827 1738 854 et
1754 821 1858 854 morbi

1123 876 1276 908 violentia
1304 876 1399 908 situm
1432 876 1495 908 oris
1530 875 1712 908 foedissime
1744 875 1860 907 distor-

1123 934 1218 968 serat,
1247 929 1363 960 haustu
1389 939 1490 970 aquae
1516 939 1551 960 ex
1578 928 1692 960 eodem
1721 928 1859 960 Ruzafae

1124 981 1222 1020 fonte,
1248 991 1283 1012 ac
1307 980 1453 1012 invocato
1477 980 1508 1012 S.
1537 980 1686 1013 Ludovici
1713 980 1859 1019 nomine,

1125 1038 1190 1065 tum
1212 1033 1281 1075 ipsa
1302 1032 1488 1072 valetudini,
1517 1038 1581 1064 tum
1603 1043 1639 1065 os
1660 1032 1759 1075 priori
1785 1032 1859 1064 situi

1123 1086 1307 1118 restitutum
1332 1086 1401 1118 fuit.

1167 1139 1379 1182 Hieronymae
1405 1137 1512 1181 Capell
1538 1138 1669 1177 filiolus,
1689 1142 1784 1180 rupto
1803 1147 1859 1180 pe-

1123 1192 1272 1232 ritoneo,
1311 1192 1460 1233 forasque
1497 1190 1632 1223 extrusis
1669 1189 1856 1229 intestinis,

1123 1244 1243 1287 iugiter
1279 1244 1402 1277 eiulans
1433 1249 1464 1276 et
1500 1243 1689 1285 sanguinem
1715 1252 1859 1283 vomens,

1122 1298 1175 1329 ubi
1197 1298 1326 1330 tandem
1353 1308 1369 1329 a
1394 1302 1494 1330 matre
1519 1297 1557 1329 ad
1583 1297 1704 1329 fontem
1723 1295 1858 1328 Ruzafae

1122 1351 1238 1394 pannis
1264 1351 1296 1383 in
1323 1361 1360 1383 eo
1388 1350 1574 1383 madefactis
1606 1349 1764 1381 incinctus
1789 1348 1857 1388 suit,

1122 1404 1247 1446 integre
1270 1414 1364 1436 sanus
1391 1404 1521 1436 domum
1546 1407 1738 1445 reportatur.

1165 1456 1331 1488 Vincentia
1356 1455 1467 1488 Morell
1493 1455 1603 1494 vidua,
1623 1465 1661 1486 ex
1686 1464 1858 1487 nervorum

1123 1510 1192 1543 dira
1221 1508 1413 1542 attractione
1451 1519 1510 1551 per
1546 1508 1694 1540 undecim
1731 1518 1858 1539 menses

1123 1563 1288 1601 deculma,
1323 1561 1491 1604 foedisque
1516 1560 1682 1593 ulceribus
1713 1559 1857 1602 undique

1122 1617 1234 1659 plena,
1269 1615 1344 1647 dum
1374 1624 1498 1657 panno,
1529 1624 1592 1657 quo
1620 1613 1756 1645 Sanctus
1782 1623 1857 1645 usus

1123 1669 1241 1707 fuerat,
1266 1677 1380 1700 nervos
1406 1672 1438 1699 et
1462 1667 1571 1699 ulcera
1596 1665 1777 1698 successive
1803 1665 1858 1697 ob-

1123 1721 1236 1763 signat,
1255 1720 1369 1752 eodem
1393 1719 1509 1752 ordine
1535 1724 1566 1751 et
1591 1719 1672 1750 haec
1699 1718 1806 1750 sanari
1827 1721 1859 1750 et

1122 1774 1196 1807 illos
1214 1773 1318 1806 vivide
1336 1773 1437 1806 sensit
1455 1772 1784 1816 explicai‘i‚finitaque
1799 1770 1858 1802 sin-

1122 1828 1271 1870 gulorum
1290 1826 1528 1868 obsignatione,
1545 1831 1658 1867 vegeta
1674 1825 1795 1857 lectum
1814 1834 1859 1856 re-

1122 1879 1227 1923 liquit.

1165 1932 1242 1965 Cum
1266 1931 1298 1964 in
1324 1936 1482 1964 conventu
1508 1931 1538 1964 S.
1566 1930 1747 1973 Honupbrii
1773 1929 1858 1973 prio-

1120 1997 1188 2019 rem
1205 1996 1303 2028 agens
1321 1984 1515 2017 reficiendae
1534 1983 1759 2026 religiosorum
1776 1993 1859 2016 com-

1120 2038 1268 2071 munitati
1294 2048 1393 2081 panes
1419 2038 1532 2070 deesse
1557 2037 1748 2076 adverteret,
1768 2035 1859 2068 Chri-

1121 2091 1159 2124 sti
1193 2091 1225 2123 in
1258 2091 1385 2123 deserto
1421 2089 1659 2132 providentiam
1695 2088 1857 2127 imitatus,

1098 2169 1099 2173 ,
1120 2148 1246 2186 septem
1267 2143 1454 2185 fragmenta,
1475 2152 1558 2184 quae
1583 2142 1685 2174 solum
1704 2140 1790 2173 domi
1807 2151 1858 2172 su-

1099 2213 1100 2239 3
1120 2196 1320 2240 perfuerunt,
1347 2194 1494 2237 arripuit,
1514 2204 1614 2236 eaque
1633 2194 1703 2226 solo
1724 2193 1858 2225 benedi-

1121 2249 1237 2281 ctionis
1251 2247 1417 2291 impendio
1433 2246 1476 2278 sic.
1494 2246 1725 2289 multiplicavit,
1740 2251 1775 2277 ut
1791 2256 1857 2278 non

1121 2306 1243 2333 tantum
1276 2300 1307 2332 in
1338 2300 1443 2344 prima
1478 2302 1590 2332 mensa
1625 2298 1776 2331 fratribus
1803 2299 1857 2330 tri-

1121 2354 1209 2397 ginta
1233 2359 1264 2386 et
1288 2353 1424 2396 amplius
1459 2352 1490 2384 iu
1525 2352 1701 2395 prandium-
1728 2353 1856 2385 abunde

1120 2406 1314 2445 suffecerint,
1330 2406 1386 2438 sed
1405 2405 1501 2438 etiam
1516 2404 1663 2447 reliquos
1673 2404 1704 2436 in
1717 2404 1857 2437 secunda

1120 2461 1232 2493 mensa
1256 2469 1398 2501 congrue
1422 2458 1646 2491 saturaverint.

1163 2512 1274 2545 Ioanni
1302 2512 1341 2544 de
1366 2512 1530 2544 Pedevera-
1552 2510 1731 2543 domestico
1747 2510 1856 2543 Valen-

1120 2566 1179 2599 tini
1203 2564 1443 2609 archiepiscopi
1481 2565 1601 2597 famulo
1627 2564 1794 2607 delapsum
1817 2574 1855 2596 ex

1120 2620 1184 2652 alto
1209 2619 1336 2662 pondus
1369 2618 1591 2662 gravissimum
1615 2617 1658 2650 ita
1682 2622 1855 2661 utrumque

1754 242 1817 275 225
1863 251 1911 277 An.
1933 250 2045 277 01671
