2279 3260
209 236 257 264 An.
280 236 308 265 C.
326 238 395 266 1674

397 288 643 333 episcopalium,
663 291 883 333 abbadaliurn,
903 293 1129 336 capitularium
1150 299 1152 315 ‘

397 346 429 373 ct
453 344 735 385 conventualium,
764 345 965 388 prioratuum
990 358 1128 390 quoque,

397 395 705 438 praepositurarum,
727 398 973 432 canonicatuum
993 405 1023 432 et
1040 410 1131 442 prae-

396 447 598 488 bendarum,
631 449 823 491 dignitatum
838 477 845 490 ,
876 457 1128 494 personatuum,

395 498 711 534 administrationum
737 507 769 535 et
792 503 981 545 officiorum,
1003 506 1131 548 cappel7

395 552 561 593 laniarum,
581 558 831 599 ceterorumque
848 556 1080 590 beneficiorum
1099 564 1130 591 et

394 604 554 638 bonorum
581 608 888 651 ecclesiasticorum,
914 611 1010 643 etiam
1036 610 1130 643 iuris-

394 663 582 698 patronatus
613 660 766 694 laicorum
801 667 864 695 tam
905 674 941 695 ex
978 663 1127 706 privilgio

393 720 485 752 quam
512 711 702 746 fundatione
734 720 765 747 et
799 715 962 747 dotatione
987 716 1036 748 vel
1064 716 1127 748 alio

392 773 597 807 quocumque
614 766 719 807 titulo,
734 778 804 800 cum
823 770 899 800 cura
913 773 944 800 ct
957 768 1026 801 sine
1041 770 1127 805 cura,

392 817 603 850 saecularium
619 818 737 861 (quoad
752 820 955 862 parochiales
976 821 1127 853 ecclesias

391 868 547 910 videlicet,
566 871 660 903 etiam
688 873 879 915 computatis
905 873 1046 913 incertis,
1072 874 1127 905 tri-

391 920 478 961 ginta
502 922 596 955 unius
622 924 810 956 ducatorum
836 925 904 957 auri
937 926 975 958 de
999 928 1125 957 camera

389 983 460 1005 cum
485 984 549 1007 uno
574 981 687 1017 quarto
722 976 852 1009 alterius
883 977 987 1009 ducati
1012 977 1125 1009 huius-

389 1025 487 1066 modi,
512 1037 575 1069 quo
589 1038 663 1060 vero
683 1028 721 1060 ad
739 1029 801 1061 alia
818 1028 975 1061 beneficia
993 1035 1024 1062 et
1041 1029 1123 1061 bona

387 1077 513 1120 aliaque
538 1079 711 1121 praedicta,
739 1080 833 1113 etiam
857 1081 1051 1124 computatis
1077 1081 1123 1113 in-

386 1130 481 1162 certis
517 1136 547 1163 et
581 1132 864 1167 distributionibus
900 1134 1119 1177 quotidianis,

385 1188 509 1226 septem
536 1184 727 1218 ducatorum
753 1187 879 1229 parium
900 1188 1041 1220 valorem
1068 1199 1123 1220 an-

385 1246 484 1268 nuum
522 1237 771 1278 excedentium,
807 1240 982 1273 dummodo
1014 1245 1118 1273 tamen

384 1289 580 1330 parochialis
598 1301 654 1322 seu
676 1291 824 1324 beneficii
844 1292 1029 1326 huiusmodi
1049 1294 1121 1325 titu-

384 1341 469 1373 lares
494 1344 556 1374 una
581 1353 653 1375 cum
672 1343 733 1376 illis
759 1344 822 1377 alia
845 1345 1004 1377 beneficia
1021 1347 1122 1378 ecele-

384 1393 511 1426 siastica
537 1395 604 1427 sive
629 1406 753 1428 annuas
779 1397 954 1439 pensiones
978 1399 1120 1430 valorem
1141 1422 1143 1431 ,

383 1446 584 1487 praedictum
609 1448 804 1481 coniunctim
835 1450 1027 1483 excedentes
1055 1461 1119 1483 non

382 1499 568 1540 possideant
581 1511 636 1533 seu
654 1502 859 1545 percipiant),
875 1503 977 1535 sancti
992 1514 1120 1546 quoque

383 1550 558 1592 Benedicti,
587 1554 687 1585 sancti
713 1555 894 1597 Augustini,
920 1555 1121 1588 Cluniacieu-

381 1603 487 1645 sium,
517 1605 795 1647 Cisterciensium‚
824 1608 1120 1641 Praemonstraten-
1140 1601 1142 1621 ³

381 1657 472 1697 sium,
492 1659 593 1690 sancti
620 1659 737 1698 Basilii,
758 1665 799 1700 et,
827 1660 880 1704 qui
906 1661 1119 1704 proprietates
1139 1686 1140 1698 i

382 1709 589 1753 redditusque
607 1716 712 1744 certos
729 1723 764 1744 ex
782 1713 954 1756 privilegio
975 1716 1022 1747 vel
1041 1715 1117 1747 alias

380 1876 507 1899 necnon
523 1867 771 1909 Cassinensium,
788 1869 865 1902 alias
880 1870 910 1903 S.
925 1871 1063 1905 Iustinae
1078 1873 1115 1906 de

379 1919 495 1960 Padua,
518 1920 808 1963 Carthusiensium,
834 1923 1114 1967 Lateranensimr,

378 1971 652 2013 Silvestrinorum,
672 1974 786 2007 Montis
803 1975 929 2017 oliveti,
948 1977 1116 2011 Camaldu-

378 2026 530 2066 lensium,
556 2026 587 2058 S.
614 2027 798 2069 Sakatoi‘is,
829 2029 1113 2072 Vallisumbrosae,

378 2079 646 2119 Caelestinorum,
663 2081 924 2117 Cisterciensium
943 2085 974 2117 in
990 2086 1115 2129 Longo-

378 2132 490 2165 bardia
514 2138 545 2165 et
569 2134 761 2167 clericorum
786 2137 984 2178 regularium
1010 2138 1116 2171 Socie-

379 2184 450 2216 tatis
476 2184 556 2226 Iesti‚
580 2185 780 2230 aliarumque
807 2191 1112 2233 congregationum,

1014 246 1157 271 CLEMENS
1178 248 1197 272 Χ
1222 249 1270 273 ΡΡ.

377 2236 564 2269 societatum
597 2244 628 2271 et
659 2239 881 2274 institutorum
918 2244 1111 2286 regularium

378 2296 608 2331 exemptorum,
628 2297 659 2323 et
684 2292 817 2336 insuper
835 2295 1046 2338 hospitalium
1067 2304 1112 2331 et-

377 2341 449 2382 iam,
467 2352 645 2385 pauperum
663 2344 918 2388 hospitalitatem
937 2360 1001 2382 uon
1021 2361 1109 2383 exer-

377 2394 527 2434 centium,
544 2405 599 2427 seu
620 2396 705 2429 bona
731 2403 761 2430 et
785 2400 931 2433 redditus
956 2403 1039 2434 ultra
1062 2403 1108 2435 in—

375 2446 542 2479 tirmorum
566 2449 776 2482 necessitates
803 2457 834 2483 et
869 2452 930 2485 alia
958 2464 1015 2496 pro
1041 2455 1109 2497 qui-

374 2498 432 2530 bus
457 2499 602 2532 instituta
627 2507 701 2533 sunt
721 2503 773 2545 pia
802 2504 905 2537 officia
930 2509 1107 2540 exercenda

374 2551 621 2593 possidentium,
643 2564 768 2587 necnon
787 2556 821 2588 B.
841 2557 957 2590 Mariae
972 2559 1109 2594 Theuto-

373 2604 529 2646 uicorum,
548 2605 579 2638 S.
600 2606 706 2639 Lazari
726 2608 764 2641 de
781 2609 964 2654 Altopassu‚
983 2612 1105 2657 Templi

1172 295 1338 337 Dominici,
1355 304 1386 331 et
1410 300 1543 334 aliarum
1567 303 1749 337 militiarum
1776 307 1806 338 in
1836 308 1906 340 uni-

1172 350 1262 381 versa
1277 349 1365 383 ltalia
1380 356 1410 383 ct
1429 352 1543 386 insulis
1563 354 1668 387 Italias¹
1687 357 1906 392 adiacentibus

1171 404 1425 447 consistentium,
1441 409 1619 441 secundum
1639 421 1748 443 verum
1763 423 1907 447 annuum

1172 457 1310 489 valorem
1329 458 1490 492 fructuum
1506 487 1513 501 ,
1534 462 1738 503 reddituum,
1770 475 1907 506 proven-

1172 513 1261 541 tuum
1282 515 1314 542 et
1330 511 1465 544 aliorum
1490 513 1719 555 piaesatorum,
1737 516 1795 548 nisi
1814 518 1906 550 aliter

1171 571 1242 593 cum
1266 562 1347 595 Sede
1373 569 1403 596 et
1427 564 1558 598 Camerti
1583 567 1778 609 Apostolica,
1796 575 1828 601 et
1844 581 1902 612 pro

1171 615 1207 645 ea
1231 624 1301 646 cum
1328 616 1444 650 dilecto
1466 617 1530 650 filio
1549 624 1658 652 nostro
1676 620 1800 653 Palutio
1822 622 1903 655 tituli

1170 665 1218 697 Ss.
1239 666 1412 700 Duodecim
1432 670 1702 712 ApostolorumS.
1718 672 1753 704 l’..
1771 673 1805 705 E.
1822 684 1905 716 pres-

1170 718 1285 760 bytero
1310 722 1467 754 cardinali
1494 723 1531 756 de
1559 724 1689 757 Alta-riis
1719 732 1904 768 nuncupato

1170 770 1313 804 eiusdem
1339 773 1369 805 S.
1389 774 1424 806 R.
1448 775 1481 807 E.
1506 777 1683 809 camerario
1710 778 1806 811 suerit
1830 790 1906 811 con-

1169 824 1334 857 cordatum
1350 826 1394 867 (et
1408 826 1438 859 S.
1457 827 1492 860 R.
1506 828 1539 861 E.
1556 830 1786 871 cardinalibus,
1805 833 1845 864 ob
1860 843 1906 864 as-

1168 875 1277 909 siduos
1294 888 1494 922 magnosque
1520 882 1647 915 labores
1663 909 1670 922 ,
1694 894 1772 926 quos
1799 884 1906 918 Eccle-

1144 951 1147 961 .
1168 927 1233 960 siae
1247 930 1422 964 universali
1438 932 1639 975 impendunt,
1653 935 1904 980 gravissimaque

1168 982 1305 1014 tuendae
1323 983 1487 1024 dignitatis
1506 989 1598 1018 causa
1616 988 1776 1021 sustinent
1794 1000 1903 1030 onera,

1166 1042 1201 1064 ac
1226 1033 1338 1066 militia
1370 1034 1400 1067 S.
1437 1036 1562 1070 Ioannis
1597 1039 1901 1084 Hierosolymitani‚

1166 1095 1247 1127 quae
1273 1097 1331 1129 pro
1357 1090 1412 1120 sua
1438 1094 1469 1122 et
1493 1090 1659 1123 christiani
1691 1093 1776 1125 orbis
1802 1096 1902 1127 tutela

1165 1138 1318 1171 adversus
1344 1140 1461 1174 Turcas
1486 1144 1646 1184 praefatos
1671 1155 1800 1188 semper
1819 1147 1902 1188 gerit

1164 1189 1261 1230 bella,
1290 1191 1451 1225 dumtaxat
1476 1195 1665 1239 excepta⁴);

1207 1243 1221 1285 {J
1247 1243 1276 1275 ⁶2.
1306 1245 1349 1277 Ac
1374 1247 1469 1279 etiam
1504 1247 1675 1281 indicimus
1708 1255 1739 1282 et
1763 1250 1901 1294 imponi-

1164 1306 1232 1328 mus
1270 1302 1333 1329 tres
1366 1298 1487 1332 similes
1522 1302 1663 1334 decimas
1699 1303 1842 1336 omnium
1869 1310 1900 1337 et

1163 1359 1439 1394 quarumcumque
1482 1354 1675 1395 pensionum
1719 1367 1898 1390 annuarum

1163 1411 1261 1444 super
1285 1403 1450 1445 quibusvis
1483 1406 1636 1439 fructibus
1655 1435 1662 1448 ‚
1694 1409 1895 1450 redditibus,

1162 1456 1372 1496 proventibus
1393 1484 1400 1496 ‚
1438 1458 1583 1498 iuribus,
1621 1461 1870 1495 obventionibus
1889 1491 1894 1502 ,

1164 1509 1393 1542 emolumentis
1419 1516 1450 1544 et
1476 1512 1757 1547 distributionibus
1789 1526 1898 1558 supra-

1163 1560 1266 1600 dictis,
1284 1562 1358 1602 sive,
1379 1573 1487 1596 earum
1506 1565 1589 1605 loco,
1608 1566 1776 1606 fructuum,
1796 1569 1899 1600 reddi-

1164 1619 1261 1653 tuum,
1283 1621 1507 1657 proventuum,
1537 1618 1784 1659 obventionum,
1811 1631 1898 1653 emo-

1161 1667 1377 1700 lumentorum
1417 1680 1451 1702 ac
1484 1670 1749 1704 distributionum
1787 1673 1898 1706 huius-

1138 1728 1140 1759 j
1161 1718 1264 1759 modi,
1289 1719 1322 1751 in
1349 1720 1487 1754 savorem
1514 1734 1792 1768 quorumcumque
1818 1726 1896 1768 (non

381 1762 556 1805 possident,
571 1763 828 1805 Mendicantium,
844 1776 879 1797 ac
895 1777 1119 1809 quorumcuu.-
1138 1763 1140 1778 ''

380 1824 441 1856 que
470 1814 608 1847 aliorum
633 1815 788 1848 Ordinum
814 1817 983 1862 utriusque
1010 1830 1114 1860 sexus,
1138 1830 1140 1836 ’

1161 1777 1265 1804 tamen
1283 1773 1494 1807 cardinalium
1519 1777 1774 1821 praedictorum)
1793 1789 1897 1812 reser-

1159 1830 1299 1858 vatarum
1325 1832 1357 1859 et
1380 1828 1614 1871 assignatarum
1635 1841 1691 1863 seu
1729 1833 1896 1865 translata-

1158 1887 1238 1918 rum,
1263 1884 1315 1910 aut
1339 1887 1576 1913 reservatorum
1601 1888 1633 1915 et
1657 1883 1895 1926 assignatorum

1158 1931 1206 1963 vel
1242 1931 1481 1973 translatorum,
1508 1944 1544 1966 ac
1570 1936 1838 1969 reservandarum
1864 1943 1896 1970 et

1158 1982 1423 2025 assignandarum
1441 1996 1496 2017 seu
1515 1987 1820 2029 transferendarum,
1840 1995 1894 2022 aut

1158 2036 1423 2072 reservandorum
1461 2044 1491 2070 et
1530 2039 1800 2082 assignandorum
1842 2043 1892 2075 vel

1158 2088 1476 2130 transferendorum;
1504 2092 1742 2135 percipiendaS,
1762 2095 1894 2138 exigen-

1156 2140 1211 2172 das
1246 2141 1284 2173 ab
1316 2142 1465 2174 omnibus
1490 2148 1521 2176 et
1550 2145 1809 2189 quibuscumque
1838 2159 1892 2190 pa-

1156 2193 1315 2232 triarchis,
1330 2194 1531 2237 primatibus,
1546 2198 1806 2242 archiepiscopis,
1826 2202 1893 2244 epi-

1154 2246 1259 2288 scopis
1284 2251 1314 2278 et
1340 2247 1409 2279 aliis
1435 2248 1644 2282 ecclesiarum
1669 2252 1836 2294 praelatiS,
1855 2264 1891 2286 ac

1153 2298 1269 2331 ceteris
1295 2299 1526 2344 cuiuscumque
1553 2302 1732 2344 dignitatis,
1759 2306 1888 2348 gradus,

1152 2356 1262 2391 status,
1277 2353 1410 2394 ordinis,
1421 2354 1554 2387 militiae
1570 2361 1601 2387 et
1612 2357 1808 2390 conditionis
1820 2370 1890 2401 per-

1152 2404 1240 2437 sonis
1265 2405 1469 2449 infrascripto
1496 2407 1719 2451 quinquennio
1752 2411 1887 2444 durante

1152 2458 1294 2500 praefata
1319 2469 1526 2503 quocumque
1552 2461 1620 2495 iure
1639 2468 1670 2495 et
1688 2463 1780 2497 titulo
1806 2464 1888 2497 obti-

1150 2510 1302 2543 nentibus
1328 2517 1359 2543 ct
1383 2512 1580 2554 obtenturis,
1607 2526 1643 2548 ac
1668 2522 1831 2550 reservata
1855 2522 1889 2549 et

1185 2625 1196 2651 1
1219 2624 1314 2660 Aptius
1334 2625 1392 2661 tege
1411 2628 1534 2662 exceptis
1554 2629 1581 2663 (R
1608 2629 1657 2663 T.).

1800 248 1864 283 469
1910 260 1959 286 An.
1980 259 2008 286 C.
2034 261 2099 287 ωτι

1951 1266 2001 1285 Tros
2016 1267 2095 1287 suntin«

1911 1291 2003 1312 decimas·
2029 1299 2094 1319 inqu.-

1911 1321 1940 1337 mt
1962 1325 2051 1338 oninium
2075 1323 2093 1338 .-t

1910 1349 2087 1370 quarumrumqwe

1910 1376 2030 1394 punswnntn
2047 1378 2093 1395 i'¹'··

1911 1400 1932 1416 ut
1943 1397 1963 1417 in
1977 1397 2070 1417 rubra-a.
