2279 3260
236 256 283 281 An.
304 255 331 280 c.
355 254 419 281 μηνὶ
466 246 530 280 3:30

427 304 467 336 ab
494 304 640 345 bomine,
668 307 777 349 quavis
803 307 974 339 occasione
1000 308 1047 339 vol
1074 308 1169 339 causa

427 355 508 396 latis,
531 356 556 389 si
582 358 698 400 quibus
724 360 971 402 quomodolibet
996 359 1169 391 innodatus

426 408 542 450 existit,
569 410 608 442 ad
633 410 780 443 ell'ccttun
806 411 1027 453 praesentium
1047 415 1168 443 tantum

425 464 704 505 consequendum,
724 464 839 496 barum
858 463 940 495 serie
963 464 1168 495 absolventes

425 521 456 547 et
481 515 665 548 absolutum
697 518 765 548 sore
795 521 972 555 censentes,
1006 516 1169 559 supplica-

425 567 567 601 tionibus
592 568 659 601 eius
684 568 814 601 nomine
849 568 943 601 nobis
977 579 1073 611 snper
1104 569 1167 601 boc

427 620 595 653 humiliter
620 620 778 663 porrectis
811 620 973 661 inclinati,
1003 621 1166 653 decretum

427 672 676 716 praeinsertum,
699 673 891 705 auctoritate
914 673 1103 716 apostolica,
1123 678 1167 705 te-

427 735 505 757 nore
531 725 765 767 praesentium,
792 726 1008 768 approbamus
1034 731 1064 759 et
1090 737 1167 759 con-

425 777 602 817 firmanius,
623 777 734 820 illique
753 777 949 811 inviolabilis
966 779 1164 821 apostolicae

424 829 583 862 firmitatis
609 830 709 862 robur
727 830 918 871 adiicimns;
946 833 1033 864 salva
1060 836 1164 864 tamen

424 892 553 925 semper
587 882 618 914 in
651 883 834 925 praemissis
860 884 1051 917 auctoritate
1078 895 1164 928 prae-

425 935 506 968 fatae
531 935 799 978 Congrcgationis
825 937 1051 970 cardinalium.

469 988 483 1030 ἓ
509 987 539 1020 5.
567 988 784 1021 Decernentes
809 990 941 1022 easdem
974 995 1163 1033 praesentes

423 1041 547 1073 litteras
573 1052 701 1084 semper
727 1042 844 1081 sirmas,
871 1043 991 1075 validas
1010 1048 1042 1075 et
1059 1044 1164 1076 effica-

421 1104 474 1126 ces
500 1094 638 1126 existere
665 1099 696 1126 et
722 1094 798 1135 sore,
833 1105 971 1138 suosque
997 1096 1163 1138 plenarios

421 1151 453 1179 et
477 1146 621 1189 integros
647 1146 777 1180 effeetus
810 1148 919 1180 sortiri
950 1153 982 1180 et
1006 1148 1161 1191 obtinere,

421 1210 457 1231 ac
483 1199 557 1239 illis,
579 1200 617 1231 ad
643 1210 724 1242 quos
749 1204 872 1243 spectat
898 1204 929 1233 et
954 1211 1013 1243 pro
1041 1206 1163 1244 tempo-

422 1261 455 1283 re
481 1251 651 1294 spectabit,
687 1252 879 1295 plenissime
916 1252 1097 1295 suffragari,
1131 1259 1163 1286 et

258 1000 368 1019 narratum
389 999 415 1018 it-

229 1031 303 1045 ruane.

423 1304 461 1335 ab
476 1303 522 1336 eis
537 1304 718 1347 respective
736 1304 968 1338 inviolabiliter
981 1306 1158 1347 observari,
1202 1340 1203 1343 Ἴ

421 1357 530 1399 sicque
569 1357 601 1389 in
634 1357 819 1400 praemissis
852 1368 909 1400 por
940 1369 1160 1402 quoscumque

420 1409 542 1442 iudices
575 1409 758 1442 ordinarios
789 1415 821 1442 et
846 1412 1026 1453 delegatos,
1063 1412 1160 1444 etiam

419 1473 586 1495 causarum
627 1462 736 1505 palatii
777 1464 947 1506 apostolici
973 1465 1158 1505 auditores,

420 1514 556 1547 iudicari
584 1520 616 1547 et
649 1514 775 1547 definiri
802 1516 946 1556 debere,
973 1528 1009 1550 ac
1034 1517 1159 1550 irritum

417 1571 448 1599 et
472 1567 567 1599 inane
593 1567 617 1599 si
643 1578 734 1600 secus
761 1578 860 1611 snper
881 1569 931 1601 his
950 1580 967 1602 a
985 1580 1156 1612 quoquam,

418 1620 527 1662 quavis
552 1620 753 1660 auctoritate,
780 1621 919 1654 scienter
936 1623 984 1655 vel
1007 1622 1160 1664 ignoran-

418 1678 476 1713 ter,
503 1673 676 1715 contigerit
701 1673 863 1706 attentari.

461 1726 475 1768 ἓ
500 1725 530 1758 6.
554 1726 623 1758 Non
641 1726 845 1759 obstantibus
867 1728 1156 1769 constitutionibus,

418 1784 450 1811 et
468 1779 726 1812 ordinationibus
751 1781 948 1822 apostolicis,
975 1782 1156 1825 ceterisque

418 1831 589 1864 contrariis
615 1831 884 1875 quibuscumque.

462 1885 476 1927 ἓ
502 1884 532 1916 7.
559 1884 712 1917 Volumus
742 1890 847 1918 autem
875 1891 911 1917 ut
936 1887 1155 1929 praesentium

415 1937 596 1974 litterarum
634 1938 862 1980 transumptis,
899 1949 953 1971 seu
987 1941 1152 1983 exemplis,

417 1990 513 2022 etiam
539 1989 715 2032 impressis,
735 2002 832 2023 manu
857 1992 1022 2024 secretarii
1053 1993 1155 2026 dictae

415 2042 585 2075 Societatis
627 2044 676 2075 vel
706 2043 838 2076 alicuius
878 2045 996 2077 notarii
1035 2047 1155 2089 publici

295 1735 334 1754 nar
345 1735 408 1758 watto

224 1764 385 1781 contrat-nium.

258 1893 284 1910 't‘r
293 1894 408 1918 unsnmpto·

225 1924 268 1937 runi
284 1919 342 1939 tides.

415 2095 617 2138 subscriptis,
639 2100 670 2127 et
688 2095 795 2138 sigillo
822 2098 999 2140 praepositi
1025 2109 1156 2141 genera·
1175 2104 1177 2113 '

415 2148 453 2180 lis
478 2148 623 2180 eiusdem
650 2147 818 2181 Societatis
850 2150 898 2181 vel
925 2150 1058 2183 allenius
1083 2163 1152 2194 per-

417 2211 515 2233 sonae
532 2199 562 2232 in
591 2200 810 2233 ecclesiastiea
847 2202 1002 2244 (lignitate
1037 2205 1156 2237 consti-

419 2257 504 2285 tutae
523 2253 663 2293 munitis,
683 2254 796 2286 eadem
814 2265 945 2297 prorsus
967 2255 1045 2288 fides
1063 2258 1156 2290 adbi-

416 2307 538 2345 beatur,
559 2312 619 2338 tani
641 2307 672 2338 in
696 2306 814 2340 iudicio
837 2319 931 2350 quam
953 2315 1041 2342 extra
1065 2311 1153 2351 illud,

416 2370 498 2401 (gisiae
524 2360 753 2402 praesentibus
787 2361 1015 2394 adliibcretur¹
1050 2363 1073 2395 si
1101 2364 1154 2396 so-

416 2417 485 2443 rent
511 2411 672 2444 cxliibitae
700 2413 747 2444 vel
773 2418 936 2446 ostensae.

463 2464 573 2497 [haum
601 2465 739 2506 Romae,
765 2468 849 2509 apud
878 2467 908 2500 S.
937 2468 1066 2500 Mariam
1092 2470 1154 2501 lla-

416 2518 536 2558 iorcin,
568 2519 626 2551 sub
659 2521 779 2552 annulo
813 2520 1003 2561 piscatoris,
1038 2523 1087 2553 ‹ti-2
1118 2533 1152 2556 111

455 2590 464 2614 1
490 2589 576 2615 Verba
596 2598 669 2624 qnae
682 2591 881 2625 praesentibus
901 2592 1086 2621 adhiberetur
1106 2601 1154 2620 nos

420 2632 542 2661 addimus
561 2640 598 2667 ω.
620 2635 669 2669 Τ.).

1011 259 1188 283 antAnu'M
1213 259 1277 284 ROM
1284 260 1363 286 &NUM

1950 264 2000 291 An.
2021 264 2051 291 C.
2071 264 2138 292 1672

1213 308 1367 341 februarii
1400 319 1571 351 nnetxxn,
1603 311 1808 354 pontificatus
1842 311 1946 345 nostri

1211 370 1296 393 anno
1321 372 1369 395 111.

1649 416 1670 449 Ι.
1699 416 1734 450 G.
1757 416 1898 450 SLthqu.

1246 474 1303 501 Dat.
1320 474 1363 501 die
1380 476 1395 502 3
1420 477 1525 511 augusti
1546 477 1624 513 1672,
1649 477 1745 512 pontis.
1770 486 1840 504 anno
1861 484 1900 504 ut.

1244 536 1411 571 steyn-crata
1430 538 1462 565 in
1483 538 1530 565 lib.
1548 539 1683 566 Brevium
1700 540 1806 567 mensis
1820 540 1945 573 αιιριιειῑ,

1206 583 1286 615 part.
1308 588 1332 614 1,
1353 581 1404 615 fol.
1428 582 1486 608 199.

1528 696 1627 729 CVlll.

1186 780 1187 798 t
1208 765 1374 798 saccutum.
1391 776 1449 809 pro
1465 766 1717 809 Coriqreqatv'one
1734 768 1947 801 Lateranensi

1252 819 1481 850 canonicorum
1498 819 1704 861 reyulariurn
1723 819 1857 852 Ordinis
1871 831 1945 852 san-

1251 872 1294 903 cti
1313 871 1494 913 Auyuslini
1518 875 1555 903 ut
1579 871 1673 903 iltius
1698 872 1882 914 capitulum
1898 883 1946 915 qe-

1251 924 1362 955 nerale
1386 924 1423 956 cle
1440 928 1538 956 cetero
1556 924 1594 956 de
1610 925 1763 956 sescenm'o
1781 925 1823 956 ad
1838 935 1946 957 sexen-

1249 977 1344 1008 nium
1383 976 1556 1008 celebretur
1569 1003 1577 1015 ,
1606 987 1678 1008 curn
1719 979 1945 1019 prorogatione

1249 1029 1442 1070 officialium
1471 1039 1506 1060 ac
1536 1029 1670 1061 diversis
1684 1029 1945 1061 ordinationibus

1248 1087 1306 1119 pro
1330 1077 1470 1109 eiusdem
1497 1078 1766 1120 Conqreyalionz's
1785 1078 1945 1110 levamen-

1251 1133 1290 1168 to,
1318 1133 1374 1162 etc.

1434 1200 1566 1227 clemens
1587 1201 1666 1233 Papa
1684 1201 1717 1231 X,

1319 1246 1354 1270 ad
1376 1247 1553 1277 perpetuam
1574 1246 1620 1270 rei
1641 1245 1824 1271 memoriam.

1248 1305 1324 1338 Cum
1343 1305 1381 1337 ad
1407 1305 1552 1338 notitiam
1578 1310 1721 1338 nostram
1745 1306 1945 1349 pervenisset
1981 1323 2100 1343 mortuum.

1203 1357 1491 1400 Congregationem
1508 1358 1760 1391 Latet-anensem
1776 1360 1943 1393 canonico-

1203 1421 1274 1442 rum
1292 1410 1491 1453 regularium
1508 1410 1636 1443 Ordinis
1654 1411 1754 1443 sancti
1773 1412 1941 1455 Augustini

1179 1469 1182 1486 ¹
1203 1463 1339 1506 eiusque
1365 1463 1577 1504 monasteria,
1602 1468 1737 1506 propter
1760 1464 1865 1497 varios
1892 1476 1944 1498 ca-

1202 1526 1266 1555 sus,
1287 1515 1423 1548 diversis
1442 1515 1559 1548 debitis
1579 1516 1611 1548 in
1629 1521 1716 1549 sorte
1736 1522 1767 1549 et
1783 1517 1922 1551 residuis
1937 1546 1944 1559 ,

1202 1579 1282 1612 quae
1308 1579 1422 1612 capsae
1448 1568 1598 1612 publicae
1630 1569 1735 1602 dictae
1761 1569 1945 1614 Congrega-

1202 1621 1297 1654 tionis
1321 1622 1354 1654 in
1375 1621 1458 1654 Urbe
1477 1623 1644 1663 debentur,
1663 1623 1702 1655 ad
1721 1634 1879 1656 summam
1899 1635 1945 1657 se-

1200 1675 1445 1718 ptingentorum
1462 1675 1628 1718 sexaginta
1646 1681 1784 1718 quatuor
1801 1676 1941 1710 millium

1201 1727 1454 1771 quingentorum
1484 1728 1718 1771 quinquaginta
1746 1729 1844 1762 trium
1873 1741 1943 1762 scu-

1178 1774 1304 1813 ‘torum
1336 1786 1499 1820 monetae,
1522 1782 1609 1814 salvo
1650 1781 1766 1814 veriori
1791 1784 1936 1824 calculo,

1199 1834 1459 1874 ascendentilms,
1475 1832 1647 1876 gravatam¹
1663 1835 1808 1875 existere,
1823 1841 1863 1875 et,
1879 1847 1937 1879 pro

1198 1886 1326 1929 capitali
1351 1886 1630 1929 septingentorum
1655 1893 1686 1920 et
1710 1888 1849 1920 duorum
1867 1889 1938 1922 mil-

1199 1939 1275 1972 lium
1295 1940 1547 1982 quingentorum
1576 1941 1780 1983 septuaginta
1795 1941 1937 1985 quinque

1197 1997 1361 2024 scutorum
1383 1992 1551 2031 similium,
1571 1994 1754 2036 quotannis,
1777 1995 1936 2028 fructuum

1198 2045 1263 2077 sive
1288 2045 1559 2077 imerusuriorum
1584 2047 1726 2085 nomine,
1748 2047 1859 2090 viginti
1879 2059 1935 2081 no-

1197 2109 1267 2131 vem
1292 2098 1392 2131 millia
1428 2098 1664 2141 quadringenta
1700 2100 1936 2144 qninquaginta

1197 2152 1259 2184 dno
1286 2157 1374 2184 scuta
1399 2152 1489 2194 paria
1528 2152 1620 2192 solvi,
1663 2163 1698 2185 cx·
1738 2153 1788 2185 his
1829 2160 1934 2187 autem

1196 2214 1302 2236 annua
1340 2204 1447 2246 viginti
1481 2215 1580 2236 unum
1606 2205 1705 2237 millia
1730 2206 1934 2249 septingenta

1196 2257 1400 2300 septuaginta
1425 2258 1487 2289 duo
1521 2263 1608 2289 scuta
1640 2258 1823 2292 huiusmodi
1848 2260 1934 2293 redi-

1196 2310 1319 2342 mibilia
1354 2321 1408 2342 scu
1437 2310 1625 2343 srancabilia
1651 2322 1738 2344 esse:

1239 2364 1253 2406 ἓ
1281 2363 1308 2396 l.
1335 2363 1409 2405 Nos,
1428 2365 1572 2397 ciusdem
1598 2365 1865 2409 Congregationis
1892 2369 1931 2401 le·
1955 2376 1994 2396 ΡΝ
2008 2377 2124 2397 levamento

1195 2422 1342 2449 vamcnto
1360 2419 1542 2450 consultum
1561 2429 1629 2451 esse
1649 2420 1828 2462 cupientes,
1844 2432 1930 2454 man·
1941 2402 2010 2454 {32⁰¹}ss
2047 2409 2126 2455 ςῖῗῖἷιῗ

1195 2470 1334 2502 davimus
1349 2470 1513 2502 nonnullis
1529 2471 1690 2504 Romanae
1705 2472 1816 2506 Curiae
1837 2484 1931 2517 prae·
1940 2458 2124 2508 ffliiifffil-l'iiifem

1196 2523 1267 2556 latis
1293 2523 1457 2564 doctrina,
1485 2525 1655 2567 prudentia
1679 2530 1711 2558 ct
1738 2537 1846 2559 rerum
1872 2539 1929 2560 usu

1195 2577 1309 2610 eximie
1335 2577 1497 2620 praeditis,
1525 2582 1557 2609 ut
1581 2578 1620 2610 de
1654 2579 1846 2622 opportunis
1882 2590 1931 2614 re-

1231 2639 1241 2665 1
1264 2637 1334 2664 Edit.
1356 2637 1423 2664 Mam
1451 2638 1514 2674 legit
1533 2642 1654 2674 qratiam
1674 2645 1712 2674 (R.
1732 2640 1782 2675 T.)-

1175 2084 1177 2098 l
