2279 3260
231 236 284 263 An.
301 238 330 265 c.
353 237 421 265 ¹676
466 230 531 264 654

427 288 571 331 quamvis
596 299 751 333 praesens
777 283 817 324 sit
849 290 1055 334 provincialis
1087 300 1162 333 pro-

427 341 550 375 vinciae
583 348 615 376 et
644 344 792 378 minister
820 350 998 378 conventus
1031 343 1086 376 ubi
1111 353 1162 376 ce-

426 395 572 429 lebratur
587 397 774 441 capitulum.

469 459 499 481 v.
526 449 616 482 Illico
640 461 771 493 praeses
806 450 937 493 capituli
968 449 1160 483 concionem

426 501 544 534 habeat
567 501 767 544 spiritualem
792 502 952 534 hortando
971 502 1099 534 vocales
1128 506 1162 532 ut

426 554 458 586 in
487 555 637 588 omnibus
669 555 848 588 actionibus
883 561 916 587 et
947 554 1160 588 electionibus

426 617 502 649 prae
527 608 627 640 oculis
653 608 792 640 habeant
824 606 979 640 maiorem
1011 606 1067 639 Dei
1093 607 1161 649 glo-

425 659 504 692 riam
525 664 557 692 et
576 659 743 703 religionis
760 660 1008 692 incrementum.

469 722 511 745 V1.
538 712 769 745 Exhortatione
795 712 896 751 finita,
921 718 956 744 ut
979 712 1048 745 sine
1073 722 1160 744 scru-

425 765 502 807 pulo
527 765 566 797 ad
592 765 768 798 electiones
794 765 995 807 procedatur,
1022 765 1160 806 genufle-

425 817 471 850 xis
495 817 652 857 omnibus,
678 828 809 860 praeses
834 818 873 851 ad
904 819 1061 851 cautelam
1085 818 1159 851 illos

424 869 570 903 absolvat
600 870 639 903 ab
664 870 814 903 omnibus
847 876 878 903 et
903 871 1158 913 quibuscumque

424 922 576 961 censuris,
596 923 696 955 forma
720 922 888 965 sequenti:
908 922 1027 955 Omnes
1053 922 1160 954 dicent

425 974 662 1007 consessionem
689 975 883 1017 generalem,
904 979 935 1008 et
952 985 1082 1018 praeses
1108 975 1180 1011 ca-‚i

424 1027 517 1069 pituli
548 1033 765 1070 prosequetur
800 1027 930 1060 dicens:
967 1028 1160 1061 Misereatur

424 1082 532 1119 vestri,
560 1085 615 1112 etc.
633 1092 644 1119 ,·
670 1080 937 1123 Indulqentiam,
964 1085 1019 1113 etc.
1043 1081 1080 1114 Si
1111 1085 1156 1113 te-

424 1133 550 1165 nemini
566 1133 678 1176 aliquo
696 1133 744 1166 vel
760 1133 928 1176 aliquibus
947 1134 1088 1167 vinculis
1107 1145 1160 1167 esc-

424 1187 734 1225 communicationis‚
749 1187 976 1229 suspensioniS,
990 1191 1048 1219 aut
1065 1187 1160 1219 inter-

425 1238 512 1279 dicti,
539 1240 575 1271 in
598 1243 760 1282 quantum
783 1249 814 1271 se
838 1239 1012 1272 extendunt
1034 1241 1160 1282 qratiae

424 1296 452 1323 et
470 1291 649 1334 privilegia
669 1291 789 1325 Ordine·
808 1296 914 1324 nostro
930 1291 1059 1324 indulta
1075 1293 1160 1324 mihi·

425 1345 595 1376 commissa
617 1348 645 1376 et
669 1345 755 1376 vobis
780 1355 935 1384 concessa,
955 1355 1010 1387 eqo
1034 1344 1159 1378 absolvo

426 1407 478 1429 ros
493 1397 536 1429 ad
554 1397 696 1439 effectum
713 1397 903 1430 electionum
919 1398 1156 1439 faciendarum,

425 1454 453 1482 et
466 1450 597 1482 restituo
610 1460 662 1482 vos
675 1451 886 1482 sacramentis
899 1450 1068 1491 Ecclesiae,
1081 1462 1160 1484 com-

426 1502 578 1534 munioni
594 1507 622 1534 et
646 1503 770 1535 unitati
789 1503 949 1544 fidelium.
969 1504 1010 1536 In
1030 1505 1159 1537 nomine

425 1555 538 1587 Patris
561 1557 584 1595 †
608 1559 636 1587 et
656 1555 740 1587 Filii
762 1558 785 1596 †
813 1560 841 1588 et
868 1556 1012 1598 Spiritus
1032 1559 1055 1597 †
1079 1557 1159 1590 San-

425 1607 478 1640 cti.
509 1608 624 1640 Amen.
649 1608 733 1640 Item
757 1608 868 1640 eadem
891 1610 1082 1642 auctoritate
1106 1621 1159 1653 eqo

424 1661 550 1694 absolvo
573 1672 626 1694 vos
650 1662 688 1694 ab
713 1663 862 1694 omnibus
879 1662 957 1694 aliis
981 1663 1019 1695 de
1042 1664 1160 1706 quibus

423 1713 496 1755 fieri
519 1715 680 1746 consuevit
705 1714 861 1747 absolutio
877 1716 913 1747 in
937 1716 1160 1749 consimilibus

425 1766 591 1808 capitulis,
611 1770 647 1798 ut
669 1766 742 1798 sitis
766 1766 906 1799 absoluti
930 1768 982 1800 hic
1005 1773 1033 1801 et
1052 1769 1086 1801 in
1104 1769 1161 1801 tri-

426 1817 543 1850 bunali
566 1818 701 1850 Domini
732 1820 836 1851 nostri
859 1820 933 1852 Iesu
959 1820 1098 1861 Christi,
1125 1827 1161 1855 ut

426 1870 572 1902 habeatis
596 1871 699 1904 vitam
723 1876 906 1914 aeternam,
932 1877 960 1905 et
984 1874 1101 1906 vivatis
1125 1875 1161 1907 in

425 1923 555 1956 saecula
578 1924 792 1957 saeculorum.
819 1926 930 1958 Amen.

418 2018 421 2020 η
471 1985 525 2009 vn.
553 1975 789 2019 Capitularibus
810 1977 854 2010 sic
875 1979 1033 2012 absolutis
1055 1986 1087 2013 et
1110 1980 1161 2014 ad-

425 2027 490 2061 huc
515 2029 694 2071 genuflexis
719 2035 793 2063 ante
818 2030 991 2073 imaginem
1016 2032 1160 2066 Crucifixi

427 2081 531 2124 (quae
556 2082 654 2114 debet
671 2093 741 2115 esse
759 2094 857 2126 supra
873 2084 1012 2127 primam
1029 2092 1061 2118 et
1076 2087 1161 2129 prin-

426 2134 564 2176 cipalem
588 2145 734 2167 mensam
755 2136 846 2168 aulae
865 2137 1071 2181 capitularis)
1097 2150 1162 2181 gra-

426 2187 502 2220 tiam
525 2187 662 2230 Spiritus
686 2187 792 2220 Sancti
822 2184 1017 2223 invocabunt
1046 2192 1161 2226 devote

427 2240 569 2273 dicentes
590 2241 745 2283 hymnum
766 2241 844 2273 Veni
862 2242 991 2275 Creator
1018 2244 1162 2287 Spiritus

427 2296 497 2327 etc..
519 2303 582 2336 quo
600 2292 700 2334 finito,
717 2304 847 2336 praeses
873 2296 1021 2338 capituli,
1047 2298 1161 2330 ceteris

427 2345 710 2389 respondentibus,
737 2348 965 2390 prosequitur:
990 2350 1023 2389 pt.
1042 2350 1162 2384 Emitte

426 2399 581 2441 spiritum
614 2402 727 2438 tuum,
759 2404 787 2431 et
823 2400 1036 2442 creabuntur,
1062 2407 1094 2444 ξ’.
1122 2403 1161 2436 Et

426 2451 593 2485 renovabis
611 2452 733 2495 faciam
746 2457 858 2486 terrae.
879 2454 911 2494 Χ,
929 2454 1162 2489 Benedicamus

426 2505 562 2538 Patrem
584 2509 612 2537 et
635 2505 764 2538 Filium
791 2516 863 2538 cum
886 2506 1001 2540 Sancto
1021 2508 1160 2551 Spiritu.

427 2562 459 2600 133.
481 2557 665 2590 Laudemus
681 2562 709 2591 et
728 2559 1004 2601 superexaltemus
1028 2572 1100 2594 eum
1127 2563 1161 2594 in

427 2610 566 2644 saecuta.
587 2611 606 2653 fi*
627 2610 744 2645 Emitte
767 2612 812 2645 ets
831 2612 998 2647 auxilium
1023 2614 1060 2647 de
1080 2614 1162 2649 San—

1177 1013 1181 1029 Ι

1009 242 1187 267 BULLARIUM
1210 242 1361 269 ROMANUM

1204 295 1262 323 cto.
1289 295 1321 333 μ’.
1349 291 1387 324 Ει
1412 292 1449 325 de
1465 293 1544 327 Sion
1564 297 1650 327 tuere
1667 303 1726 327 eos.
1743 293 1775 335 pl.
1796 292 1862 327 Ora
1879 303 1938 335 pro

1203 343 1305 385 nobis,
1333 344 1454 378 Sancta
1476 346 1537 378 Dei
1572 347 1733 379 Genitrioe.
1761 350 1794 388 ιγ.
1824 346 1863 378 Ut
1887 345 1938 377 di-

1202 397 1262 438 9ni
1292 397 1474 439 efficiamur
1508 398 1778 440 promissionibus
1808 397 1937 432 Christi.

1203 449 1235 489 pi:
1258 449 1413 482 Eoeultent
1438 450 1518 482 iusti
1541 451 1578 482 in
1601 457 1743 493 cospectu
1759 450 1828 483 Dei.
1849 454 1880 492 θ’.
1897 449 1938 482 Et

1203 501 1399 534 delectentur
1420 503 1453 535 in
1474 503 1588 536 letitia.
1608 503 1641 544 fi.
1660 504 1797 536 Domine
1817 502 1938 536 exaudi

1203 555 1380 588 orationem
1405 566 1518 589 meam.
1539 560 1570 598 ¹5⁸·
1591 556 1632 589 Et
1654 556 1776 589 elamor
1792 566 1878 589 meus
1893 556 1938 588 ad

1204 611 1232 639 te
1255 607 1373 640 veniat.
1402 608 1433 648 ᾔ.
1452 608 1612 640 Dominus
1635 608 1808 642 vobiscum.
1836 613 1868 650 ¹5*-
1895 607 1936 641 Et

1202 670 1274 692 cum
1297 661 1418 703 spiritu
1439 665 1503 694 tuo.

1501 723 1636 747 onerans.

1202 765 1320 798 Mentes
1343 769 1480 805 nostras,
1496 776 1691 808 quaesumus
1709 766 1855 806 Domine,
1870 765 1935 798 Pa-

1244 817 1389 857 raclitus,
1409 819 1468 860 qui
1490 828 1510 850 a
1535 823 1562 851 te
1585 818 1739 861 procedit,
1758 818 1933 857 illuminet,

1245 875 1274 903 et
1298 870 1433 903 inducat
1457 871 1493 902 in
1516 881 1651 910 omnem,
1676 871 1758 903 sicut
1776 875 1850 903 tuus
1864 880 1936 914 pro-

1245 924 1337 956 misit
1361 924 1489 964 Filius,
1517 925 1696 957 veritatem.

1203 976 1408 1020 Onmipotcns
1423 977 1616 1020 sempiterne
1632 977 1726 1017 Deus,
1743 977 1802 1020 qui
1818 976 1937 1010 dedisti

1243 1030 1379 1072 famulis
1404 1031 1469 1063 tuis
1493 1031 1529 1063 in
1553 1031 1747 1073 confessione
1770 1040 1863 1063 verae
1896 1030 1936 1072 fi-

1245 1083 1297 1116 dei
1320 1088 1468 1117 aeternae
1495 1084 1667 1116 Trinitatis
1683 1083 1824 1126 ylorz'am
1841 1094 1936 1126 ayne-

1244 1146 1339 1177 scere‚
1367 1141 1395 1168 et
1421 1136 1455 1168 in
1482 1136 1625 1178 potentia
1657 1136 1837 1168 maiestatis
1861 1136 1936 1168 ado-

1243 1199 1318 1221 rare
1341 1189 1522 1228 unitatem,
1553 1198 1760 1231 quaesumus,
1791 1193 1829 1221 ut
1851 1188 1936 1221 eius-

1244 1241 1316 1274 dem
1339 1241 1415 1282 fidei
1437 1241 1591 1282 firmitate
1620 1241 1660 1273 ab
1684 1241 1835 1273 omnibus
1857 1250 1937 1273 sem-

1242 1304 1300 1336 per
1325 1294 1517 1326 muniamur
1541 1293 1695 1326 adversis.

1203 1346 1351 1389 Defende,
1378 1356 1576 1389 quaesumus
1591 1346 1734 1387 Domine,
1753 1346 1854 1379 Beata
1871 1346 1938 1380 Ma-

1245 1400 1296 1431 ria
1309 1409 1432 1441 semper
1454 1398 1587 1441 Viryine
1604 1398 1822 1439 intercedente,
1840 1400 1938 1432 istam

1245 1451 1282 1484 ab
1306 1452 1395 1484 omni
1412 1451 1606 1484 adversitate
1629 1451 1807 1494 familiam,
1820 1456 1849 1485 et
1875 1456 1938 1485 toto

1245 1504 1337 1536 corde
1362 1504 1422 1537 tibi
1439 1508 1636 1547 prostratam
1653 1504 1690 1537 ab
1711 1505 1854 1538 hostium
1867 1515 1939 1548 pro-

1244 1558 1348 1600 pitius
1374 1562 1461 1590 tuere
1485 1557 1654 1590 clementer
1677 1557 1819 1590 insidiis.

1201 1610 1287 1643 Deus
1310 1611 1369 1654 qui
1388 1620 1448 1653 per
1470 1614 1595 1643 sanctos
1608 1614 1718 1653 patres
1741 1615 1864 1644 nostros
1886 1611 1939 1644 Io-

1246 1673 1365 1696 annem
1390 1667 1418 1695 et
1441 1663 1582 1696 Felicem
1612 1661 1768 1696 Ordinem
1788 1663 1844 1697 SS.
1870 1664 1941 1697 Tri-

1247 1715 1361 1749 nitatis
1390 1715 1433 1748 ad
1460 1715 1687 1749 redimendum
1715 1716 1752 1749 de
1783 1721 1940 1759 potestate

1246 1769 1483 1802 Saracenorum
1507 1769 1646 1812 captivos
1672 1769 1807 1802 caelitus
1837 1771 1937 1803 insti-

1248 1827 1335 1855 tuere
1358 1822 1513 1866 diqnatus
1549 1833 1595 1862 es,
1618 1826 1767 1866 praesta,
1793 1834 1937 1866 quaesu-

1246 1886 1329 1916 mus,
1355 1879 1391 1908 ut
1411 1885 1521 1909 eorum
1537 1875 1794 1918 suffrayantibus
1813 1876 1939 1909 meritis

1247 1939 1267 1962 a
1291 1928 1478 1971 captivitate
1509 1928 1651 1971 corporis
1674 1932 1703 1961 et
1738 1928 1875 1968 animae,
1911 1932 1939 1961 te

1246 1981 1434 2021 adiuvante,
1455 1981 1636 2014 liberemur.

1205 2034 1415 2077 Omnipotens
1437 2035 1629 2076 sempiterne
1654 2034 1751 2073 Deus,
1777 2035 1837 2077 qui
1858 2035 1939 2077 facis

1247 2086 1416 2120 mirabilia
1442 2096 1561 2128 maqna
1580 2086 1678 2125 sotus,
1695 2086 1867 2129 praetende
1886 2097 1940 2120 su-

1244 2150 1302 2184 per
1324 2139 1466 2182 famulos
1492 2143 1560 2171 tuos
1585 2143 1612 2171 et
1643 2149 1739 2181 super
1769 2149 1940 2183 conyreya·

1249 2194 1349 2226 tiones
1381 2191 1451 2224 ill-is
1483 2192 1668 2224 commissas
1691 2192 1844 2236 spiritum
1867 2204 1940 2236 yra-

1249 2246 1313 2279 tiae
1336 2244 1504 2284 salutaris,
1532 2248 1561 2276 et
1590 2248 1626 2277 ut
1653 2245 1689 2276 in
1717 2246 1850 2278 veritate
1881 2246 1940 2279 tibi

1247 2298 1476 2341 complaceant,
1493 2302 1681 2340 perpetuum
1691 2298 1736 2331 eis
1745 2309 1849 2332 rorem
1866 2304 1939 2333 tuae

1248 2351 1477 2384 benedictionis
1493 2350 1638 2393 infunde.

1204 2405 1298 2446 Deus,
1325 2404 1462 2446 laryitor
1483 2403 1574 2446 pacis
1598 2408 1626 2436 et
1646 2409 1774 2437 amator
1796 2405 1940 2439 charita-

1249 2458 1300 2497 tis,
1328 2457 1370 2490 da
1391 2457 1528 2499 famulis
1561 2458 1622 2490 tais
1651 2468 1760 2491 veram
1784 2470 1858 2492 cum
1882 2460 1939 2493 tuci

1248 2510 1413 2543 voluntate
1436 2509 1651 2550 concordiam,
1678 2515 1715 2544 ut
1731 2511 1771 2544 ab
1791 2513 1940 2546 omnibus

1248 2573 1331 2606 quae
1355 2572 1410 2594 nos
1433 2561 1566 2604 pulsant
1604 2565 1834 2598 tentationibus
1863 2566 1941 2600 libe-

1248 2625 1367 2649 remur.
1392 2615 1457 2649 Per
1483 2615 1660 2661 Cln‘istum,
1680 2620 1735 2650 etc.

1943 244 1993 271 An.
2008 243 2038 272 C.
2061 243 2130 271 ¹67⁶
