2279 3260
169 272 219 295 Αῐι.
236 269 265 295 C.
287 270 353 297 1673

188 1533 308 1555 Emi-dium.

221 2058 294 2079 Refert
312 2058 341 2079 in»

160 2084 237 2104 dunum
250 2085 342 2105 Clemen-

161 2113 186 2131 tis
200 2111 249 2132 vul.

452 284 455 290 ι
481 280 486 294 a
999 275 1141 298 CLEMENS
1164 276 1181 299 Χ
1207 277 1254 299 PP-

654 323 806 355 CXLVIII.

362 391 570 433 Confirmatio
606 396 634 424 et
673 392 811 424 emensio
852 392 1100 425 constitutionis

407 443 530 475 Urbani
552 444 643 484 VIII,
664 454 731 486 qua
741 444 945 486 permittitur
969 444 1100 486 quibus-

405 506 541 538 cumque
557 496 775 538 reqularibus,
791 507 846 539 per
863 508 935 528 suos
956 497 1100 539 superlo-

404 554 453 579 res
463 548 640 587 mittendis,
649 559 791 581 accessus
802 549 844 581 ad
859 553 966 592 partes
985 548 1100 581 Orien-

407 600 486 632 tales
508 611 566 643 per
587 601 673 634 alius
698 601 767 633 rias
788 612 887 644 quam
902 600 1100 643 perLusita-

403 653 507 692 niam,
535 663 572 685 ac
595 654 918 686 excommuincuntur
944 653 1015 692 ittet,
1041 653 1100 695 qui

405 715 512 738 eorum
530 706 719 738 huiusmodi
745 716 904 738 accessum
926 705 1099 747 impedive-

402 757 484 797 rint;
496 768 578 800 quae
587 758 781 792 Constitutio
790 768 847 800 per
855 757 1099 789 sanctissimum

404 809 570 841 dominum
596 814 743 842 nostrum
768 810 953 842 exciendum·
972 808 1013 840 acl
1033 808 1098 850 epi-

404 872 510 904 scopos
527 866 556 894 et
572 862 710 894 vicarios
735 862 926 905 apostolicos
948 862 982 893 in
1004 861 1099 892 dictis

399 914 547 957 partibus
557 914 789 956 Orientalibus,
797 914 1099 947 necnonsacerdotes

403 968 584 999 saeculares
604 972 632 1000 et
654 968 764 1007 laicos,
785 972 850 999 litui
870 968 983 998 missos
1000 977 1097 1008 quam

402 1020 438 1050 in
454 1023 619 1061 posterum
635 1019 810 1051 mittendos
826 1019 860 1050 iu
875 1019 1026 1057 Clzinam,
1045 1019 1098 1050 Co-

405 1069 608 1110 kiucliimtm,
634 1071 833 1110 Twilfz'uum,
860 1071 951 1103 Siam
976 1076 1004 1102 et
1028 1071 1098 1102 alia

404 1123 473 1155 loca
504 1124 681 1156 Indicarum
706 1129 734 1156 et
766 1124 912 1155 aliarum
945 1123 1097 1167 partium

403 1176 643 1216 Orien!alium;
674 1188 848 1220 eorumque
871 1187 1031 1209 accessum
1055 1177 1098 1208 ad

398 1234 508 1271 partes
525 1230 714 1262 huiusmodi
724 1229 930 1272 impedientes
946 1230 1097 1272 reprimit

401 1282 459 1314 sub
491 1283 595 1324 poena
631 1283 975 1315 ecccomuiunicatiouis
1012 1282 1097 1314 lutae

401 1335 578 1367 sententiae
589 1335 607 1366 ¹.

576 1413 709 1441 Clemens
731 1414 810 1447 Papa
828 1414 860 1441 X.

447 1464 452 1466 ⁷
475 1460 512 1485 ad
532 1461 709 1492 perpetuam
729 1458 774 1485 roi
793 1458 975 1485 memeriam.

400 1529 539 1562 Iniuncti
565 1528 660 1561 nobis
685 1528 819 1561 caelitus
852 1529 1024 1571 pastoralis
1051 1530 1096 1561 of-

356 1582 419 1615 ficii
444 1581 525 1614 ratio
551 1582 713 1624 postulat,
741 1587 775 1613 ut
800 1592 854 1621 ea,
884 1592 964 1624 quae
990 1594 1007 1614 a
1032 1582 1096 1615 Ro-

355 1634 457 1667 manis
475 1634 684 1666 Pontificibus
702 1634 1011 1677 praedecessoribus
1036 1646 1095 1667 no-

355 1688 429 1720 stris
454 1697 513 1730 pro
539 1692 725 1730 temporum
750 1687 936 1720 conditione
961 1689 1094 1730 provide

354 1739 529 1772 constituta
544 1738 684 1777 suerunt,
706 1739 740 1779 si,
760 1740 890 1772 mutatis
908 1750 1017 1772 rerum
1037 1741 1094 1773 cir<

354 1792 565 1833 cumstanfiis,
587 1791 642 1823 sini
660 1802 719 1835 per
737 1802 792 1824 eos
813 1792 865 1835 pie
883 1792 1008 1825 intento
1034 1793 1094 1825 im-

353 1844 575 1887 pedimentum
608 1844 733 1877 adferre
766 1844 1001 1886 cognoscimus,
1035 1846 1093 1878 im-

353 1902 475 1929 mutare
501 1897 698 1936 studeamus,
727 1896 809 1928 sicut
842 1897 881 1928 ad
913 1897 1091 1930 catholicae

353 1948 427 1981 fidei
454 1949 723 1992 propagationem
751 1954 782 1981 et
806 1949 983 1982 animarum
1008 1952 1090 1983 salu·

355 2006 415 2033 tem
439 2001 592 2044 expedire
619 2001 651 2033 in
676 2001 811 2034 Domino
832 2002 1037 2035 arbitranuir.

397 2057 411 2097 g
437 2054 467 2086 ¹1.
494 2054 618 2086 Dudum
644 2054 805 2097 siquidem
823 2055 926 2087 felicis
944 2056 1090 2093 reeorda-

354 2107 451 2139 tionis
476 2106 624 2140 Clemens
650 2107 735 2150 Papa
760 2108 821 2140 VIII
857 2108 1089 2151 praedecessor

353 2165 465 2192 noster
489 2170 550 2202 per
581 2160 736 2202 quasdam
760 2171 833 2193 suas
858 2161 980 2195 litteras
1004 2162 1090 2196 iuter

352 2213 414 2245 alia
432 2213 612 2245 indulserat
628 2214 778 2246 omnibus
804 2219 835 2247 et
852 2215 988 2258 singulis
1004 2216 1089 2249 Men-

352 2265 528 2297 dicantium
546 2264 700 2297 Ordinum
717 2267 879 2309 magistris
900 2278 955 2300 seu
972 2268 1089 2311 priori·
1109 2279 1110 2282 ’

352 2317 413 2349 bus
439 2318 645 2360 generalibus
670 2323 747 2351 tune
783 2325 814 2352 et
848 2331 907 2363 pro
940 2326 1087 2365 tempore

353 2369 627 2410 existentibus,ut,
646 2381 719 2403 cum
736 2373 912 2405 necessitas
929 2376 1089 2416 postulas-

351 2427 410 2462 set,
425 2423 585 2464 quoslibet
601 2422 730 2456 Ordinis
748 2425 795 2457 sui
817 2431 979 2468 spectatae
1004 2428 1087 2461 vitae

351 2479 381 2507 et
407 2475 601 2508 eruditionis
626 2476 808 2519 religiosos,
828 2490 908 2522 quos
927 2480 966 2512 ad
984 2481 1089 2514 officia

350 2532 382 2560 et
417 2527 598 2560 ministeria
632 2530 843 2571 praedicandi
879 2532 1088 2575 Evangelium

388 2599 396 2622 1
420 2596 486 2623 Vide
506 2597 733 2625 Constitutionem
753 2599 853 2627 Urbani
869 2602 935 2635 vlu,
953 2584 1020 2630 tomi
1034 2611 1087 2639 xlv,

350 2648 411 2676 pag.
429 2639 480 2666 32ss
496 2642 531 2674 (a⁴
554 2641 604 2675 τ.).

417 2694 497 2722 Bau.
515 2696 594 2722 Rom.
611 2710 643 2714 -
664 2696 722 2723 Vol.
739 2697 847 2725 XVIII.
990 2701 1024 2728 58

1143 324 1190 355 vel
1216 323 1393 356 doctrinam
1427 325 1635 358 christianam
1670 326 1806 357 docendi
1839 338 1875 358 ac

1143 382 1342 408 sacramenta
1367 376 1631 413 :ulministrandi,
1658 377 1783 420 aliaque
1809 389 1876 409 mu-

1142 428 1195 460 nia
1205 428 1425 462 ecclesiastiea
1444 430 1584 462 obeundi
1595 429 1612 468 ¹,
1625 430 1762 463 idoneos
1775 436 1806 462 et
1816 431 1875 462 uti-

1142 480 1187 512 les
1212 480 1280 513 sore
1306 481 1337 513 in
1361 481 1497 514 Domino
1523 481 1715 520 iudicarent,
1741 492 1798 523 per
1822 482 1876 513 liu·

1142 532 1292 565 sitaniam
1317 533 1489 571 dumtaxat,
1504 538 1543 572 et,
1559 535 1709 575 suscepta
1730 533 1803 565 inde
1822 545 1877 565 na-

1142 585 1314 627 vigatione,
1339 586 1371 618 in
1396 586 1501 618 Indias
1528 591 1560 618 et
1592 585 1752 618 civitatem
1779 585 1876 618 Goam

1142 642 1237 680 atque
1274 639 1312 670 ad
1349 639 1532 681 superiores
1557 638 1711 671 Ordinum
1749 638 1779 669 in
1814 638 1876 670 illis

1141 690 1286 732 partibus
1313 691 1486 723 existentes
1511 691 1741 730 transmittere,
1764 695 1795 723 et
1814 696 1875 722 tam

1141 741 1202 784 ipsi
1224 743 1269 775 sic
1290 743 1544 782 transmittendi,
1570 754 1664 786 quam
1690 742 1744 775 alii
1769 753 1878 785 supra-

1142 794 1300 827 dictorum
1325 795 1480 828 Ordinum
1507 795 1652 837 religiosi
1691 795 1723 827 in
1755 795 1879 827 eisdem

1141 845 1303 879 Indiarum
1327 848 1473 890 partibus
1500 848 1688 887 existentes,
1707 852 1739 880 et
1757 848 1794 879 ad
1814 848 1878 880 hoc

1140 909 1258 931 munus
1283 901 1468 932 obeundum
1496 912 1512 931 a
1538 900 1601 932 suis
1627 900 1798 942 magistris,
1824 900 1879 932 rni-

1141 951 1248 984 nistris
1273 952 1322 984 vel
1346 952 1511 994 prioribus
1538 953 1744 994 generalibus
1763 963 1818 984 seu
1848 964 1879 984 a·

1140 1004 1191 1036 liis
1205 1005 1429 1047 superioribus
1449 1005 1544 1037 electi
1566 1011 1597 1037 et
1613 1005 1795 1048 approbati,
1814 1010 1877 1038 tam

1141 1057 1178 1088 ad
1199 1057 1379 1099 laponicas‚
1401 1068 1493 1099 quam
1512 1058 1550 1089 ad
1569 1058 1646 1090 alias
1663 1058 1827 1100 proximas
1845 1062 1878 1090 et

1141 1109 1337 1148 adiacentes,
1354 1109 1449 1142 etiam
1467 1109 1587 1142 Chinae
1613 1114 1645 1142 et
1666 1109 1877 1142 finitimorum

1139 1172 1313 1204 regnorum
1335 1168 1366 1194 et
1387 1167 1494 1195 terrae
1511 1162 1622 1194 firmae
1641 1162 1750 1195 Indiae
1768 1162 1879 1195 Orien-

1140 1215 1219 1254 talis,
1235 1215 1369 1254 insulas,
1387 1216 1539 1257 regiones
1565 1221 1597 1247 et
1620 1215 1804 1258 provincias
1829 1226 1878 1248 ae-

1139 1267 1254 1300 eedere
1280 1273 1426 1310 possent.

1182 1321 1197 1363 ἓ
1222 1319 1253 1352 ⁶2.
1280 1320 1317 1352 Et
1340 1320 1535 1353 recolendae
1561 1321 1739 1354 memoriae
1760 1321 1878 1354 Paulus

1138 1373 1197 1405 PP.
1224 1373 1255 1413 V,
1271 1373 1367 1405 etiam
1390 1375 1624 1416 praedecessor
1649 1379 1771 1413 noster,
1791 1385 1879 1407 acee-

1125 1430 1193 1467 vpto
1224 1426 1311 1469 quod
1341 1427 1541 1469 experientia
1567 1433 1770 1470 compertum
1795 1434 1879 1461 esset

1137 1478 1394 1519 prohibitionem
1410 1480 1588 1511 accedendi
1607 1480 1645 1512 ad
1664 1480 1770 1512 Indias
1790 1485 1820 1512 et
1837 1481 1879 1513 ei-

1138 1530 1265 1563 vitatem
1279 1530 1378 1563 Goam
1393 1531 1471 1563 alias
1486 1542 1581 1573 quam
1596 1542 1655 1574 per
1668 1532 1875 1572 Lusitaniam,

1137 1581 1222 1613 eum²
1236 1582 1290 1624 qui
1305 1584 1498 1626 sperabatur
1507 1583 1644 1615 fructum
1659 1584 1791 1617 minime
1804 1595 1877 1627 pro-

1136 1635 1262 1674 tulisse,
1288 1645 1348 1667 nec
1374 1635 1557 1668 catholicae
1582 1635 1878 1679 sideipropagatio-

1137 1687 1186 1719 nis
1210 1688 1342 1730 negotIO
1367 1689 1480 1721 utilem
1506 1688 1613 1728 fuisse,
1634 1695 1664 1721 et
1689 1695 1873 1732 propterea,

1135 1745 1169 1772 ut
1193 1746 1316 1773 tantum
1341 1752 1421 1784 opus
1446 1741 1521 1781 Dei,
1548 1743 1677 1774 sublato
1703 1743 1790 1774 omni
1817 1743 1876 1775 im-

1135 1793 1336 1835 pedimento,
1354 1794 1455 1826 libere
1474 1794 1587 1837 peragi
1599 1800 1716 1837 posset,
1728 1795 1875 1838 provide-

1134 1857 1168 1879 re
1193 1848 1316 1885 volens,
1344 1847 1457 1879 itidem
1484 1858 1541 1889 per
1559 1848 1713 1890 quasdam
1736 1859 1808 1880 suas
1825 1849 1875 1881 lit-

1135 1904 1219 1931 teras
1238 1900 1388 1932 omnibus
1414 1905 1445 1932 et
1466 1900 1602 1942 singulis
1620 1900 1873 1934 Mendicantium

1132 1950 1287 1984 Ordinum
1312 1952 1482 1994 magistris,
1505 1952 1661 1984 ministris
1678 1963 1734 1985 seu
1755 1954 1873 1996 priori-

1132 2003 1190 2036 bus
1215 2004 1435 2046 generalibus,
1474 2009 1530 2036 aut
1563 2004 1625 2036 alio
1661 2015 1871 2049 quocumque

1132 2057 1262 2089 nomine
1293 2056 1485 2100 nuncupatis
1512 2056 1667 2089 Ordinum
1693 2058 1871 2101 capitibus,

1132 2114 1209 2142 tune
1220 2115 1251 2142 et
1261 2120 1318 2153 pro
1330 2116 1474 2152 tempore
1489 2109 1710 2151 existentibus,
1724 2111 1782 2150 ut³,
1797 2122 1871 2144 eum

1131 2163 1308 2195 necessitas
1332 2164 1526 2205 postularet,
1551 2163 1717 2205 quoslibet
1742 2164 1871 2197 Ordinis

1131 2216 1179 2247 sui
1198 2220 1359 2258 spectatae
1378 2215 1461 2248 xitae
1480 2220 1512 2247 et
1528 2215 1722 2248 eruditionis
1739 2217 1871 2259 religio-

1130 2278 1192 2309 sos,
1218 2278 1299 2311 quos
1324 2268 1477 2300 nimirum
1503 2268 1540 2300 ad
1569 2268 1736 2311 praedicta
1766 2269 1871 2303 officia

1130 2326 1162 2353 et
1185 2321 1296 2353 munia
1320 2321 1457 2354 idoneos
1486 2326 1517 2353 et
1542 2321 1637 2354 utiles
1665 2322 1734 2354 fore
1759 2322 1791 2354 in
1810 2323 1870 2355 Do-

1130 2373 1218 2406 mino
1237 2373 1498 2411 iudicasse11t,ad
1512 2373 1702 2416 superiores
1713 2374 1869 2408 Ordinum

1131 2427 1164 2459 in
1188 2427 1252 2460 illis
1284 2427 1431 2470 partibus
1469 2427 1645 2460 existentes
1683 2428 1778 2460 etiam
1811 2440 1870 2472 per

1131 2481 1225 2513 aliam
1240 2480 1324 2513 viam
1341 2491 1436 2523 quam
1455 2490 1511 2523 per
1529 2480 1739 2521 Lusitaniam,
1768 2482 1801 2514 iu
1822 2482 1868 2515 Ia-

1168 2561 1178 2586 1
1201 2559 1296 2595 Aptius
1314 2560 1374 2594 lege
1391 2559 1552 2585 obeundum
1568 2558 1607 2585 vel
1623 2560 1751 2586 obeunda
1765 2563 1801 2592 (n.
1819 2561 1868 2594 T.).

1165 2604 1181 2631 2
1201 2604 1267 2631 Male
1288 2604 1350 2631 edit.
1371 2603 1532 2638 Main.1egtt
1548 2608 1606 2631 lum
1623 2613 1669 2639 pro
1684 2614 1747 2630 cum
1766 2610 1802 2639 (u.
1818 2606 1867 2639 r.).

1167 2649 1182 2677 3
1202 2649 1268 2677 Male
1289 2649 1352 2677 edit,
1374 2650 1458 2677 Main.
1480 2649 1545 2684 legit
1563 2652 1589 2677 cl
1609 2657 1657 2684 pro
1677 2651 1708 2677 ut
1728 2650 1766 2684 (R.
1783 2649 1832 2685 Τ.).

1774 269 1838 302 457
1884 281 1933 304 Λη.
1955 278 1984 303 c.
2004 277 2068 304 1073

1915 1335 1941 1356 Et
1956 1336 2015 1357 Pauli
2026 1336 2052 1358 V.
