2279 3260
154 279 203 306 An.
225 279 254 307 C.
274 280 336 307 ¹671

197 2389 343 2414 Damnare-1³

163 2416 268 2441 quomodo
314 2416 343 2435 di-

983 277 1125 301 CLEMENS
1147 278 1164 300 Χ
1191 278 1237 300 FP.

347 328 519 372 praedictis
537 332 567 360 et
584 328 654 360 aliis
678 327 842 369 quibusvis
866 326 1082 368 assiguamcu-

347 380 386 412 tis
411 386 442 413 et
466 380 527 412 alio
554 389 760 422 quocumque
791 378 1023 420 impedimento
1050 382 1082 408 et

347 433 455 476 quavis
489 432 681 475 exceptione
712 442 776 463 nou
802 430 1025 469 obstantibus,
1051 433 1082 460 et

348 485 527 518 suecessiv'e
555 484 738 516 huiusmodi
766 483 859 515 aliam
885 494 986 525 aeque
1012 482 1081 513 ido-

347 549 440 570 neam
464 537 646 570 cautionem
667 537 852 569 bancariain
874 537 913 568 (le
943 534 1080 568 triennio

348 591 379 622 in
411 589 594 629 triennium,
622 594 653 621 et
685 599 744 631 per
776 600 829 619 sex
854 598 982 620 menses
1007 592 1080 619 ante

347 642 442 675 linem
469 641 609 681 triennii,
625 642 758 674 durante
774 641 877 672 Monte
904 639 1079 683 praedicto,

348 695 470 728 eisdem
494 694 589 726 modo
616 699 647 726 et
672 695 772 726 forma
796 704 832 726 ac
849 704 906 736 pro
933 692 1081 724 omnibus

348 753 379 780 et
393 747 527 790 singulis
545 747 693 790 superius
712 746 884 789 expressis,
904 745 1081 786 obligatum

347 806 512 844 praestare
538 805 570 833 et
607 810 776 839 renovare,
803 803 845 837 et,
873 798 904 830 in
930 802 1081 830 eventum

347 853 476 893 mortis,
508 851 770 885 deteriorationis
796 850 1005 887 conditionis,
1032 850 1080 881 vel

347 906 512 939 absentiae
538 906 576 938 de
600 904 685 937 Urbe
704 903 890 946 depositarii
909 902 983 935 dicti
998 902 1083 934 Mon-

348 960 386 992 tis
410 970 470 1003 pro
491 964 638 1001 tempore
663 956 841 996 existentis,
861 956 960 989 alium
985 956 1083 998 depo-

347 1012 491 1045 sitarium
517 1017 612 1054 atque
639 1010 792 1042 idoneum
818 1013 1032 1041 mercatorem
1049 1007 1081 1039 in

347 1065 431 1097 Urbe
459 1064 632 1097 habentem
656 1063 794 1094 bancum
820 1065 966 1104 apertum
987 1059 1081 1092 simili

347 1116 443 1149 modo
474 1121 506 1148 et
535 1115 635 1148 forma
660 1114 837 1155 obligatum
862 1117 1025 1155 praestare
1051 1116 1105 1144 et=

347 1178 503 1201 renovare
529 1167 611 1199 insra
635 1166 820 1210 quindecim
846 1165 914 1197 dies
931 1176 948 1197 a
973 1164 1026 1197 tali
1053 1175 1105 1197 e-=

347 1226 441 1254 ventu
474 1220 652 1263 proximos,
679 1224 711 1251 et
742 1220 804 1251 hoc
835 1218 928 1251 toties
953 1228 1083 1250 servare

349 1279 381 1306 et
404 1274 592 1316 adimplere,
618 1273 746 1315 quoties
771 1283 865 1304 casus
897 1271 1082 1304 huiusmodi

349 1326 504 1359 evenerit.
523 1325 578 1357 Cui
604 1325 677 1357 duci
703 1325 821 1364 Flavio,
839 1329 881 1363 ut,
896 1334 955 1367 per
978 1334 1012 1356 se
1033 1324 1082 1356 vel

349 1379 419 1411 eius
450 1383 712 1421 procuratorem,
739 1377 905 1420 praedicta
930 1378 1001 1409 loca
1026 1377 1084 1408 tria

350 1431 451 1463 millia
474 1430 551 1463 dicti
576 1430 689 1462 Montis
709 1429 836 1472 <libere
856 1435 887 1462 et
904 1435 1051 1472 exempta
1069 1440 1085 1461 a

350 1483 512 1516 solutione
543 1484 835 1515 emolumentorum
868 1492 927 1524 pro
956 1482 1086 1524 expedi-

351 1536 437 1568 tione
474 1535 651 1568 litterarum
687 1534 904 1577 praesentium
940 1545 1085 1567 annonae

351 1588 457 1628 Urbis,
484 1587 832 1620 archiconsraternitati
859 1588 989 1630 pietatis
1013 1598 1083 1619 car-

352 1646 541 1680 ceratorum,
563 1640 773 1682 proxenetico
792 1641 943 1682 collegio,
957 1651 992 1672 ac
1010 1651 1088 1673 mer-

352 1695 465 1726 cedum
480 1693 667 1733 secretario,
683 1692 903 1725 ratiocinatori
919 1693 994 1725 dicti
1005 1694 1088 1725 Mon-

352 1747 392 1779 tis
417 1746 597 1779 debitorum
631 1756 689 1789 pro
721 1746 791 1788 ipso
817 1746 897 1778 duce
923 1746 1030 1779 Flavio
1057 1751 1089 1779 et

352 1799 421 1832 aliis
455 1799 510 1842 qui
547 1800 616 1831 loca
647 1799 813 1841 praedicta
845 1799 884 1830 ab
916 1810 954 1831 eo
986 1800 1088 1842 prima

353 1907 521 1947 lorumque
546 1903 685 1946 pretinm
712 1904 750 1935 ad
776 1903 1015 1946 infrascriptum
1044 1909 1089 1936 ta-

353 1967 426 1989 men
453 1955 600 1989 effectum
626 1955 776 1997 exigere,
802 1956 948 1998 recipere
979 1962 1010 1988 et
1035 1957 1090 1989 lia-

353 2010 440 2050 bere,
463 2014 495 2041 et
519 2009 557 2041 de
584 2008 720 2047 exactis,
748 2007 866 2040 habitis
895 2013 926 2041 et
950 2009 1088 2052 receptis

353 2063 521 2101 solventes,
537 2066 569 2094 et
589 2071 671 2103 quos
689 2071 770 2103 opus
794 2061 901 2101 suerit,
917 2061 1087 2104 quietai·e²,

354 2115 393 2148 ad
419 2113 566 2147 ellectum
592 2120 699 2146 tamen
724 2113 803 2146 illud
829 2114 924 2146 unico
943 2120 1091 2147 contextu

354 2178 454 2212 penes
488 2167 563 2200 dicti
593 2167 707 2199 Montis
734 2166 965 2209 depositarium
992 2168 1091 2210 depo-

354 2221 454 2254 nendi
486 2225 516 2253 et
547 2225 583 2251 ut
612 2219 693 2251 infra
722 2220 949 2260 convertendi,
977 2226 1090 2253 tenore

355 2273 573 2317 praesentium
610 2273 771 2305 licentiam
807 2278 840 2305 et
875 2279 1091 2316 opportunam

356 2328 538 2360 facultatem
564 2326 773 2359 concedimus
798 2331 828 2359 et
850 2327 1067 2370 impartimur.

398 2380 413 2422 ἓ
437 2379 468 2412 7.
496 2379 638 2411 Pretium
655 2390 739 2418 vero,
760 2390 796 2411 ex
811 2380 998 2412 venditione
1018 2381 1092 2413 dicti
1112 2386 1114 2404 '=

162 2445 217 2462 emm
255 2433 470 2467 manumittentis
487 2432 708 2474 redigendum,
721 2433 841 2475 deponi
859 2434 976 2466 debeat
990 2444 1090 2477 penes

162 2474 249 2493 erogare
260 2471 344 2489 tenean-

357 2485 587 2529 depositarium
602 2485 744 2517 eiusdem
759 2486 874 2518 Montis
886 2487 925 2519 ad
943 2485 1092 2520 effectum

357 2539 438 2572 illud
462 2539 618 2582 erogandi
644 2543 676 2571 et
699 2540 906 2572 convertendi
934 2540 965 2572 in
990 2541 1093 2573 extin-

394 2611 403 2636 l
427 2609 520 2644 Aptius
539 2609 629 2635 forsan
650 2609 742 2637 libera
760 2609 897 2643 legeretur
917 2614 956 2644 (n.
971 2613 1022 2644 ⁹12).

392 2654 408 2680 2
428 2653 508 2681 Deest
527 2653 638 2680 verbum
655 2654 745 2688 possit
766 2656 802 2689 (R.
819 2655 868 2685 T.).

444 2708 521 2737 Ball.
544 2707 626 2734 Rom.
649 2722 681 2726 —
707 2708 763 2735 Vol.
786 2708 894 2735 XVIII.
1038 2709 1071 2738 32

1756 265 1819 297 ⁶249
1865 274 1914 300 Αη.
1938 272 1967 299 c.
1987 273 2048 299 1671

1123 324 1263 356 etimwni
1295 324 1492 356 diversorum
1530 324 1711 355 ‹lotiiioruni
1738 334 1753 353 a
1779 323 1859 353 ‹luce

1124 376 1229 409 Flavio
1262 376 1393 418 suisque
1411 376 1667 408 antecessoribus
1686 380 1859 406 contracto-

1124 440 1192 461 rum
1215 440 1288 460 cum
1303 428 1434 461 licentia
1455 434 1486 460 et
1503 427 1708 470 beneplacito
1730 432 1860 469 aposto-

1125 481 1184 513 lico
1217 486 1249 513 et
1282 481 1471 513 habentium
1505 482 1542 513 ad
1578 491 1690 511 eorum
1719 480 1858 511 savorem

1107 534 1266 576 *obligata
1291 535 1386 567 eliam
1418 534 1504 566 bona
1538 532 1805 565 iurisdictionalia
1829 537 1861 563 et

1125 587 1263 620 feudalia
1296 598 1518 630 quaecumque
1555 587 1641 618 iuxta
1677 590 1786 617 notam
1820 585 1859 616 ab

1125 639 1193 681 ipso
1220 640 1368 679 dandam,
1391 639 1610 682 etrespective
1625 636 1777 679 erogare¹
1800 648 1859 680 pro

1124 692 1193 724 aliis
1218 692 1318 734 ipsius
1339 693 1433 725 Flavii
1454 691 1658 733 indigentiis,
1685 689 1860 721 creditores

1124 750 1243 783 autem,
1262 745 1314 787 qui
1336 745 1456 777 dictum
1481 744 1620 787 pretium
1644 743 1797 775 Montium
1815 753 1860 774 re-

1124 797 1256 840 cipient,
1284 802 1456 830 teneantur
1482 802 1514 829 et
1538 797 1671 839 obligati
1698 796 1771 835 sint,
1786 806 1860 837 pro-

1124 855 1159 882 ut
1182 861 1240 883 nos
1266 850 1368 882 teneri
1393 855 1423 882 et
1443 850 1603 892 obligatos
1622 860 1690 882 csse
1705 849 1860 887 volumus,

1125 902 1240 934 cedere
1266 902 1404 943 collegio
1425 902 1647 934 montistarum
1675 900 1859 932 huiusmodi

1125 954 1237 986 Montis
1265 954 1371 987 Ursini
1398 955 1529 997 quintae
1554 954 1728 986 erectionis
1754 953 1862 985 omnia

1125 1012 1156 1039 et
1180 1007 1305 1049 singula
1338 1017 1448 1040 eorum
1482 1007 1549 1039 iura
1580 1012 1611 1039 et
1636 1007 1799 1045 actiones,
1826 1016 1862 1037 ac

1125 1060 1292 1103 privilegia
1317 1070 1545 1103 quaecumque,
1572 1059 1668 1091 etiam
1692 1058 1863 1090 anteriori-

1126 1113 1198 1145 tatis
1232 1118 1263 1146 et
1297 1112 1504 1155 potioritatis,
1530 1112 1590 1144 sibi
1616 1111 1863 1154 quomodolibet

1125 1165 1351 1209 competentia,
1372 1165 1542 1197 occasione
1571 1168 1603 1196 et
1619 1174 1676 1206 pro
1701 1165 1769 1196 rata
1789 1173 1863 1195 suo-

1126 1229 1197 1250 rum
1223 1217 1431 1257 creditorum,
1458 1216 1645 1249 translative
1672 1220 1703 1248 et
1726 1226 1790 1248 non
1811 1226 1864 1247 ex-

1128 1271 1268 1309 tinctive,
1286 1276 1317 1303 et
1337 1270 1411 1303 talia
1433 1269 1551 1313 qualia,
1567 1274 1642 1309 etc.,
1661 1269 1699 1301 ad
1717 1267 1864 1301 effectum

1126 1329 1160 1356 ut
1178 1324 1298 1357 dictum
1320 1323 1493 1365 collegium
1519 1322 1671 1364 illiusque
1690 1321 1863 1353 montistae

1114 1375 1220 1409 dictis
1251 1376 1373 1409 iuribus
1406 1376 1451 1408 uti
1483 1375 1619 1418 possint,
1644 1380 1705 1406 tarn
1738 1374 1864 1416 agendo

1128 1441 1224 1474 quam
1250 1430 1453 1472 excipiendo,
1475 1434 1506 1461 et
1531 1429 1569 1461 ad
1595 1438 1706 1460 omnes
1731 1427 1809 1459 alios
1827 1427 1865 1458 ef-

1129 1485 1230 1516 fectus
1255 1483 1316 1515 sibi
1341 1482 1441 1525 magis
1466 1481 1627 1525 proficuos
1661 1485 1693 1512 et
1717 1490 1866 1512 necessa-

1129 1537 1207 1569 rios.

1173 1587 1230 1631 §Q
1250 1587 1315 1620 Nec
1333 1598 1407 1627 non,
1428 1597 1486 1630 pro
1504 1586 1618 1619 maiori
1637 1587 1761 1618 cautela
1780 1596 1869 1617 mon·
1892 1595 2061 1625 ,Censen-supen-

1132 1641 1275 1673 tistarum
1296 1651 1331 1673 ac
1345 1640 1617 1683 depositariorum
1643 1650 1701 1681 pro
1721 1644 1868 1681 tempore
1879 1622 2015 1678 iiior-&⁵¹32
2031 1624 2064 1669 [ἓῖ

1131 1694 1274 1727 eiusdem
1290 1694 1413 1733 Montis,
1431 1692 1615 1735 praedictus
1633 1692 1758 1725 Flavius
1784 1691 1868 1724 Ursi·
1879 1676 1937 1722 311¹?
1953 1677 2061 1702 ‘'mum'‘

1131 1758 1189 1779 nus
1216 1746 1386 1779 Brachi-ani
1413 1747 1485 1785 dux,
1507 1751 1539 1778 et
1563 1745 1757 1777 venerabilis
1775 1746 1869 1778 trater

1109 1804 1243 1844 3noster
1274 1798 1433 1840 Virginius
1466 1798 1639 1841 episcopus
1676 1797 1868 1829 Albanensis

352 1852 419 1884 vice
440 1852 622 1894 acquirent)
648 1852 791 1883 vendere
817 1856 848 1883 et
872 1852 1031 1891 alienare,
1052 1852 1089 1884 il-
1109 1847 1112 1866 ²

1131 1852 1162 1884 S.
1192 1852 1227 1884 H.
1254 1851 1289 1883 E.
1317 1851 1497 1890 cardinalis,
1518 1856 1549 1883 et
1574 1850 1679 1882 Lelius
1696 1850 1771 1882 Vico
1795 1849 1869 1881 Var-

1110 1935 1111 1938 ,
1133 1904 1221 1936 ronis
1240 1903 1404 1946 princeps,
1424 1902 1568 1945 germani
1591 1902 1704 1934 fratres
1722 1902 1760 1934 de
1782 1901 1868 1933 Ursi-

1133 1957 1199 1997 nis,
1225 1956 1373 1989 omnibus
1406 1961 1438 1988 et
1469 1955 1605 1997 singulis
1642 1955 1674 1986 in
1705 1954 1868 1997 praesenti

1132 2009 1358 2052 motuproprio
1377 2008 1538 2041 contentis
1563 2013 1595 2040 et
1620 2007 1781 2050 expressis
1798 2017 1869 2039 con-

1133 2063 1255 2095 sentire
1282 2066 1462 2100 teneantur,
1489 2066 1520 2093 et
1548 2071 1619 2092 cum
1653 2059 1767 2092 ell'cctu
1794 2070 1870 2092 con-

1133 2116 1285 2155 sentiant,
1301 2125 1337 2147 ac
1362 2124 1433 2146 sese
1459 2123 1580 2153 omnes,
1600 2123 1775 2155 eorumque
1793 2113 1871 2144 hae-

1135 2169 1227 2201 redes
1259 2173 1291 2200 et
1324 2177 1546 2205 successores,
1580 2177 1616 2198 ac
1647 2166 1732 2198 bona
1763 2165 1871 2198 omnia

1135 2220 1318 2264 praesentia
1337 2225 1368 2251 ct
1382 2220 1489 2251 sutura
1504 2219 1535 2250 in
1554 2219 1695 2251 solidum
1715 2218 1791 2260 (tam
1810 2228 1869 2260 pro

1135 2273 1295 2306 solutione
1321 2273 1478 2304 fructuum
1508 2271 1623 2303 Montis
1657 2270 1813 2313 praedicti
1839 2275 1870 2303 et

1136 2328 1221 2360 illius
1248 2326 1443 2359 extinctione
1465 2330 1497 2357 et
1517 2325 1675 2357 evit-tione
1694 2329 1724 2357 et
1749 2324 1872 2365 obliga-

1135 2380 1221 2413 tione
1248 2380 1286 2412 de
1312 2378 1508 2422 praestando
1530 2382 1563 2410 et
1587 2377 1775 2409 renovando
1793 2387 1871 2408 mer-

1135 2439 1278 2465 catorem
1292 2437 1323 2465 et
1333 2431 1571 2474 depositarium
1585 2430 1729 2462 eiusdem
1741 2429 1867 2474 Montis,

1135 2490 1167 2518 et
1191 2485 1328 2517 aliorum
1353 2492 1638 2527 quorumcumque,
1657 2493 1693 2514 ac
1719 2482 1813 2513 etiam
1831 2475 1869 2513 ad

1136 2539 1277 2572 savorem
1301 2537 1491 2570 eorumdem
1521 2541 1737 2568 mercatorum
1763 2540 1794 2566 et
1818 2534 1870 2566 de-

1172 2656 1183 2681 1
1206 2653 1303 2689 Aptius
1322 2653 1381 2688 lege
1401 2651 1518 2687 eroyari
1536 2652 1574 2686 (n.
1587 2651 1640 2687 τ.).
