2279 3260
156 265 205 292 An.
224 267 254 292 C.
275 267 337 294 1671

175 485 291 507 Contrariis
301 487 336 507 de-

153 514 222 537 rogat.

186 644 336 670 'ri-ansnmpto-

153 676 198 690 rum
213 670 273 691 tides.

173 2064 298 2086 Exordium.

970 269 1111 294 CLEMENS
1134 272 1151 295 Χ
1177 272 1224 296 Pr.

348 315 444 350 modo
476 324 508 350 et
531 316 636 350 forma
671 318 867 361 praemissis,
893 319 1081 351 auctoritate

348 370 536 412 apostolica,
563 376 673 403 tenore
697 370 926 414 praesentium,
942 371 1084 403 extendi-

348 432 416 455 mus
443 427 475 455 et
502 423 704 466 ampliamus.

392 475 406 518 ᾗ
427 474 457 507 5.
472 474 542 507 Non
560 475 765 508 obstantibus
785 475 1081 516 constitutionibus,

348 531 380 558 et
404 527 662 560 ordinationibus
687 527 886 571 apostolicis,
904 527 1082 571 ceterisque

348 580 514 612 contrariis
534 580 799 623 quibuscumspie.

391 632 405 674 §
437 632 468 664 6.
505 633 655 665 Volumus
688 638 793 666 autem
829 639 863 665 ut
899 634 1081 666 earumdem

346 686 566 726 praesentium
584 687 764 719 litterarum
787 686 1005 729 transumptis,
1026 697 1080 718 seu

347 738 511 781 exemplis,
531 739 626 771 etiam
648 739 825 781 impressis,
837 750 931 771 manu
948 738 1081 771 alicuius

347 791 461 824 notarii
479 792 601 834 publici
619 791 819 834 subscriptis,
842 796 871 823 et
889 791 995 834 sigillo
1013 801 1083 834 per-

346 853 443 876 sonae
469 845 501 876 in
527 844 746 877 ecclesiastiea
771 844 926 886 dignitate
962 844 1082 876 consti-

347 902 433 930 tutae
450 898 593 937 munitis,
612 898 724 930 eadem
744 908 875 940 prorsus
897 897 973 929 tides
989 897 1017 927 in
1037 896 1082 928 iu-

347 950 429 982 dicio
461 955 493 983 et
517 956 606 983 extra
630 950 709 982 illud
729 950 898 989 habeatur,
919 959 1000 992 quae
1028 949 1082 981 ba-

346 1004 477 1036 beretur
496 1003 574 1046 ipsis
592 1003 817 1046 praesentibus
831 1003 855 1035 si
875 1003 982 1035 forent
996 1002 1081 1035 exhi-

344 1055 429 1088 bitae
456 1057 504 1088 vel
529 1060 689 1088 ostensae.

388 1108 500 1140 Datum
526 1108 656 1147 Romae,
676 1109 759 1151 apud
789 1108 819 1140 S.
841 1107 971 1140 Mariam
984 1108 1080 1141 Maio-

346 1171 423 1200 rem,
443 1161 501 1193 sub
530 1161 651 1193 annulo
679 1160 865 1200 piscatoris,
892 1160 943 1193 die
967 1171 985 1193 x
1010 1161 1079 1193 iulii

344 1224 492 1253 iunctm,
511 1213 720 1257 pontificatus
738 1214 842 1246 nostri
864 1224 950 1246 anno
977 1225 1012 1247 11.

379 1275 441 1301 Dat.
458 1275 501 1301 die
521 1276 551 1302 10
566 1275 624 1301 iulii
643 1276 720 1308 1671,
738 1275 837 1310 pontis.
854 1283 926 1301 anno
942 1282 970 1302 n.

650 1417 767 1450 LXXII.

342 1495 513 1528 Indultum
535 1507 594 1539 pro
620 1497 873 1539 Conqreyatione
902 1497 1078 1537 Missiom's,

387 1553 423 1581 ul
457 1549 552 1581 illius
584 1550 765 1592 presbytcri
800 1550 944 1581 aliorum
976 1550 1080 1592 ipsius

389 1602 654 1645 Conyreqationis
685 1603 747 1634 iter
775 1613 848 1634 cum
872 1603 952 1645 ipsis
984 1614 1080 1645 (toen-

388 1655 471 1687 lium
495 1656 704 1698 confessiones
733 1655 849 1687 audire
881 1657 1017 1697 possint,
1052 1660 1080 1688 el

386 1708 534 1750 superior
550 1708 710 1750 yenerolis
730 1708 764 1740 in
777 1708 918 1749 siliquiis
934 1709 1080 1742 domibus

388 1760 543 1802 deputare
567 1760 673 1792 valeat
697 1761 915 1802 confessarios,
940 1771 1012 1793 cum
1029 1763 1078 1803 fa-

386 1813 505 1845 cultate
528 1813 698 1856 aperiendi
719 1813 844 1846 litteras
859 1814 1078 1847 Paenitentia-

385 1866 455 1897 riae
470 1864 703 1908 Apostolicae¹.

564 1945 697 1972 Clemens
724 1945 803 1978 Papa
821 1946 861 1978 X,

465 1991 501 2017 ad
522 1994 696 2024 perpetuam
716 1991 761 2017 rei
782 1991 963 2018 memoriam.

387 2060 565 2104 Apostolici
583 2061 737 2101 muneris,
756 2062 841 2104 quod
861 2061 1079 2095 inscrutabilis

343 2113 470 2146 divinae
495 2113 674 2155 sapientiae
703 2119 799 2156 atque
824 2114 1015 2147 clementiae
1034 2116 1079 2148 al-

343 2166 446 2198 titudo
471 2165 645 2198 humilitati
676 2171 804 2199 nostrae
830 2167 999 2210 imponere
1032 2168 1078 2199 di-

342 2224 438 2261 gnata
464 2223 521 2258 est,
541 2218 623 2250 ratio
649 2229 706 2251 nos
731 2219 894 2259 admonet,
919 2225 952 2251 ut
972 2226 1079 2262 pater-

341 2283 413 2304 nam
428 2271 718 2314 congregationum
732 2273 874 2305 virorum
889 2273 920 2304 in
936 2273 1077 2306 Ecclesia

341 2324 394 2357 Dei
418 2324 534 2356 uberes
551 2324 713 2357 bonorum
732 2335 870 2368 operum
886 2326 1005 2358 fructus
1024 2327 1078 2359 ad-

340 2377 485 2420 spirante
510 2377 642 2420 superni
661 2378 777 2411 favoris
795 2379 913 2411 auxilio
931 2380 1077 2422 proferre

340 2429 458 2471 iugiter
474 2429 699 2471 satagentium,
719 2440 827 2463 curam
844 2431 999 2474 peculiari
1017 2437 1078 2464 stu-

340 2482 392 2514 dio
419 2487 578 2523 gerentes,
598 2483 680 2521 illas,
696 2494 759 2525 quo
775 2484 948 2516 laudabilia
967 2495 1077 2517 earum

341 2534 487 2567 instituta
511 2545 582 2567 cum
606 2536 721 2568 maiori
746 2536 908 2580 spirituali
933 2539 1078 2571 consola-

380 2650 390 2675 1
414 2647 487 2674 Nunc
507 2649 622 2683 primum
642 2648 723 2676 edita.

1759 266 1822 301 931)

1127 320 1213 352 tione
1240 319 1449 365 uberiorique
1468 321 1645 355 animarum
1666 323 1766 356 frua-tu
1787 336 1860 368 pro-

1127 372 1216 414 -equi
1252 374 1398 414 valeant,
1425 374 1611 417 apostolicis
1646 376 1804 410 favoribus
1830 384 1862 410 et

1126 425 1234 467 gratiis
1260 427 1462 460 decoremus.

1169 479 1183 520 ξ
1208 480 1237 511 l.
1266 479 1387 522 Exponi
1425 480 1584 524 siquidem
1626 481 1717 514 nobis
1757 492 1861 525 nupt-r

1121 531 1201 563 tecit
1218 532 1355 565 dilectus
1374 532 1456 566 silius
1481 534 1621 566 Renatus
1640 536 1796 572 ΑΙιῃοι-ῑις,
1811 547 1861 566 sni-

1127 584 1234 625 perior
1265 585 1424 626 generalis
1448 585 1714 629 Congregationis
1739 587 1861 619 Missio-

1126 635 1384 679 11iS,qtio‹l,‹·1un
1413 638 1479 681 ipse
1505 639 1689 671 sacerdotes
1715 639 1860 681 aliosque

1126 687 1227 721 dictae
1245 689 1510 732 Congregationis
1529 690 1716 723 missionum
1739 692 1862 723 obeun-

1127 740 1237 773 darum
1266 742 1400 784 aliisque
1420 743 1457 774 de
1484 743 1588 775 causis
1613 744 1644 775 in
1670 744 1771 775 varias
1788 755 1862 787 par-

1127 797 1172 825 tes
1199 804 1233 825 ex
1261 794 1355 826 officii
1381 795 1428 826 sui
1449 796 1557 828 debito
1575 796 1690 835 mittat,
1712 796 1863 839 frequen-

1127 850 1175 877 ter
1200 846 1358 887 contingit
1377 851 1406 877 ut
1426 846 1471 880 illi
1491 858 1550 890 per
1568 847 1732 880 dioeceses
1759 854 1862 880 tran<-

1126 902 1208 937 eanl,
1227 897 1259 930 in
1278 899 1393 941 quibus
1418 900 1456 931 ad
1482 900 1701 932 consessiones
1728 901 1862 933 audieu-

1126 949 1181 982 das
1203 952 1374 994 approbati
1400 963 1464 985 non
1491 958 1576 993 sunt,
1591 959 1622 986 et
1638 954 1777 996 proinde
1795 965 1861 986 non

1124 1004 1243 1035 audent
1267 1004 1326 1036 sibi
1353 1004 1488 1037 invicem
1521 1011 1653 1048 peccata
1679 1017 1732 1038 sua
1759 1018 1863 1039 sacra-

1124 1056 1308 1088 mentaliter
1333 1056 1490 1098 confiteri,
1513 1058 1637 1091 tametsi
1663 1059 1752 1091 multi
1774 1060 1863 1092 theo-

1125 1109 1189 1151 logi
1216 1109 1398 1142 existiment
1416 1111 1447 1143 id
1466 1111 1512 1143 eis
1538 1111 1637 1144 licere
1654 1111 1764 1154 vigore
1787 1122 1863 1154 qua-

1124 1162 1270 1194 rumdam
1301 1163 1401 1195 felicis
1430 1163 1665 1196 recordationis
1690 1165 1862 1196 Alexandri

1124 1214 1228 1257 Papae
1243 1215 1293 1247 vll
1306 1216 1570 1258 praedecessoris
1589 1217 1689 1249 nostri
1714 1217 1745 1249 in
1761 1217 1857 1249 simili

1125 1268 1225 1300 forma
1244 1268 1353 1300 Brevis
1380 1268 1574 1309 litterarum,
1591 1280 1649 1312 per
1674 1280 1754 1312 quas
1781 1281 1798 1301 a
1815 1269 1862 1301 iu-

1125 1319 1314 1352 risdictione
1339 1320 1592 1361 Ordinariormn,
1612 1321 1644 1353 in
1663 1322 1701 1354 iis
1717 1332 1799 1365 quae
1821 1323 1860 1354 ad

1125 1371 1328 1415 disciplinam
1356 1373 1563 1406 domesticam
1597 1380 1764 1417 spectant,
1797 1375 1862 1407 exi-

1124 1430 1277 1457 muntur:
1300 1437 1396 1468 quam
1422 1432 1529 1459 tamen
1547 1427 1747 1470 opinionem,
1766 1428 1861 1459 abun-

1124 1477 1282 1510 dantioris
1315 1480 1459 1512 cautelae
1497 1479 1608 1522 gratia,
1634 1480 1724 1522 sequi
1752 1480 1862 1513 haete-

1124 1542 1183 1562 nus
1209 1532 1395 1571 noluerunt,
1413 1533 1467 1564 sed
1486 1532 1518 1564 in
1536 1533 1695 1565 eiusmodi
1717 1533 1862 1565 occasio-

1123 1583 1217 1615 nibus
1242 1588 1372 1626 peccata
1395 1595 1453 1616 sua
1482 1584 1686 1617 confessariis
1719 1585 1750 1616 iu
1782 1585 1860 1617 locis

1124 1647 1183 1679 per
1207 1646 1289 1679 quae
1310 1636 1488 1668 transibant
1508 1637 1693 1680 approbatis
1723 1638 1859 1671 confessi

1123 1694 1207 1720 sunt.

1167 1742 1222 1785 §CL
1242 1741 1320 1775 Cum
1336 1747 1442 1775 autem
1461 1743 1551 1783 sicut,
1568 1743 1680 1776 eadem
1700 1744 1859 1786 expositio

1124 1795 1353 1837 subiungebat,
1376 1796 1573 1839 presbyteris
1599 1796 1736 1838 aliisque
1765 1808 1858 1839 prae-

1123 1847 1195 1880 fatis
1221 1859 1287 1881 non
1313 1850 1416 1881 solum
1442 1849 1650 1887 commodius,
1677 1849 1733 1881 sed
1764 1850 1859 1882 etiam

1123 1911 1237 1933 eorum
1262 1901 1428 1934 animabus
1455 1901 1562 1934 utilius
1589 1902 1731 1934 futurum
1763 1901 1814 1942 sit,
1833 1902 1860 1934 si

1124 1953 1155 1986 in
1180 1953 1296 1987 itinere
1322 1954 1471 1997 personis
1497 1965 1555 1997 per
1579 1964 1692 1987 corum
1718 1955 1861 1998 superio-

1123 2017 1174 2039 res
1199 2006 1359 2049 deputatis
1377 2017 1412 2038 ac
1430 2006 1568 2039 instituti
1596 2007 1759 2050 praefatae
1777 2006 1860 2040 Con-

1123 2060 1316 2102 gregationis
1336 2060 1450 2103 peritis
1476 2064 1608 2103 peecata
1633 2070 1688 2092 sua
1711 2060 1858 2093 confiteri

1123 2115 1265 2153 valeant,

1165 2167 1180 2208 g
1204 2165 1235 2198 3.
1262 2165 1298 2198 Et
1321 2176 1479 2209 persaepe
1505 2167 1632 2199 eveniat
1666 2172 1702 2198 ut
1726 2167 1758 2199 in
1785 2168 1859 2200 mis-

1122 2218 1270 2251 sionibus
1302 2218 1436 2261 aliisque
1472 2218 1708 2259 functionibus,
1739 2220 1857 2263 quibus

1122 2271 1302 2314 presbyteri
1315 2271 1584 2314 Congregationis
1596 2273 1759 2315 praefatae
1773 2273 1859 2305 iuxta

1123 2335 1234 2357 eorum
1261 2324 1441 2357 institutum
1466 2324 1678 2365 incumbunt,
1711 2325 1757 2358 eis
1783 2326 1860 2359 0111)-

1123 2384 1234 2410 rantur
1248 2389 1353 2418 casus,
1372 2378 1404 2409 in
1423 2378 1538 2421 quibus
1563 2383 1712 2422 oporteat
1736 2379 1859 2412 litteras

1123 2430 1424 2463 aPoenitentiariae
1451 2431 1655 2473 Apostolicae
1682 2431 1786 2464 officio
1806 2432 1861 2464 ob-

1124 2484 1248 2524 tinere,
1281 2485 1440 2517 eiusmodi
1474 2495 1549 2517 vero
1576 2485 1704 2517 litterae
1730 2485 1860 2518 inutiles

1122 2538 1285 2570 interdum
1309 2542 1512 2578 remaneant,
1532 2543 1667 2580 propter
1696 2538 1858 2570 desectum

1121 2600 1344 2633 personarum,
1372 2601 1455 2633 quae
1480 2591 1552 2623 illas
1577 2591 1703 2633 aperire
1728 2596 1759 2623 et
1785 2601 1858 2624 exe-

1123 2643 1243 2676 cutioni
1268 2644 1423 2677 mandare
1449 2645 1585 2684 valeant,
1613 2655 1672 2677 nec
1698 2644 1855 2679 eiusmodi

1870 277 1917 303 Αη,
1936 277 1962 303 (ἶ,
1988 277 2048 305 1671

1897 495 2013 519 Eme-itio,

1897 1762 1983 1783 Mnuva,

1909 2182 2000 2203 Alterum
2026 2184 2051 2203 si-

1869 2208 1917 2229 mila
1933 2212 2038 2229 motu-uni.
