2279 3260
245 260 292 283 Au.
315 258 344 283 C.
371 256 435 282 1ίῖἾῦ

276 791 390 817 Expositis).

482 243 545 279 3³88

441 310 488 335 tus
515 309 541 334 et
570 302 629 336 alia
649 303 717 336 loca
735 301 893 346 regularia
911 301 949 333 ad
969 299 1176 342 omnipoten-

442 358 479 389 tis
499 357 552 389 liei
573 356 719 399 gloriam,
738 361 770 388 et
787 354 952 397 religionis
980 353 1175 397 piorumque

440 421 575 453 operum
601 410 845 447 incrementum,
879 412 973 449 atque
998 404 1176 437 animarum

440 464 575 494 salutem
607 462 727 505 ubique.
758 462 900 493 locorum
935 458 1016 500 erigi
1041 458 1175 494 valeant,

442 515 613 558 lropensis
638 514 751 546 studiis
772 511 983 549 intendimus,
1012 519 1047 542 ao
1070 513 1178 551 pasto—

443 568 517 600 ralis
543 567 638 600 oflicii
664 565 761 599 nostri
788 569 896 607 partes
922 563 1063 605 desuper
1080 561 1179 592 inter-

443 672 648 704 siderationis
680 671 798 703 trutina
831 667 1015 712 perpensis,
1044 665 1180 699 salubri-

445 731 491 757 ter
516 724 667 767 expedire
696 723 725 754 in
752 721 888 765 Domino
914 720 1122 753 arbitramur.

487 778 501 819 ξ
531 777 556 808 l.
580 775 703 818 Exponi
725 773 885 817 siquidem
903 772 998 805 nobis
1015 781 1118 814 nuper
1137 770 1180 802 se-

444 830 483 861 cit
512 829 646 861 dilectus
676 828 758 859 silius
788 825 976 858 Francis0us
994 825 1033 857 de
1050 823 1081 856 S.
1102 823 1181 855 Mar-

445 894 492 921 co,
512 887 702 925 procurator
719 879 880 922 generalis
899 878 1027 911 Ordinis
1049 878 1180 909 fratrum

446 936 717 968 Discalceatorum
758 937 1020 975 nuncupatorum
1048 931 1080 963 B.
1113 929 1178 961 Ma-

447 989 511 1021 riae
545 989 583 1021 de
616 987 761 1019 Mercede
799 984 1045 1028 Redemptionis
1078 982 1182 1025 Capti-

447 1053 578 1081 vorum,
605 1041 691 1084 quod
725 1040 821 1082 (cum
857 1039 977 1071 dudum
1004 1036 1104 1069 felicis
1135 1046 1184 1068 re-

446 1093 645 1127 cordationis
669 1093 785 1125 Paulus
810 1092 870 1124 ΡΙ).
897 1090 920 1121 V
951 1089 1184 1133 praedecessor

447 1153 558 1180 noster
583 1145 804 1189 superioribus
827 1149 857 1177 ct
877 1142 1039 1185 religiosis
1057 1139 1184 1174 Ordinis

448 1202 580 1233 fratrum
601 1199 746 1232 eiusdem
771 1198 886 1230 Beatae.
911 1195 1029 1228 Mariae
1047 1193 1186 1236 Virginis

449 1254 487 1287 de
510 1253 616 1285 Monte
642 1251 789 1285 Carmelo
814 1250 1084 1282 Discalceatorum
1109 1257 1187 1279 nun-

449 1311 652 1350 cupatorum,
671 1302 719 1336 ut¹
743 1303 861 1346 ubique
883 1303 1029 1334 locorum
1051 1300 1188 1344 quilibet

449 1361 482 1392 in
517 1358 661 1391 districtu
695 1367 752 1389 suo
790 1356 902 1388 domos
927 1360 958 1387 et
981 1352 1210 1391 monasteria„

450 1413 536 1444 iuxta
554 1410 687 1444 Concilii
706 1408 884 1442 Tridentini
905 1409 1045 1446 decreta,
1061 1407 1099 1439 de
1120 1407 1188 1438 sola

451 1465 579 1497 licentia
618 1462 883 1500 Ordinariorum,
925 1462 1014 1493 nullo
1055 1460 1189 1492 aliarum

450 1528 663 1562 personarum
690 1514 829 1547 cuiusvis
856 1514 984 1547 Ordinis
1019 1513 1114 1545 etiam
1140 1523 1190 1544 re-

451 1571 612 1614 gularium
631 1568 786 1612 requisito
816 1578 997 1604 consensu,
1030 1567 1189 1605 condere,

452 1625 586 1656 fundare
622 1628 651 1654 et
686 1621 810 1663 erigere
849 1621 1001 1660 valerent,
1028 1619 1191 1652 licentiam

452 1682 483 1709 et
511 1677 693 1709 facultatem
712 1672 910 1707 *auctoritate
933 1672 1110 1715 apostolica
1131 1671 1191 1703 sub

451 1729 548 1761 certis
583 1728 679 1761 modo
713 1732 743 1759 et
777 1727 880 1759 forma
913 1731 989 1758 tune
1020 1725 1191 1768 expressis,

452 1781 653 1814 concesserit
671 1792 677 1820 ·,
705 1785 737 1811 et.
761 1778 899 1811 subinde
918 1778 1111 1810 recolendae
1129 1787 1193 1810 me-

453 1835 574 1867 moriae
590 1833 762 1875 Gregorius
780 1832 864 1874 Papa
881 1831 941 1871 XV,
960 1831 1083 1874 pariter
1099 1841 1193 1874 prae-

454 1889 606 1921 decessor
630 1892 760 1925 noster,
786 1885 908 1917 eisdem
937 1884 1092 1917 fratribus
1125 1884 1194 1916 Dis-

455 1941 607 1974 ralceatis
622 1939 750 1973 Ordinis
768 1939 883 1972 Beatae
898 1938 1015 1970 Mariae.
1035 1938 1073 1970 de
1087 1938 1192 1970 Monte

455 1994 600 2027 Carmelo
623 1993 817 2034 illorumque
835 1991 1070 2034 superioribus,
1087 1996 1121 2022 ut
1138 1991 1194 2023 do-

455 2058 526 2079 mos
552 2051 581 2079 et
609 2045 806 2078 monasteria
832 2043 1042 2084 huiusmodi,
1069 2042 1193 2075 etiamsi

456 2100 511 2133 illa
536 2099 607 2132 aliis
634 2098 784 2131 domibus
810 2097 1013 2139 regularibus
1038 2096 1193 2129 Ordinum

456 2152 706 2185 Mendicantium
723 2151 823 2193 magis
843 2150 946 2183 vicina
970 2155 1078 2183 essent
1099 2160 1193 2193 quam

456 2206 488 2237 in
507 2204 684 2248 privilegiis
702 2204 765 2236 illis
783 2203 947 2235 concessis
960 2203 1194 2246 praescriptum

457 2264 513 2298 esty
530 2258 704 2291 dummodo
734 2262 840 2289 tamen
871 2266 1041 2299 expressus
1059 2256 1195 2289 Ordina-

456 2312 578 2344 1·ioru1·n
604 2312 749 2343 locorum
779 2309 816 2342 ad
843 2309 874 2341 id
900 2309 1069 2342 accederet
1087 2319 1196 2341 assen-

458 2375 520 2404 sus,
547 2364 681 2396 t'undare
707 2368 738 2395 et
762 2361 888 2405 erigere
903 2367 1038 2406 possent
1054 2362 1123 2405 pari
1143 2372 1195 2394 au-

458 2417 608 2449 ctoritate
625 2415 821 2455 indulserit;
841 2425 876 2447 ac
895 2415 1101 2457 postmodum
1122 2414 1194 2458 piae

459 2469 631 2502 memoriae
657 2468 805 2501 Clemens
831 2467 889 2499 ΡΙ).
912 2467 960 2507 lx,
983 2467 1079 2499 etiam
1105 2478 1196 2510 prae-

460 2527 611 2556 decessor
635 2526 755 2561 noster,
771 2521 893 2553 litteras
911 2520 999 2553 Pauli
1026 2526 1057 2553 et
1074 2520 1196 2563 Grego-

498 2638 506 2664 1
530 2636 596 2664 Male
616 2636 679 2663 edit.
702 2635 784 2662 Main.
806 2635 869 2670 legit
890 2638 916 2663 el
937 2643 984 2671 pro
1006 2638 1034 2662 ut
1056 2635 1093 2670 (n.
1111 2635 1159 2671 T.).

1022 251 1102 275 nitu.
1110 249 1202 273 inimi
1227 249 1309 274 1105ss
1314 250 1378 275 Nm!

1219 297 1254 329 rii
1287 298 1571 341 praedeeessorum
1607 299 1824 343 praefatorum
1859 307 1955 341 super

1220 351 1405 393 praemissis
1425 352 1601 394 respective
1622 357 1785 385 emanatas
1805 350 1955 394 apostoli-

1220 404 1254 434 ca
1276 403 1426 436 similiter
1451 405 1639 438 auctoritate
1661 403 1899 437 confirmaverit
1924 407 1956 436 et

1220 456 1458 497 approbaverit,
1486 461 1517 488 ct
1541 457 1628 496 alias,
1654 462 1752 500 prout
1785 457 1817 489 in
1855 456 1954 499 ipsius

1219 507 1393 541 Clementis
1406 510 1670 551 praedecessoris
1686 510 1801 543 litteris
1818 510 1956 552 desuper

1200 559 1251 603 25¹¹
1279 560 1377 593 simili
1405 561 1504 594 forma
1532 563 1640 595 Brevis
1671 563 1722 595 die
1752 573 1781 596 vi
1815 561 1956 595 octobris

442 621 609 663 ponimus,
637 618 739 655 sicuti,
756 617 906 649 omnibus
934 620 1077 647 maturae
1101 623 1179 646 cou-
1200 612 1201 641 i

1222 622 1385 646 iinciixvut
1411 613 1569 656 expeditis
1594 614 1726 646 uberius
1752 614 1954 653 continetur;

1223 664 1366 708 dictique
1397 666 1513 699 Paulus
1554 672 1584 699 ct
1616 666 1790 709 Gregorius
1823 667 1958 710 praede-

1223 727 1369 750 cessores
1396 718 1512 751 similia
1538 719 1708 762 privilcgia
1726 719 1873 751 fratribus
1890 719 1959 752 Dis—

1223 771 1372 803 calceatis
1402 771 1530 804 Ordinis
1563 772 1740 811 tlt-norum,
1774 782 1829 804 seu
1858 771 1959 804 sancti

1225 823 1384 856 Francisci
1411 824 1449 857 de
1463 824 1673 857 Observantia
1691 830 1958 867 nuncupatortun‚

1202 910 1204 916 s
1226 888 1284 919 per
1309 888 1381 909 suas
1409 878 1530 920 pariter
1555 879 1586 910 in
1613 879 1713 911 forma
1739 878 1850 910 Brevis
1871 878 1922 911 die
1942 888 1961 910 v

1225 930 1418 973 septembris
1438 941 1546 971 amovi,
1567 937 1598 963 ct
1615 931 1666 964 die
1684 942 1760 964 xxiii
1780 931 1962 963 decembris

1226 992 1342 1016 uncxxi
1361 984 1535 1027 respective
1558 984 1725 1027 expeditas
1745 984 1868 1016 litteras
1888 993 1963 1016 con-

1226 1036 1360 1069 cessisse
1399 1037 1631 1080 reperiantur)
1667 1037 1737 1080 ipse
1773 1037 1962 1069 Franciscus

1227 1095 1422 1131 procurator
1438 1090 1598 1131 generalis
1620 1090 1734 1127 Fratres
1761 1096 1822 1122 tam
1840 1089 1964 1123 Calcea-

1230 1147 1277 1175 tos
1294 1153 1387 1185 quam
1407 1142 1620 1175 Discalceatos
1647 1143 1721 1175 dicti
1743 1143 1871 1175 Ordinis
1890 1143 1965 1175 Bea-

1230 1200 1278 1227 tae
1296 1195 1413 1227 Mariae
1431 1196 1468 1227 de
1489 1196 1634 1228 Mercede
1650 1195 1894 1238 Redemptionis
1910 1195 1966 1228 Ca-

1229 1247 1389 1290 ptivorum
1414 1248 1637 1280 consimilibus
1658 1247 1835 1291 privilegiis
1852 1253 1884 1280 et
1900 1258 1966 1290 gra-

1231 1300 1282 1332 tiis
1315 1311 1350 1333 ex·
1385 1302 1492 1333 nostra
1529 1306 1560 1333 et
1594 1300 1688 1332 liuius
1720 1305 1849 1332 sauctae
1876 1300 1966 1333 Sedis

1231 1354 1430 1395 benignitate
1464 1354 1609 1387 decorari
1644 1364 1854 1397 summopere
1885 1353 1968 1386 desi-

1233 1406 1334 1438 derat.
1369 1406 1464 1445 Nam,
1490 1407 1634 1450 quamvis
1667 1407 1720 1438 hic
1749 1406 1834 1440 Ordo
1865 1407 1968 1439 omni-

1233 1460 1292 1491 bus
1319 1459 1497 1502 privilegiis
1526 1465 1557 1492 et
1583 1470 1609 1492 e*
1624 1460 1856 1503 emptionibus,
1885 1471 1966 1503 quae

1234 1511 1304 1544 aliis
1329 1512 1480 1544 omnibus
1504 1512 1679 1545 Ordinibus
1703 1519 1763 1545 tam
1786 1512 1968 1545 Mendican-

1235 1565 1311 1597 tium
1329 1576 1424 1608 quam
1446 1576 1509 1597 non
1539 1565 1788 1598 Mendicantium
1816 1576 1968 1598 concessa

1234 1623 1331 1657 sunt,
1358 1619 1468 1661 vigore
1495 1618 1712 1662 amplissimae
1746 1619 1969 1652 concessionis

1235 1671 1340 1703 eidem
1360 1671 1472 1704 Ordini
1502 1681 1519 1703 a
1546 1672 1638 1705 nobis
1656 1682 1714 1715 per
1729 1673 1885 1715 quasdam
1912 1683 1969 1705 no-

1235 1729 1317 1756 stras
1349 1723 1444 1756 etiam
1487 1724 1517 1757 in
1552 1725 1652 1757 forma
1695 1725 1803 1758 Brevis
1847 1725 1969 1758 litteras

1236 1777 1286 1810 dic
1304 1788 1346 1810 xn
1365 1778 1507 1810 octobris
1522 1788 1647 1811 noctxx
1667 1783 1831 1811 emanatas
1857 1778 1968 1818 sactae,

1236 1836 1267 1863 et
1292 1836 1531 1874 consequenter
1563 1831 1765 1866 facultatibus
1796 1831 1971 1875 praedictis

1236 1884 1384 1926 gaudeat,
1400 1885 1513 1917 fratres
1530 1890 1631 1917 tamen
1648 1884 1748 1928 ipsius
1762 1884 1889 1917 Ordinis
1906 1894 1972 1917 eas-

1236 1937 1310 1969 dem
1336 1936 1500 1970 facultates
1521 1937 1559 1969 ad
1580 1937 1703 1980 praxim
1729 1937 1888 1982 denducere
1914 1946 1971 1968 ne-

1237 1989 1383 2033 queant¹,
1407 1990 1527 2033 quippe
1554 1990 1607 2033 qui
1635 1990 1822 2022 authentico
1848 1989 1971 2021 littera-

1236 2053 1306 2075 rum
1324 2043 1571 2086 apostolicarum
1589 2053 1687 2086 super
1704 2042 1914 2075 concessione
1933 2042 1971 2074 sa-

1237 2096 1388 2128 cultatum
1408 2096 1594 2128 huiusmodi
1618 2089 1838 2139 expeditarum
1866 2106 1971 2128 exem-

1237 2149 1290 2191 plo
1305 2148 1448 2181 destituti
1464 2148 1681 2191 reperiantur.
1693 2148 1791 2181 Nobis
1800 2154 1973 2191 propterea

1237 2201 1397 2244 praefatus
1422 2201 1612 2234 Franciseus
1649 2207 1845 2245 procurator
1876 2211 1973 2244 gene-

1237 2254 1310 2286 ralis
1347 2254 1513 2287 humiliter
1551 2255 1728 2298 supplicari
1761 2254 1836 2287 fecit
1871 2260 1905 2287 ut
1939 2254 1972 2287 in

1236 2307 1424 2351 praemissis
1442 2313 1625 2351 opportune
1640 2308 1810 2351 providere
1828 2309 1867 2342 dc
1883 2308 1973 2342 beni-

1238 2361 1356 2404 gnitate
1374 2360 1550 2404 apostolica
1576 2361 1794 2404 dignaremur.

1281 2414 1295 2457 g
1320 2413 1350 2446 ⁶2.
1376 2413 1439 2447 Nos
1460 2414 1567 2456 igitur,
1588 2414 1687 2458 ipsius
1708 2415 1871 2449 Francisci
1896 2426 1971 2459 pro-

1238 2466 1393 2499 curatoris
1430 2467 1591 2509 generalis
1632 2468 1712 2500 votis
1752 2469 1784 2501 in
1818 2468 1973 2512 praemis-

1239 2521 1280 2553 sis
1306 2525 1460 2563 quantum
1487 2531 1556 2553 cum
1576 2521 1710 2555 Domino
1728 2533 1911 2566 possumus,
1931 2522 1973 2554 sa-

1276 2635 1285 2661 1
1310 2634 1400 2661 Potius
1420 2635 1478 2670 lege
1501 2639 1646 2671 malaeum!
1665 2637 1701 2671 (u.
1724 2637 1773 2673 T.).

1962 249 2008 275 Αη.
2028 248 2059 274 C.
2081 246 2149 274 ⁴875

2006 2424 2101 2445 Pontifex
2111 2425 2168 2445 dicia

1983 2452 2092 2476 privilegia
2116 2453 2169 2472 Pau·

1984 2478 1998 2498 ii
2016 2478 2029 2497 V
2048 2481 2065 2495 1¹!
2090 2477 2169 2501 Grego-

1984 2504 2009 2524 rii
2025 2504 2059 2523 ΧΥ
2076 2505 2110 2524 ext
2125 2504 2170 2524 mut

1985 2533 2047 2553 atium
2057 2531 2084 2550 ad
2095 2530 2168 2551 [mirus
