<?xml version="1.0" encoding="UTF-8"?>
<!DOCTYPE html PUBLIC "-//W3C//DTD XHTML 1.0 Transitional//EN"
    "http://www.w3.org/TR/xhtml1/DTD/xhtml1-transitional.dtd">
<html xmlns="http://www.w3.org/1999/xhtml" xml:lang="en" lang="en">
 <head>
  <title>
</title>
<meta http-equiv="Content-Type" content="text/html;charset=utf-8" />
  <meta name='ocr-system' content='tesseract 3.04.00' />
  <meta name='ocr-capabilities' content='ocr_page ocr_carea ocr_par ocr_line ocrx_word'/>
</head>
<body>
  <div class='ocr_page' id='page_1' title='image "./bullarumdiplomat18cath_0614.png"; bbox 0 0 2279 3260; ppageno 0'>
   <div class='ocr_carea' id='block_1_1' title="bbox 228 273 411 299">
    <p class='ocr_par' dir='ltr' id='par_1_1' title="bbox 228 273 411 299">
     <span class='ocr_line' id='line_1_1' title="bbox 228 273 411 299; baseline -0.005 0"><span class='ocrx_word' id='word_1_1' title='bbox 228 275 277 299; x_wconf 73' lang='lat' dir='ltr'>An.</span> <span class='ocrx_word' id='word_1_2' title='bbox 297 274 324 299; x_wconf 72' lang='grc' dir='ltr'>(ἶ,</span> <span class='ocrx_word' id='word_1_3' title='bbox 345 273 411 299; x_wconf 70' lang='grc'>1675</span> 
     </span>
    </p>
   </div>
   <div class='ocr_carea' id='block_1_2' title="bbox 456 264 519 297">
    <p class='ocr_par' dir='ltr' id='par_1_2' title="bbox 456 264 519 297">
     <span class='ocr_line' id='line_1_2' title="bbox 456 264 519 297; baseline 0.032 -2"><span class='ocrx_word' id='word_1_4' title='bbox 456 264 519 297; x_wconf 74' lang='lat'>576</span> 
     </span>
    </p>
   </div>
   <div class='ocr_carea' id='block_1_3' title="bbox 418 371 1160 993">
    <p class='ocr_par' dir='ltr' id='par_1_3' title="bbox 418 371 1160 993">
     <span class='ocr_line' id='line_1_3' title="bbox 419 371 1154 417; baseline -0.005 -11"><span class='ocrx_word' id='word_1_5' title='bbox 419 375 594 406; x_wconf 69' lang='lat' dir='ltr'>decanatus</span> <span class='ocrx_word' id='word_1_6' title='bbox 628 374 784 417; x_wconf 77' lang='lat' dir='ltr'>dignitate</span> <span class='ocrx_word' id='word_1_7' title='bbox 817 374 919 417; x_wconf 77' lang='lat' dir='ltr'>prima</span> <span class='ocrx_word' id='word_1_8' title='bbox 953 377 1022 415; x_wconf 79' lang='lat' dir='ltr'>post</span> <span class='ocrx_word' id='word_1_9' title='bbox 1048 371 1154 414; x_wconf 84' lang='lat' dir='ltr'>ponti-</span> 
     </span>
     <span class='ocr_line' id='line_1_4' title="bbox 419 425 1155 467; baseline -0.005 -9"><span class='ocrx_word' id='word_1_10' title='bbox 419 427 544 460; x_wconf 80' lang='lat' dir='ltr'>ficalem</span> <span class='ocrx_word' id='word_1_11' title='bbox 569 427 601 459; x_wconf 92' lang='lat' dir='ltr'>in</span> <span class='ocrx_word' id='word_1_12' title='bbox 624 427 760 460; x_wconf 77' lang='lat' dir='ltr'>ecclesia</span> <span class='ocrx_word' id='word_1_13' title='bbox 782 425 975 465; x_wconf 79' lang='lat' dir='ltr'>huiusmodi,</span> <span class='ocrx_word' id='word_1_14' title='bbox 1003 434 1059 467; x_wconf 88' lang='lat' dir='ltr'>per</span> <span class='ocrx_word' id='word_1_15' title='bbox 1084 434 1155 466; x_wconf 88' lang='lat' dir='ltr'>pro-</span> 
     </span>
     <span class='ocr_line' id='line_1_5' title="bbox 418 475 1155 512; baseline -0.007 0"><span class='ocrx_word' id='word_1_16' title='bbox 418 480 594 512; x_wconf 78' lang='lat' dir='ltr'>motionem</span> <span class='ocrx_word' id='word_1_17' title='bbox 620 480 723 512; x_wconf 83' lang='lat' dir='ltr'>bonae</span> <span class='ocrx_word' id='word_1_18' title='bbox 749 478 923 511; x_wconf 88' lang='lat' dir='ltr'>memoriae</span> <span class='ocrx_word' id='word_1_19' title='bbox 958 476 1086 509; x_wconf 90' lang='lat' dir='ltr'>loannis</span> <span class='ocrx_word' id='word_1_20' title='bbox 1110 475 1155 507; x_wconf 89' lang='lat' dir='ltr'>Ia-</span> 
     </span>
     <span class='ocr_line' id='line_1_6' title="bbox 420 529 1155 574; baseline -0.005 -9"><span class='ocrx_word' id='word_1_21' title='bbox 420 533 490 565; x_wconf 83' lang='lat' dir='ltr'>robi</span> <span class='ocrx_word' id='word_1_22' title='bbox 516 533 642 565; x_wconf 80' lang='lat' dir='ltr'>Fauclie</span> <span class='ocrx_word' id='word_1_23' title='bbox 669 533 707 565; x_wconf 88' lang='lat' dir='ltr'>de</span> <span class='ocrx_word' id='word_1_24' title='bbox 733 531 881 574; x_wconf 84' lang='lat' dir='ltr'>Domprel</span> <span class='ocrx_word' id='word_1_25' title='bbox 908 529 945 562; x_wconf 91' lang='lat' dir='ltr'>ad</span> <span class='ocrx_word' id='word_1_26' title='bbox 972 529 1088 562; x_wconf 85' lang='lat' dir='ltr'>dictam</span> <span class='ocrx_word' id='word_1_27' title='bbox 1106 539 1155 561; x_wconf 87' lang='lat' dir='ltr'>ec-</span> 
     </span>
     <span class='ocr_line' id='line_1_7' title="bbox 419 583 1156 627; baseline -0.008 -7"><span class='ocrx_word' id='word_1_28' title='bbox 419 587 549 619; x_wconf 81' lang='lat' dir='ltr'>clesiam</span> <span class='ocrx_word' id='word_1_29' title='bbox 568 586 766 619; x_wconf 79' lang='lat' dir='ltr'>Bisuntinam</span> <span class='ocrx_word' id='word_1_30' title='bbox 788 583 927 627; x_wconf 80' lang='lat' dir='ltr'>pastoris</span> <span class='ocrx_word' id='word_1_31' title='bbox 947 583 1062 615; x_wconf 85' lang='lat' dir='ltr'>solatio</span> <span class='ocrx_word' id='word_1_32' title='bbox 1082 587 1156 614; x_wconf 87' lang='lat' dir='ltr'>tunc</span> 
     </span>
     <span class='ocr_line' id='line_1_8' title="bbox 421 635 1156 671; baseline -0.005 0"><span class='ocrx_word' id='word_1_33' title='bbox 421 639 604 671; x_wconf 86' lang='lat' dir='ltr'>destitutam</span> <span class='ocrx_word' id='word_1_34' title='bbox 629 650 645 669; x_wconf 87' lang='lat' dir='ltr'>a</span> <span class='ocrx_word' id='word_1_35' title='bbox 680 637 779 670; x_wconf 84' lang='lat' dir='ltr'>felicis</span> <span class='ocrx_word' id='word_1_36' title='bbox 816 635 1050 668; x_wconf 85' lang='lat' dir='ltr'>recordationis</span> <span class='ocrx_word' id='word_1_37' title='bbox 1087 635 1156 668; x_wconf 80' lang='lat' dir='ltr'>Ale-</span> 
     </span>
     <span class='ocr_line' id='line_1_9' title="bbox 420 688 1156 733; baseline -0.007 -9"><span class='ocrx_word' id='word_1_38' title='bbox 420 692 542 724; x_wconf 85' lang='lat' dir='ltr'>xandro</span> <span class='ocrx_word' id='word_1_39' title='bbox 569 691 653 733; x_wconf 81' lang='lat' dir='ltr'>Papa</span> <span class='ocrx_word' id='word_1_40' title='bbox 678 690 724 721; x_wconf 76' lang='lat' dir='ltr'>Vll</span> <span class='ocrx_word' id='word_1_41' title='bbox 757 688 1011 731; x_wconf 64' lang='lat' dir='ltr'>praedecessore</span> <span class='ocrx_word' id='word_1_42' title='bbox 1044 693 1156 720; x_wconf 82' lang='lat' dir='ltr'>nostro</span> 
     </span>
     <span class='ocr_line' id='line_1_10' title="bbox 421 740 1157 784; baseline -0.007 -8"><span class='ocrx_word' id='word_1_43' title='bbox 421 745 545 783; x_wconf 79' lang='lat' dir='ltr'>saetam,</span> <span class='ocrx_word' id='word_1_44' title='bbox 565 748 704 781; x_wconf 82' lang='lat' dir='ltr'>vacante,</span> <span class='ocrx_word' id='word_1_45' title='bbox 725 746 753 774; x_wconf 85' lang='lat' dir='ltr'>et</span> <span class='ocrx_word' id='word_1_46' title='bbox 775 752 835 784; x_wconf 92' lang='lat' dir='ltr'>per</span> <span class='ocrx_word' id='word_1_47' title='bbox 853 741 1004 773; x_wconf 88' lang='lat' dir='ltr'>eumdem</span> <span class='ocrx_word' id='word_1_48' title='bbox 1022 740 1157 773; x_wconf 79' lang='lat' dir='ltr'>Alexan-</span> 
     </span>
     <span class='ocr_line' id='line_1_11' title="bbox 421 792 1157 838; baseline -0.007 -9"><span class='ocrx_word' id='word_1_49' title='bbox 421 798 512 829; x_wconf 88' lang='lat' dir='ltr'>drum</span> <span class='ocrx_word' id='word_1_50' title='bbox 538 796 827 838; x_wconf 68' lang='lat' dir='ltr'>praedecessorem</span> <span class='ocrx_word' id='word_1_51' title='bbox 854 804 927 826; x_wconf 90' lang='lat' dir='ltr'>suae</span> <span class='ocrx_word' id='word_1_52' title='bbox 953 792 1157 836; x_wconf 70' lang='lat' dir='ltr'>dispositioni</span> 
     </span>
     <span class='ocr_line' id='line_1_12' title="bbox 420 845 1159 893; baseline -0.007 -11"><span class='ocrx_word' id='word_1_53' title='bbox 420 848 608 893; x_wconf 73' lang='lat' dir='ltr'>specialiter</span> <span class='ocrx_word' id='word_1_54' title='bbox 632 848 801 887; x_wconf 76' lang='lat' dir='ltr'>reservata,</span> <span class='ocrx_word' id='word_1_55' title='bbox 829 852 941 879; x_wconf 86' lang='lat' dir='ltr'>contra</span> <span class='ocrx_word' id='word_1_56' title='bbox 966 846 1067 889; x_wconf 89' lang='lat' dir='ltr'>ipsius</span> <span class='ocrx_word' id='word_1_57' title='bbox 1086 845 1159 891; x_wconf 80' lang='lat' dir='ltr'>Ale-</span> 
     </span>
     <span class='ocr_line' id='line_1_13' title="bbox 421 898 1159 943; baseline -0.004 -10"><span class='ocrx_word' id='word_1_58' title='bbox 421 900 532 933; x_wconf 86' lang='lat' dir='ltr'>xandri</span> <span class='ocrx_word' id='word_1_59' title='bbox 568 899 828 943; x_wconf 71' lang='lat' dir='ltr'>praedecessoris</span> <span class='ocrx_word' id='word_1_60' title='bbox 866 899 1016 931; x_wconf 86' lang='lat' dir='ltr'>mandata</span> <span class='ocrx_word' id='word_1_61' title='bbox 1041 898 1086 931; x_wconf 89' lang='lat' dir='ltr'>eis</span> <span class='ocrx_word' id='word_1_62' title='bbox 1112 898 1159 930; x_wconf 90' lang='lat' dir='ltr'>in-</span> 
     </span>
     <span class='ocr_line' id='line_1_14' title="bbox 421 951 1160 993; baseline -0.005 -7"><span class='ocrx_word' id='word_1_63' title='bbox 421 954 542 993; x_wconf 79' lang='lat' dir='ltr'>timata,</span> <span class='ocrx_word' id='word_1_64' title='bbox 570 952 779 985; x_wconf 86' lang='lat' dir='ltr'>Guillelmum</span> <span class='ocrx_word' id='word_1_65' title='bbox 797 951 1010 984; x_wconf 87' lang='lat' dir='ltr'>Ilumbertnm</span> <span class='ocrx_word' id='word_1_66' title='bbox 1030 962 1047 983; x_wconf 90' lang='lat' dir='ltr'>a</span> <span class='ocrx_word' id='word_1_67' title='bbox 1066 951 1160 983; x_wconf 84' lang='lat' dir='ltr'>Prae-</span> 
     </span>
    </p>
   </div>
   <div class='ocr_carea' id='block_1_4' title="bbox 420 1003 1172 1050">
    <p class='ocr_par' dir='ltr' id='par_1_4' title="bbox 420 1003 1172 1050">
     <span class='ocr_line' id='line_1_15' title="bbox 420 1003 1172 1050; baseline -0.004 -12"><span class='ocrx_word' id='word_1_68' title='bbox 420 1007 549 1050; x_wconf 80' lang='lat' dir='ltr'>eipiano</span> <span class='ocrx_word' id='word_1_69' title='bbox 575 1005 607 1038; x_wconf 92' lang='lat' dir='ltr'>in</span> <span class='ocrx_word' id='word_1_70' title='bbox 634 1005 791 1038; x_wconf 87' lang='lat' dir='ltr'>decanum</span> <span class='ocrx_word' id='word_1_71' title='bbox 825 1004 969 1037; x_wconf 88' lang='lat' dir='ltr'>eiusdem</span> <span class='ocrx_word' id='word_1_72' title='bbox 1000 1003 1172 1036; x_wconf 81' lang='lat' dir='ltr'>eeclesiae</span> 
     </span>
    </p>
   </div>
   <div class='ocr_carea' id='block_1_5' title="bbox 420 1057 1168 2695">
    <p class='ocr_par' dir='ltr' id='par_1_5' title="bbox 420 1057 1168 2695">
     <span class='ocr_line' id='line_1_16' title="bbox 420 1057 1160 1100; baseline -0.004 -8"><span class='ocrx_word' id='word_1_73' title='bbox 420 1060 554 1092; x_wconf 88' lang='lat' dir='ltr'>nulliter</span> <span class='ocrx_word' id='word_1_74' title='bbox 579 1069 615 1091; x_wconf 87' lang='lat' dir='ltr'>ae</span> <span class='ocrx_word' id='word_1_75' title='bbox 641 1058 814 1091; x_wconf 78' lang='lat' dir='ltr'>temerarie</span> <span class='ocrx_word' id='word_1_76' title='bbox 840 1057 979 1100; x_wconf 82' lang='lat' dir='ltr'>eligere,</span> <span class='ocrx_word' id='word_1_77' title='bbox 1012 1062 1044 1090; x_wconf 89' lang='lat' dir='ltr'>et</span> <span class='ocrx_word' id='word_1_78' title='bbox 1068 1057 1160 1089; x_wconf 90' lang='lat' dir='ltr'>illum</span> 
     </span>
     <span class='ocr_line' id='line_1_17' title="bbox 420 1109 1161 1155; baseline -0.004 -11"><span class='ocrx_word' id='word_1_79' title='bbox 420 1112 452 1144; x_wconf 92' lang='lat' dir='ltr'>in</span> <span class='ocrx_word' id='word_1_80' title='bbox 487 1111 728 1155; x_wconf 88' lang='lat' dir='ltr'>possessionem</span> <span class='ocrx_word' id='word_1_81' title='bbox 764 1110 939 1143; x_wconf 84' lang='lat' dir='ltr'>decanatus</span> <span class='ocrx_word' id='word_1_82' title='bbox 975 1109 1161 1142; x_wconf 86' lang='lat' dir='ltr'>huiusmodi</span> 
     </span>
     <span class='ocr_line' id='line_1_18' title="bbox 422 1162 1160 1208; baseline -0.003 -11"><span class='ocrx_word' id='word_1_83' title='bbox 422 1165 598 1205; x_wconf 80' lang='lat' dir='ltr'>intrudere,</span> <span class='ocrx_word' id='word_1_84' title='bbox 625 1163 770 1208; x_wconf 85' lang='lat' dir='ltr'>aliosque</span> <span class='ocrx_word' id='word_1_85' title='bbox 792 1173 941 1197; x_wconf 84' lang='lat' dir='ltr'>excessus</span> <span class='ocrx_word' id='word_1_86' title='bbox 958 1162 1160 1195; x_wconf 87' lang='lat' dir='ltr'>committere</span> 
     </span>
     <span class='ocr_line' id='line_1_19' title="bbox 422 1216 1160 1259; baseline -0.003 -9"><span class='ocrx_word' id='word_1_87' title='bbox 422 1218 489 1251; x_wconf 79' lang='lat' dir='ltr'>ausi</span> <span class='ocrx_word' id='word_1_88' title='bbox 515 1217 663 1257; x_wconf 78' lang='lat' dir='ltr'>fuerant,</span> <span class='ocrx_word' id='word_1_89' title='bbox 697 1219 799 1259; x_wconf 76' lang='lat' dir='ltr'>eaque</span> <span class='ocrx_word' id='word_1_90' title='bbox 833 1217 871 1249; x_wconf 90' lang='lat' dir='ltr'>de</span> <span class='ocrx_word' id='word_1_91' title='bbox 897 1217 994 1249; x_wconf 76' lang='lat' dir='ltr'>causa</span> <span class='ocrx_word' id='word_1_92' title='bbox 1025 1216 1065 1249; x_wconf 84' lang='lat' dir='ltr'>ab</span> <span class='ocrx_word' id='word_1_93' title='bbox 1089 1216 1160 1259; x_wconf 89' lang='lat' dir='ltr'>ipso</span> 
     </span>
     <span class='ocr_line' id='line_1_20' title="bbox 423 1269 1162 1313; baseline -0.004 -10"><span class='ocrx_word' id='word_1_94' title='bbox 423 1271 604 1304; x_wconf 77' lang='lat' dir='ltr'>Alexandro</span> <span class='ocrx_word' id='word_1_95' title='bbox 636 1270 886 1313; x_wconf 79' lang='lat' dir='ltr'>praedecessore</span> <span class='ocrx_word' id='word_1_96' title='bbox 912 1279 971 1312; x_wconf 89' lang='lat' dir='ltr'>per</span> <span class='ocrx_word' id='word_1_97' title='bbox 1007 1269 1162 1312; x_wconf 87' lang='lat' dir='ltr'>quasdam</span> 
     </span>
     <span class='ocr_line' id='line_1_21' title="bbox 422 1322 1161 1366; baseline -0.003 -10"><span class='ocrx_word' id='word_1_98' title='bbox 422 1334 493 1356; x_wconf 87' lang='lat' dir='ltr'>suas</span> <span class='ocrx_word' id='word_1_99' title='bbox 530 1322 651 1366; x_wconf 88' lang='lat' dir='ltr'>pariter</span> <span class='ocrx_word' id='word_1_100' title='bbox 686 1322 852 1355; x_wconf 76' lang='lat' dir='ltr'>informa</span> <span class='ocrx_word' id='word_1_101' title='bbox 891 1322 1001 1355; x_wconf 87' lang='lat' dir='ltr'>Brevis</span> <span class='ocrx_word' id='word_1_102' title='bbox 1038 1322 1161 1355; x_wconf 73' lang='lat' dir='ltr'>litteras</span> 
     </span>
     <span class='ocr_line' id='line_1_22' title="bbox 423 1375 1163 1419; baseline -0.003 -9"><span class='ocrx_word' id='word_1_103' title='bbox 423 1377 556 1410; x_wconf 77' lang='lat' dir='ltr'>(liversis</span> <span class='ocrx_word' id='word_1_104' title='bbox 583 1375 729 1410; x_wconf 84' lang='lat' dir='ltr'>censuris</span> <span class='ocrx_word' id='word_1_105' title='bbox 748 1381 779 1409; x_wconf 88' lang='lat' dir='ltr'>et</span> <span class='ocrx_word' id='word_1_106' title='bbox 796 1376 909 1419; x_wconf 89' lang='lat' dir='ltr'>poenis</span> <span class='ocrx_word' id='word_1_107' title='bbox 934 1375 1163 1409; x_wconf 85' lang='lat' dir='ltr'>ecclesiasticis</span> 
     </span>
     <span class='ocr_line' id='line_1_23' title="bbox 423 1429 1163 1473; baseline -0.003 -9"><span class='ocrx_word' id='word_1_108' title='bbox 423 1429 582 1470; x_wconf 87' lang='lat' dir='ltr'>innodati,</span> <span class='ocrx_word' id='word_1_109' title='bbox 608 1429 750 1473; x_wconf 81' lang='lat' dir='ltr'>dictique</span> <span class='ocrx_word' id='word_1_110' title='bbox 774 1429 950 1462; x_wconf 74' lang='lat' dir='ltr'>Alexandri</span> <span class='ocrx_word' id='word_1_111' title='bbox 975 1429 1163 1472; x_wconf 87' lang='lat' dir='ltr'>praedeces-</span> 
     </span>
     <span class='ocr_line' id='line_1_24' title="bbox 423 1482 1163 1525; baseline -0.004 -8"><span class='ocrx_word' id='word_1_112' title='bbox 423 1484 505 1517; x_wconf 87' lang='lat' dir='ltr'>soris</span> <span class='ocrx_word' id='word_1_113' title='bbox 531 1483 619 1515; x_wconf 88' lang='lat' dir='ltr'>iussu</span> <span class='ocrx_word' id='word_1_114' title='bbox 643 1482 772 1525; x_wconf 85' lang='lat' dir='ltr'>publice</span> <span class='ocrx_word' id='word_1_115' title='bbox 798 1482 995 1522; x_wconf 88' lang='lat' dir='ltr'>denunciati‚</span> <span class='ocrx_word' id='word_1_116' title='bbox 1022 1492 1082 1515; x_wconf 89' lang='lat' dir='ltr'>nec</span> <span class='ocrx_word' id='word_1_117' title='bbox 1105 1493 1163 1514; x_wconf 91' lang='lat' dir='ltr'>un-</span> 
     </span>
     <span class='ocr_line' id='line_1_25' title="bbox 425 1535 1162 1580; baseline -0.003 -11"><span class='ocrx_word' id='word_1_118' title='bbox 425 1547 520 1580; x_wconf 90' lang='lat' dir='ltr'>quam</span> <span class='ocrx_word' id='word_1_119' title='bbox 545 1547 562 1568; x_wconf 88' lang='lat' dir='ltr'>a</span> <span class='ocrx_word' id='word_1_120' title='bbox 586 1535 731 1568; x_wconf 86' lang='lat' dir='ltr'>censuris</span> <span class='ocrx_word' id='word_1_121' title='bbox 769 1540 802 1568; x_wconf 89' lang='lat' dir='ltr'>et</span> <span class='ocrx_word' id='word_1_122' title='bbox 825 1535 940 1578; x_wconf 89' lang='lat' dir='ltr'>poenis</span> <span class='ocrx_word' id='word_1_123' title='bbox 976 1535 1162 1568; x_wconf 82' lang='lat' dir='ltr'>huiusmodi</span> 
     </span>
     <span class='ocr_line' id='line_1_26' title="bbox 425 1587 1165 1628; baseline -0.003 -6"><span class='ocrx_word' id='word_1_124' title='bbox 425 1588 581 1622; x_wconf 77' lang='lat' dir='ltr'>canonice</span> <span class='ocrx_word' id='word_1_125' title='bbox 607 1587 765 1628; x_wconf 87' lang='lat' dir='ltr'>absoluti,</span> <span class='ocrx_word' id='word_1_126' title='bbox 791 1588 847 1620; x_wconf 86' lang='lat' dir='ltr'>sed</span> <span class='ocrx_word' id='word_1_127' title='bbox 874 1587 937 1620; x_wconf 86' lang='lat' dir='ltr'>illis</span> <span class='ocrx_word' id='word_1_128' title='bbox 966 1587 1073 1620; x_wconf 87' lang='lat' dir='ltr'>adhuc</span> <span class='ocrx_word' id='word_1_129' title='bbox 1095 1587 1165 1620; x_wconf 88' lang='lat' dir='ltr'>illa-</span> 
     </span>
     <span class='ocr_line' id='line_1_27' title="bbox 426 1640 1164 1685; baseline -0.003 -11"><span class='ocrx_word' id='word_1_130' title='bbox 426 1641 535 1685; x_wconf 86' lang='lat' dir='ltr'>queati</span> <span class='ocrx_word' id='word_1_131' title='bbox 552 1640 810 1684; x_wconf 76' lang='lat' dir='ltr'>reperiebantur,</span> <span class='ocrx_word' id='word_1_132' title='bbox 827 1642 948 1673; x_wconf 80' lang='lat' dir='ltr'>attenta</span> <span class='ocrx_word' id='word_1_133' title='bbox 965 1651 1075 1673; x_wconf 86' lang='lat' dir='ltr'>eorum</span> <span class='ocrx_word' id='word_1_134' title='bbox 1092 1650 1164 1683; x_wconf 91' lang='lat' dir='ltr'>per-</span> 
     </span>
     <span class='ocr_line' id='line_1_28' title="bbox 426 1693 1162 1736; baseline -0.001 -9"><span class='ocrx_word' id='word_1_135' title='bbox 426 1694 572 1727; x_wconf 76' lang='lat' dir='ltr'>sistentia</span> <span class='ocrx_word' id='word_1_136' title='bbox 597 1694 636 1727; x_wconf 91' lang='lat' dir='ltr'>de</span> <span class='ocrx_word' id='word_1_137' title='bbox 662 1693 747 1726; x_wconf 76' lang='lat' dir='ltr'>dicta</span> <span class='ocrx_word' id='word_1_138' title='bbox 772 1693 931 1727; x_wconf 82' lang='lat' dir='ltr'>electione</span> <span class='ocrx_word' id='word_1_139' title='bbox 956 1693 1001 1726; x_wconf 85' lang='lat' dir='ltr'>sic</span> <span class='ocrx_word' id='word_1_140' title='bbox 1025 1704 1083 1736; x_wconf 85' lang='lat' dir='ltr'>per</span> <span class='ocrx_word' id='word_1_141' title='bbox 1108 1703 1162 1726; x_wconf 89' lang='lat' dir='ltr'>eos</span> 
     </span>
     <span class='ocr_line' id='line_1_29' title="bbox 427 1747 1165 1791; baseline -0.001 -11"><span class='ocrx_word' id='word_1_142' title='bbox 427 1747 597 1781; x_wconf 85' lang='lat' dir='ltr'>temerarie</span> <span class='ocrx_word' id='word_1_143' title='bbox 624 1747 715 1787; x_wconf 77' lang='lat' dir='ltr'>sacta,</span> <span class='ocrx_word' id='word_1_144' title='bbox 742 1758 839 1791; x_wconf 86' lang='lat' dir='ltr'>quam</span> <span class='ocrx_word' id='word_1_145' title='bbox 864 1747 908 1779; x_wconf 87' lang='lat' dir='ltr'>uti</span> <span class='ocrx_word' id='word_1_146' title='bbox 934 1758 951 1779; x_wconf 85' lang='lat' dir='ltr'>a</span> <span class='ocrx_word' id='word_1_147' title='bbox 974 1747 1056 1780; x_wconf 86' lang='lat' dir='ltr'>Sede</span> <span class='ocrx_word' id='word_1_148' title='bbox 1081 1747 1165 1790; x_wconf 85' lang='lat' dir='ltr'>Apo-</span> 
     </span>
     <span class='ocr_line' id='line_1_30' title="bbox 427 1800 1165 1833; baseline -0.001 0"><span class='ocrx_word' id='word_1_149' title='bbox 427 1801 541 1833; x_wconf 76' lang='lat' dir='ltr'>stolica</span> <span class='ocrx_word' id='word_1_150' title='bbox 566 1801 750 1833; x_wconf 84' lang='lat' dir='ltr'>damnatam</span> <span class='ocrx_word' id='word_1_151' title='bbox 776 1800 1004 1833; x_wconf 86' lang='lat' dir='ltr'>damnaverant</span> <span class='ocrx_word' id='word_1_152' title='bbox 1021 1804 1052 1833; x_wconf 89' lang='lat' dir='ltr'>et</span> <span class='ocrx_word' id='word_1_153' title='bbox 1077 1800 1165 1833; x_wconf 87' lang='lat' dir='ltr'>dam-</span> 
     </span>
     <span class='ocr_line' id='line_1_31' title="bbox 426 1853 1165 1897; baseline -0.001 -11"><span class='ocrx_word' id='word_1_154' title='bbox 426 1853 558 1894; x_wconf 84' lang='lat' dir='ltr'>nabant,</span> <span class='ocrx_word' id='word_1_155' title='bbox 587 1858 616 1886; x_wconf 86' lang='lat' dir='ltr'>et</span> <span class='ocrx_word' id='word_1_156' title='bbox 641 1857 796 1896; x_wconf 89' lang='lat' dir='ltr'>quantum</span> <span class='ocrx_word' id='word_1_157' title='bbox 821 1853 853 1885; x_wconf 91' lang='lat' dir='ltr'>in</span> <span class='ocrx_word' id='word_1_158' title='bbox 878 1853 959 1897; x_wconf 86' lang='lat' dir='ltr'>ipsis</span> <span class='ocrx_word' id='word_1_159' title='bbox 978 1858 1047 1886; x_wconf 88' lang='lat' dir='ltr'>erat</span> <span class='ocrx_word' id='word_1_160' title='bbox 1064 1858 1165 1886; x_wconf 83' lang='lat' dir='ltr'>retra-</span> 
     </span>
     <span class='ocr_line' id='line_1_32' title="bbox 428 1905 1163 1945; baseline -0.001 -6"><span class='ocrx_word' id='word_1_161' title='bbox 428 1909 591 1939; x_wconf 88' lang='lat' dir='ltr'>ctaverant</span> <span class='ocrx_word' id='word_1_162' title='bbox 608 1911 638 1939; x_wconf 88' lang='lat' dir='ltr'>et</span> <span class='ocrx_word' id='word_1_163' title='bbox 651 1905 879 1945; x_wconf 83' lang='lat' dir='ltr'>retractabant,</span> <span class='ocrx_word' id='word_1_164' title='bbox 894 1916 966 1938; x_wconf 88' lang='lat' dir='ltr'>cum</span> <span class='ocrx_word' id='word_1_165' title='bbox 979 1905 1163 1939; x_wconf 87' lang='lat' dir='ltr'>iuramento</span> 
     </span>
     <span class='ocr_line' id='line_1_33' title="bbox 428 1958 1164 2003; baseline 0.001 -12"><span class='ocrx_word' id='word_1_166' title='bbox 428 1959 516 2003; x_wconf 89' lang='lat' dir='ltr'>quod</span> <span class='ocrx_word' id='word_1_167' title='bbox 534 1959 655 1991; x_wconf 88' lang='lat' dir='ltr'>dictum</span> <span class='ocrx_word' id='word_1_168' title='bbox 672 1958 879 1992; x_wconf 86' lang='lat' dir='ltr'>Guillelmum</span> <span class='ocrx_word' id='word_1_169' title='bbox 900 1958 1114 1992; x_wconf 85' lang='lat' dir='ltr'>Humhertum</span> <span class='ocrx_word' id='word_1_170' title='bbox 1131 1959 1164 1992; x_wconf 89' lang='lat' dir='ltr'>in</span> 
     </span>
     <span class='ocr_line' id='line_1_34' title="bbox 427 2011 1163 2055; baseline -0.001 -10"><span class='ocrx_word' id='word_1_171' title='bbox 427 2012 607 2055; x_wconf 83' lang='lat' dir='ltr'>legitimum</span> <span class='ocrx_word' id='word_1_172' title='bbox 633 2011 790 2043; x_wconf 85' lang='lat' dir='ltr'>decanum</span> <span class='ocrx_word' id='word_1_173' title='bbox 822 2022 988 2055; x_wconf 87' lang='lat' dir='ltr'>nunquam</span> <span class='ocrx_word' id='word_1_174' title='bbox 1013 2012 1163 2055; x_wconf 82' lang='lat' dir='ltr'>agnituri,</span> 
     </span>
     <span class='ocr_line' id='line_1_35' title="bbox 428 2064 1164 2108; baseline 0 -10"><span class='ocrx_word' id='word_1_175' title='bbox 428 2065 485 2098; x_wconf 91' lang='lat' dir='ltr'>sed</span> <span class='ocrx_word' id='word_1_176' title='bbox 509 2075 568 2108; x_wconf 87' lang='lat' dir='ltr'>pro</span> <span class='ocrx_word' id='word_1_177' title='bbox 595 2064 650 2097; x_wconf 89' lang='lat' dir='ltr'>tali</span> <span class='ocrx_word' id='word_1_178' title='bbox 688 2065 839 2097; x_wconf 88' lang='lat' dir='ltr'>dilectum</span> <span class='ocrx_word' id='word_1_179' title='bbox 876 2064 977 2097; x_wconf 80' lang='lat' dir='ltr'>silium</span> <span class='ocrx_word' id='word_1_180' title='bbox 1010 2065 1164 2098; x_wconf 87' lang='lat' dir='ltr'>loannem</span> 
     </span>
     <span class='ocr_line' id='line_1_36' title="bbox 429 2116 1164 2161; baseline 0 -10"><span class='ocrx_word' id='word_1_181' title='bbox 429 2118 468 2151; x_wconf 89' lang='lat' dir='ltr'>de</span> <span class='ocrx_word' id='word_1_182' title='bbox 505 2117 692 2151; x_wconf 86' lang='lat' dir='ltr'>Watteville</span> <span class='ocrx_word' id='word_1_183' title='bbox 727 2128 744 2149; x_wconf 90' lang='lat' dir='ltr'>a</span> <span class='ocrx_word' id='word_1_184' title='bbox 781 2116 863 2150; x_wconf 82' lang='lat' dir='ltr'>Sede</span> <span class='ocrx_word' id='word_1_185' title='bbox 902 2117 1089 2161; x_wconf 79' lang='lat' dir='ltr'>Apostolica</span> <span class='ocrx_word' id='word_1_186' title='bbox 1126 2118 1164 2151; x_wconf 90' lang='lat' dir='ltr'>de</span> 
     </span>
     <span class='ocr_line' id='line_1_37' title="bbox 429 2171 1165 2215; baseline 0 -10"><span class='ocrx_word' id='word_1_187' title='bbox 429 2171 515 2205; x_wconf 89' lang='lat' dir='ltr'>dicto</span> <span class='ocrx_word' id='word_1_188' title='bbox 540 2172 696 2204; x_wconf 85' lang='lat' dir='ltr'>decanatu</span> <span class='ocrx_word' id='word_1_189' title='bbox 721 2171 864 2214; x_wconf 79' lang='lat' dir='ltr'>legitime</span> <span class='ocrx_word' id='word_1_190' title='bbox 881 2172 1048 2215; x_wconf 89' lang='lat' dir='ltr'>provisum</span> <span class='ocrx_word' id='word_1_191' title='bbox 1073 2172 1165 2205; x_wconf 88' lang='lat' dir='ltr'>habi-</span> 
     </span>
     <span class='ocr_line' id='line_1_38' title="bbox 430 2224 1165 2268; baseline 0.001 -11"><span class='ocrx_word' id='word_1_192' title='bbox 430 2225 493 2257; x_wconf 89' lang='lat' dir='ltr'>turi</span> <span class='ocrx_word' id='word_1_193' title='bbox 518 2225 638 2268; x_wconf 82' lang='lat' dir='ltr'>essent)</span> <span class='ocrx_word' id='word_1_194' title='bbox 665 2235 681 2257; x_wconf 89' lang='lat' dir='ltr'>a</span> <span class='ocrx_word' id='word_1_195' title='bbox 707 2224 854 2257; x_wconf 82' lang='lat' dir='ltr'>censuris</span> <span class='ocrx_word' id='word_1_196' title='bbox 873 2231 904 2257; x_wconf 84' lang='lat' dir='ltr'>et</span> <span class='ocrx_word' id='word_1_197' title='bbox 921 2225 1035 2268; x_wconf 89' lang='lat' dir='ltr'>poenis</span> <span class='ocrx_word' id='word_1_198' title='bbox 1053 2225 1165 2259; x_wconf 87' lang='lat' dir='ltr'>huius-</span> 
     </span>
     <span class='ocr_line' id='line_1_39' title="bbox 429 2278 1164 2322; baseline 0 -10"><span class='ocrx_word' id='word_1_199' title='bbox 429 2279 515 2312; x_wconf 87' lang='lat' dir='ltr'>modi</span> <span class='ocrx_word' id='word_1_200' title='bbox 550 2278 740 2311; x_wconf 86' lang='lat' dir='ltr'>auetoritate</span> <span class='ocrx_word' id='word_1_201' title='bbox 771 2280 880 2311; x_wconf 76' lang='lat' dir='ltr'>nostra</span> <span class='ocrx_word' id='word_1_202' title='bbox 904 2279 1080 2322; x_wconf 79' lang='lat' dir='ltr'>apostolica</span> <span class='ocrx_word' id='word_1_203' title='bbox 1105 2280 1164 2312; x_wconf 89' lang='lat' dir='ltr'>sub</span> 
     </span>
     <span class='ocr_line' id='line_1_40' title="bbox 430 2332 1165 2376; baseline 0 -11"><span class='ocrx_word' id='word_1_204' title='bbox 430 2333 525 2365; x_wconf 67' lang='lat' dir='ltr'>certis</span> <span class='ocrx_word' id='word_1_205' title='bbox 561 2332 657 2364; x_wconf 71' lang='lat' dir='ltr'>niodo</span> <span class='ocrx_word' id='word_1_206' title='bbox 690 2336 721 2364; x_wconf 90' lang='lat' dir='ltr'>et</span> <span class='ocrx_word' id='word_1_207' title='bbox 752 2332 856 2364; x_wconf 80' lang='lat' dir='ltr'>forma</span> <span class='ocrx_word' id='word_1_208' title='bbox 891 2337 968 2364; x_wconf 86' lang='lat' dir='ltr'>tune</span> <span class='ocrx_word' id='word_1_209' title='bbox 1004 2332 1165 2376; x_wconf 80' lang='lat' dir='ltr'>expressis</span> 
     </span>
     <span class='ocr_line' id='line_1_41' title="bbox 431 2385 1166 2429; baseline 0.001 -11"><span class='ocrx_word' id='word_1_210' title='bbox 431 2387 616 2418; x_wconf 83' lang='lat' dir='ltr'>absolveres</span> <span class='ocrx_word' id='word_1_211' title='bbox 634 2389 666 2418; x_wconf 89' lang='lat' dir='ltr'>et</span> <span class='ocrx_word' id='word_1_212' title='bbox 683 2396 756 2418; x_wconf 87' lang='lat' dir='ltr'>cum</span> <span class='ocrx_word' id='word_1_213' title='bbox 773 2385 818 2418; x_wconf 87' lang='lat' dir='ltr'>eis</span> <span class='ocrx_word' id='word_1_214' title='bbox 833 2390 1015 2428; x_wconf 88' lang='lat' dir='ltr'>opportune</span> <span class='ocrx_word' id='word_1_215' title='bbox 1038 2386 1166 2429; x_wconf 87' lang='lat' dir='ltr'>dispen-</span> 
     </span>
     <span class='ocr_line' id='line_1_42' title="bbox 431 2438 1164 2481; baseline 0.001 -10"><span class='ocrx_word' id='word_1_216' title='bbox 431 2449 531 2477; x_wconf 77' lang='lat' dir='ltr'>sares,</span> <span class='ocrx_word' id='word_1_217' title='bbox 551 2443 583 2471; x_wconf 83' lang='lat' dir='ltr'>et</span> <span class='ocrx_word' id='word_1_218' title='bbox 600 2438 692 2478; x_wconf 73' lang='lat' dir='ltr'>alias,</span> <span class='ocrx_word' id='word_1_219' title='bbox 719 2443 816 2481; x_wconf 89' lang='lat' dir='ltr'>prout</span> <span class='ocrx_word' id='word_1_220' title='bbox 840 2439 872 2470; x_wconf 92' lang='lat' dir='ltr'>in</span> <span class='ocrx_word' id='word_1_221' title='bbox 898 2438 1021 2471; x_wconf 82' lang='lat' dir='ltr'>eisdem</span> <span class='ocrx_word' id='word_1_222' title='bbox 1046 2439 1164 2472; x_wconf 86' lang='lat' dir='ltr'>nostris</span> 
     </span>
     <span class='ocr_line' id='line_1_43' title="bbox 431 2492 1166 2535; baseline -0.001 -8"><span class='ocrx_word' id='word_1_223' title='bbox 431 2493 567 2532; x_wconf 81' lang='lat' dir='ltr'>litteris,</span> <span class='ocrx_word' id='word_1_224' title='bbox 601 2502 738 2535; x_wconf 86' lang='lat' dir='ltr'>quarum</span> <span class='ocrx_word' id='word_1_225' title='bbox 772 2502 808 2523; x_wconf 85' lang='lat' dir='ltr'>ac</span> <span class='ocrx_word' id='word_1_226' title='bbox 842 2492 1059 2534; x_wconf 80' lang='lat' dir='ltr'>praesatarum</span> <span class='ocrx_word' id='word_1_227' title='bbox 1093 2494 1166 2526; x_wconf 75' lang='lat' dir='ltr'>Ale-</span> 
     </span>
     <span class='ocr_line' id='line_1_44' title="bbox 430 2544 1168 2588; baseline 0 -10"><span class='ocrx_word' id='word_1_228' title='bbox 430 2545 542 2578; x_wconf 86' lang='lat' dir='ltr'>xandri</span> <span class='ocrx_word' id='word_1_229' title='bbox 572 2544 833 2588; x_wconf 81' lang='lat' dir='ltr'>praedecessoris</span> <span class='ocrx_word' id='word_1_230' title='bbox 871 2544 1050 2577; x_wconf 85' lang='lat' dir='ltr'>litterarum</span> <span class='ocrx_word' id='word_1_231' title='bbox 1076 2550 1168 2578; x_wconf 88' lang='lat' dir='ltr'>teno-</span> 
     </span>
     <span class='ocr_line' id='line_1_45' title="bbox 431 2597 1168 2641; baseline 0 -10"><span class='ocrx_word' id='word_1_232' title='bbox 431 2609 482 2631; x_wconf 88' lang='lat' dir='ltr'>res</span> <span class='ocrx_word' id='word_1_233' title='bbox 505 2597 731 2641; x_wconf 86' lang='lat' dir='ltr'>praesentibus</span> <span class='ocrx_word' id='word_1_234' title='bbox 756 2607 814 2640; x_wconf 89' lang='lat' dir='ltr'>pro</span> <span class='ocrx_word' id='word_1_235' title='bbox 840 2597 935 2641; x_wconf 90' lang='lat' dir='ltr'>plene</span> <span class='ocrx_word' id='word_1_236' title='bbox 961 2602 993 2629; x_wconf 90' lang='lat' dir='ltr'>et</span> <span class='ocrx_word' id='word_1_237' title='bbox 1011 2598 1168 2631; x_wconf 84' lang='lat' dir='ltr'>sufficien-</span> 
     </span>
     <span class='ocr_line' id='line_1_46' title="bbox 431 2650 1167 2695; baseline -0.001 -10"><span class='ocrx_word' id='word_1_238' title='bbox 431 2656 480 2686; x_wconf 89' lang='lat' dir='ltr'>ter</span> <span class='ocrx_word' id='word_1_239' title='bbox 505 2650 666 2695; x_wconf 74' lang='lat' dir='ltr'>expressis</span> <span class='ocrx_word' id='word_1_240' title='bbox 702 2661 738 2684; x_wconf 87' lang='lat' dir='ltr'>ac</span> <span class='ocrx_word' id='word_1_241' title='bbox 764 2651 803 2684; x_wconf 88' lang='lat' dir='ltr'>de</span> <span class='ocrx_word' id='word_1_242' title='bbox 826 2651 924 2683; x_wconf 86' lang='lat' dir='ltr'>verbo</span> <span class='ocrx_word' id='word_1_243' title='bbox 961 2651 1000 2684; x_wconf 85' lang='lat' dir='ltr'>ad</span> <span class='ocrx_word' id='word_1_244' title='bbox 1032 2652 1167 2685; x_wconf 87' lang='lat' dir='ltr'>verbum</span> 
     </span>
    </p>
   </div>
   <div class='ocr_carea' id='block_1_6' title="bbox 1176 382 1189 1772">
    <p class='ocr_par' dir='ltr' id='par_1_6' title="bbox 1176 382 1189 1772">
     <span class='ocr_line' id='line_1_47' title="bbox 1176 382 1189 1772; baseline 0 0"><span class='ocrx_word' id='word_1_245' title='bbox 1176 382 1189 1772; x_wconf 95' lang='lat' dir='ltr'> </span> 
     </span>
    </p>
   </div>
   <div class='ocr_carea' id='block_1_7' title="bbox 417 270 1357 360">
    <p class='ocr_par' dir='ltr' id='par_1_7' title="bbox 417 270 1357 360">
     <span class='ocr_line' id='line_1_48' title="bbox 1005 270 1357 297; baseline -0.006 0"><span class='ocrx_word' id='word_1_246' title='bbox 1005 270 1183 297; x_wconf 47' lang='lat' dir='ltr'>Bruanium</span> <span class='ocrx_word' id='word_1_247' title='bbox 1207 270 1357 295; x_wconf 70' lang='lat' dir='ltr'>nomurn</span> 
     </span>
     <span class='ocr_line' id='line_1_49' title="bbox 417 320 1176 360; baseline -0.004 -7"><span class='ocrx_word' id='word_1_248' title='bbox 417 322 488 354; x_wconf 83' lang='lat' dir='ltr'>aliis</span> <span class='ocrx_word' id='word_1_249' title='bbox 504 321 649 353; x_wconf 82' lang='lat' dir='ltr'>eiusdem</span> <span class='ocrx_word' id='word_1_250' title='bbox 666 321 823 354; x_wconf 85' lang='lat' dir='ltr'>ecelesiae</span> <span class='ocrx_word' id='word_1_251' title='bbox 839 320 1015 360; x_wconf 83' lang='lat' dir='ltr'>canonicis,</span> <span class='ocrx_word' id='word_1_252' title='bbox 1031 320 1153 352; x_wconf 90' lang='lat' dir='ltr'>dudum</span> <span class='ocrx_word' id='word_1_253' title='bbox 1175 323 1176 340; x_wconf 66' lang='lat'>³</span> 
     </span>
    </p>
   </div>
   <div class='ocr_carea' id='block_1_8' title="bbox 1197 318 1934 410">
    <p class='ocr_par' dir='ltr' id='par_1_8' title="bbox 1197 318 1934 410">
     <span class='ocr_line' id='line_1_50' title="bbox 1197 318 1934 362; baseline 0.005 -13"><span class='ocrx_word' id='word_1_254' title='bbox 1197 318 1325 351; x_wconf 81' lang='lat' dir='ltr'>insertis</span> <span class='ocrx_word' id='word_1_255' title='bbox 1350 318 1462 352; x_wconf 86' lang='lat' dir='ltr'>haberi</span> <span class='ocrx_word' id='word_1_256' title='bbox 1489 321 1646 362; x_wconf 72' lang='lat' dir='ltr'>volumus,</span> <span class='ocrx_word' id='word_1_257' title='bbox 1674 322 1807 354; x_wconf 85' lang='lat' dir='ltr'>uberius</span> <span class='ocrx_word' id='word_1_258' title='bbox 1833 321 1934 355; x_wconf 89' lang='lat' dir='ltr'>conti-</span> 
     </span>
     <span class='ocr_line' id='line_1_51' title="bbox 1198 375 1318 410; baseline 0 -7"><span class='ocrx_word' id='word_1_259' title='bbox 1198 375 1295 403; x_wconf 87' lang='lat' dir='ltr'>netur</span> <span class='ocrx_word' id='word_1_260' title='bbox 1311 382 1318 410; x_wconf 91' lang='lat'>;</span> 
     </span>
    </p>
   </div>
   <div class='ocr_carea' id='block_1_9' title="bbox 1241 421 2129 470">
    <p class='ocr_par' dir='ltr' id='par_1_9' title="bbox 1241 421 2129 470">
     <span class='ocr_line' id='line_1_52' title="bbox 1241 421 2129 470; baseline 0.007 -16"><span class='ocrx_word' id='word_1_261' title='bbox 1241 423 1256 465; x_wconf 65' lang='grc' dir='ltr'>ξ</span> <span class='ocrx_word' id='word_1_262' title='bbox 1280 421 1310 455; x_wconf 78' lang='lat'>⁶2.</span> <span class='ocrx_word' id='word_1_263' title='bbox 1338 423 1385 463; x_wconf 90' lang='lat' dir='ltr'>Et,</span> <span class='ocrx_word' id='word_1_264' title='bbox 1413 424 1497 458; x_wconf 86' lang='lat' dir='ltr'>sicut</span> <span class='ocrx_word' id='word_1_265' title='bbox 1520 437 1580 469; x_wconf 85' lang='lat' dir='ltr'>pro</span> <span class='ocrx_word' id='word_1_266' title='bbox 1607 432 1695 470; x_wconf 86' lang='lat' dir='ltr'>parte</span> <span class='ocrx_word' id='word_1_267' title='bbox 1722 426 1850 460; x_wconf 85' lang='lat' dir='ltr'>loannis</span> <span class='ocrx_word' id='word_1_268' title='bbox 1876 427 1934 459; x_wconf 89' lang='lat' dir='ltr'>Ba-</span> <span class='ocrx_word' id='word_1_269' title='bbox 1971 438 2129 465; x_wconf 64' lang='lat' dir='ltr'>Prae-asparem</span> 
     </span>
    </p>
   </div>
   <div class='ocr_carea' id='block_1_10' title="bbox 1198 473 1950 2697">
    <p class='ocr_par' dir='ltr' id='par_1_10' title="bbox 1198 473 1950 2697">
     <span class='ocr_line' id='line_1_53' title="bbox 1198 473 1934 516; baseline 0.01 -12"><span class='ocrx_word' id='word_1_270' title='bbox 1198 473 1314 516; x_wconf 85' lang='lat' dir='ltr'>ptistae</span> <span class='ocrx_word' id='word_1_271' title='bbox 1339 473 1480 516; x_wconf 81' lang='lat' dir='ltr'>Sauvage</span> <span class='ocrx_word' id='word_1_272' title='bbox 1506 482 1537 509; x_wconf 86' lang='lat' dir='ltr'>et</span> <span class='ocrx_word' id='word_1_273' title='bbox 1562 477 1722 511; x_wconf 83' lang='lat' dir='ltr'>Francisci</span> <span class='ocrx_word' id='word_1_274' title='bbox 1741 478 1869 511; x_wconf 85' lang='lat' dir='ltr'>Perinet</span> <span class='ocrx_word' id='word_1_275' title='bbox 1886 489 1934 511; x_wconf 82' lang='lat' dir='ltr'>ea-</span> 
     </span>
     <span class='ocr_line' id='line_1_54' title="bbox 1199 526 1935 564; baseline 0.008 -6"><span class='ocrx_word' id='word_1_276' title='bbox 1199 526 1392 559; x_wconf 87' lang='lat' dir='ltr'>nonicorum</span> <span class='ocrx_word' id='word_1_277' title='bbox 1418 527 1565 561; x_wconf 85' lang='lat' dir='ltr'>ciusdem</span> <span class='ocrx_word' id='word_1_278' title='bbox 1602 530 1759 563; x_wconf 83' lang='lat' dir='ltr'>ecclesiae</span> <span class='ocrx_word' id='word_1_279' title='bbox 1793 531 1935 564; x_wconf 89' lang='lat' dir='ltr'>Bisunti-</span> 
     </span>
     <span class='ocr_line' id='line_1_55' title="bbox 1199 579 1936 627; baseline 0.007 -16"><span class='ocrx_word' id='word_1_280' title='bbox 1199 589 1259 611; x_wconf 91' lang='lat' dir='ltr'>nae</span> <span class='ocrx_word' id='word_1_281' title='bbox 1285 579 1378 612; x_wconf 88' lang='lat' dir='ltr'>nobis</span> <span class='ocrx_word' id='word_1_282' title='bbox 1415 590 1518 623; x_wconf 92' lang='lat' dir='ltr'>nuper</span> <span class='ocrx_word' id='word_1_283' title='bbox 1551 583 1732 625; x_wconf 88' lang='lat' dir='ltr'>expositum</span> <span class='ocrx_word' id='word_1_284' title='bbox 1770 584 1836 623; x_wconf 84' lang='lat' dir='ltr'>suit,</span> <span class='ocrx_word' id='word_1_285' title='bbox 1875 584 1936 627; x_wconf 90' lang='lat' dir='ltr'>ipsi</span> 
     </span>
     <span class='ocr_line' id='line_1_56' title="bbox 1200 632 1938 679; baseline 0.005 -15"><span class='ocrx_word' id='word_1_286' title='bbox 1200 642 1329 675; x_wconf 85' lang='lat' dir='ltr'>quoque</span> <span class='ocrx_word' id='word_1_287' title='bbox 1363 632 1402 665; x_wconf 93' lang='lat' dir='ltr'>de</span> <span class='ocrx_word' id='word_1_288' title='bbox 1428 633 1580 675; x_wconf 80' lang='lat' dir='ltr'>praefatis</span> <span class='ocrx_word' id='word_1_289' title='bbox 1618 635 1802 668; x_wconf 83' lang='lat' dir='ltr'>excessibus</span> <span class='ocrx_word' id='word_1_290' title='bbox 1837 637 1938 679; x_wconf 90' lang='lat' dir='ltr'>pluri—</span> 
     </span>
     <span class='ocr_line' id='line_1_57' title="bbox 1200 685 1922 724; baseline 0.007 -8"><span class='ocrx_word' id='word_1_291' title='bbox 1200 695 1285 717; x_wconf 86' lang='lat' dir='ltr'>mum</span> <span class='ocrx_word' id='word_1_292' title='bbox 1310 685 1467 724; x_wconf 85' lang='lat' dir='ltr'>dolentes,</span> <span class='ocrx_word' id='word_1_293' title='bbox 1494 696 1530 718; x_wconf 85' lang='lat' dir='ltr'>ac</span> <span class='ocrx_word' id='word_1_294' title='bbox 1547 686 1674 719; x_wconf 87' lang='lat' dir='ltr'>sincero</span> <span class='ocrx_word' id='word_1_295' title='bbox 1689 688 1784 720; x_wconf 88' lang='lat' dir='ltr'>corde</span> <span class='ocrx_word' id='word_1_296' title='bbox 1802 693 1833 720; x_wconf 91' lang='lat' dir='ltr'>et</span> <span class='ocrx_word' id='word_1_297' title='bbox 1850 699 1922 721; x_wconf 86' lang='lat' dir='ltr'>reve</span> 
     </span>
     <span class='ocr_line' id='line_1_58' title="bbox 1202 737 1939 780; baseline 0.007 -11"><span class='ocrx_word' id='word_1_298' title='bbox 1202 737 1285 770; x_wconf 89' lang='lat' dir='ltr'>renti</span> <span class='ocrx_word' id='word_1_299' title='bbox 1311 737 1443 780; x_wconf 81' lang='lat' dir='ltr'>gratiam</span> <span class='ocrx_word' id='word_1_300' title='bbox 1470 738 1566 771; x_wconf 81' lang='lat' dir='ltr'>huius</span> <span class='ocrx_word' id='word_1_301' title='bbox 1582 744 1713 772; x_wconf 88' lang='lat' dir='ltr'>sanctae</span> <span class='ocrx_word' id='word_1_302' title='bbox 1728 739 1818 773; x_wconf 88' lang='lat' dir='ltr'>Sedis</span> <span class='ocrx_word' id='word_1_303' title='bbox 1834 741 1939 774; x_wconf 90' lang='lat' dir='ltr'>humi-</span> 
     </span>
     <span class='ocr_line' id='line_1_59' title="bbox 1202 791 1938 835; baseline 0.007 -13"><span class='ocrx_word' id='word_1_304' title='bbox 1202 791 1275 823; x_wconf 91' lang='lat' dir='ltr'>liter</span> <span class='ocrx_word' id='word_1_305' title='bbox 1298 791 1521 834; x_wconf 84' lang='lat' dir='ltr'>implorantes,</span> <span class='ocrx_word' id='word_1_306' title='bbox 1548 793 1648 835; x_wconf 87' lang='lat' dir='ltr'>parati</span> <span class='ocrx_word' id='word_1_307' title='bbox 1667 792 1754 826; x_wconf 85' lang='lat' dir='ltr'>sunt¹</span> <span class='ocrx_word' id='word_1_308' title='bbox 1777 804 1883 827; x_wconf 87' lang='lat' dir='ltr'>coram</span> <span class='ocrx_word' id='word_1_309' title='bbox 1909 799 1938 828; x_wconf 90' lang='lat' dir='ltr'>te</span> 
     </span>
     <span class='ocr_line' id='line_1_60' title="bbox 1202 843 1940 889; baseline 0.007 -14"><span class='ocrx_word' id='word_1_310' title='bbox 1202 843 1349 876; x_wconf 82' lang='lat' dir='ltr'>confiteri</span> <span class='ocrx_word' id='word_1_311' title='bbox 1374 849 1405 876; x_wconf 90' lang='lat' dir='ltr'>et</span> <span class='ocrx_word' id='word_1_312' title='bbox 1423 844 1589 878; x_wconf 85' lang='lat' dir='ltr'>declarare</span> <span class='ocrx_word' id='word_1_313' title='bbox 1615 854 1648 878; x_wconf 90' lang='lat' dir='ltr'>se</span> <span class='ocrx_word' id='word_1_314' title='bbox 1667 856 1703 878; x_wconf 88' lang='lat' dir='ltr'>ex</span> <span class='ocrx_word' id='word_1_315' title='bbox 1725 845 1834 879; x_wconf 88' lang='lat' dir='ltr'>animo</span> <span class='ocrx_word' id='word_1_316' title='bbox 1862 857 1940 889; x_wconf 90' lang='lat' dir='ltr'>poe-</span> 
     </span>
     <span class='ocr_line' id='line_1_61' title="bbox 1203 896 1939 942; baseline 0.005 -14"><span class='ocrx_word' id='word_1_317' title='bbox 1203 896 1305 929; x_wconf 89' lang='lat' dir='ltr'>nitere</span> <span class='ocrx_word' id='word_1_318' title='bbox 1331 896 1435 929; x_wconf 85' lang='lat' dir='ltr'>dictae</span> <span class='ocrx_word' id='word_1_319' title='bbox 1462 897 1631 929; x_wconf 85' lang='lat' dir='ltr'>electionis</span> <span class='ocrx_word' id='word_1_320' title='bbox 1658 898 1697 930; x_wconf 81' lang='lat' dir='ltr'>ab</span> <span class='ocrx_word' id='word_1_321' title='bbox 1722 898 1801 942; x_wconf 86' lang='lat' dir='ltr'>ipsis</span> <span class='ocrx_word' id='word_1_322' title='bbox 1837 899 1939 932; x_wconf 81' lang='lat' dir='ltr'>sactae</span> 
     </span>
     <span class='ocr_line' id='line_1_62' title="bbox 1204 949 1942 994; baseline 0.005 -13"><span class='ocrx_word' id='word_1_323' title='bbox 1204 949 1255 982; x_wconf 91' lang='lat' dir='ltr'>die</span> <span class='ocrx_word' id='word_1_324' title='bbox 1299 959 1376 982; x_wconf 81' lang='lat' dir='ltr'>xx111</span> <span class='ocrx_word' id='word_1_325' title='bbox 1412 949 1539 992; x_wconf 78' lang='lat' dir='ltr'>augusti</span> <span class='ocrx_word' id='word_1_326' title='bbox 1571 960 1689 984; x_wconf 78' lang='lat' dir='ltr'>MDCLXI</span> <span class='ocrx_word' id='word_1_327' title='bbox 1726 951 1764 984; x_wconf 91' lang='lat' dir='ltr'>de</span> <span class='ocrx_word' id='word_1_328' title='bbox 1801 953 1942 994; x_wconf 77' lang='lat' dir='ltr'>persona</span> 
     </span>
     <span class='ocr_line' id='line_1_63' title="bbox 1204 1001 1942 1045; baseline 0.004 -11"><span class='ocrx_word' id='word_1_329' title='bbox 1204 1002 1341 1045; x_wconf 82' lang='lat' dir='ltr'>praefati</span> <span class='ocrx_word' id='word_1_330' title='bbox 1367 1001 1531 1035; x_wconf 87' lang='lat' dir='ltr'>Guillelmi</span> <span class='ocrx_word' id='word_1_331' title='bbox 1558 1003 1729 1036; x_wconf 83' lang='lat' dir='ltr'>Ilumberti</span> <span class='ocrx_word' id='word_1_332' title='bbox 1767 1014 1784 1036; x_wconf 90' lang='lat' dir='ltr'>a</span> <span class='ocrx_word' id='word_1_333' title='bbox 1816 1004 1942 1038; x_wconf 83' lang='lat' dir='ltr'>Praeci-</span> 
     </span>
     <span class='ocr_line' id='line_1_64' title="bbox 1204 1054 1942 1101; baseline 0.004 -14"><span class='ocrx_word' id='word_1_334' title='bbox 1204 1054 1300 1098; x_wconf 89' lang='lat' dir='ltr'>piano</span> <span class='ocrx_word' id='word_1_335' title='bbox 1327 1055 1358 1087; x_wconf 91' lang='lat' dir='ltr'>in</span> <span class='ocrx_word' id='word_1_336' title='bbox 1384 1055 1542 1088; x_wconf 83' lang='lat' dir='ltr'>decanum</span> <span class='ocrx_word' id='word_1_337' title='bbox 1579 1056 1683 1089; x_wconf 85' lang='lat' dir='ltr'>dictae</span> <span class='ocrx_word' id='word_1_338' title='bbox 1720 1058 1942 1101; x_wconf 86' lang='lat' dir='ltr'>metropolita-</span> 
     </span>
     <span class='ocr_line' id='line_1_65' title="bbox 1205 1108 1944 1153; baseline 0.004 -12"><span class='ocrx_word' id='word_1_339' title='bbox 1205 1119 1265 1141; x_wconf 88' lang='lat' dir='ltr'>nae</span> <span class='ocrx_word' id='word_1_340' title='bbox 1290 1108 1445 1141; x_wconf 86' lang='lat' dir='ltr'>ecclesiae</span> <span class='ocrx_word' id='word_1_341' title='bbox 1482 1108 1682 1150; x_wconf 84' lang='lat' dir='ltr'>Bisuntinae‚</span> <span class='ocrx_word' id='word_1_342' title='bbox 1708 1120 1842 1153; x_wconf 83' lang='lat' dir='ltr'>eamque</span> <span class='ocrx_word' id='word_1_343' title='bbox 1880 1111 1944 1144; x_wconf 89' lang='lat' dir='ltr'>ele-</span> 
     </span>
     <span class='ocr_line' id='line_1_66' title="bbox 1205 1161 1943 1206; baseline 0.003 -12"><span class='ocrx_word' id='word_1_344' title='bbox 1205 1161 1355 1201; x_wconf 88' lang='lat' dir='ltr'>ctionem,</span> <span class='ocrx_word' id='word_1_345' title='bbox 1381 1162 1426 1194; x_wconf 89' lang='lat' dir='ltr'>uti</span> <span class='ocrx_word' id='word_1_346' title='bbox 1452 1173 1469 1194; x_wconf 91' lang='lat' dir='ltr'>a</span> <span class='ocrx_word' id='word_1_347' title='bbox 1494 1161 1576 1195; x_wconf 87' lang='lat' dir='ltr'>Sede</span> <span class='ocrx_word' id='word_1_348' title='bbox 1602 1163 1789 1206; x_wconf 78' lang='lat' dir='ltr'>Apostolica</span> <span class='ocrx_word' id='word_1_349' title='bbox 1813 1163 1943 1196; x_wconf 88' lang='lat' dir='ltr'>damna-</span> 
     </span>
     <span class='ocr_line' id='line_1_67' title="bbox 1206 1216 1943 1260; baseline 0.003 -13"><span class='ocrx_word' id='word_1_350' title='bbox 1206 1220 1278 1256; x_wconf 85' lang='lat' dir='ltr'>tam,</span> <span class='ocrx_word' id='word_1_351' title='bbox 1305 1216 1457 1248; x_wconf 86' lang='lat' dir='ltr'>damnare</span> <span class='ocrx_word' id='word_1_352' title='bbox 1478 1220 1510 1248; x_wconf 88' lang='lat' dir='ltr'>et</span> <span class='ocrx_word' id='word_1_353' title='bbox 1527 1217 1712 1259; x_wconf 84' lang='lat' dir='ltr'>reprobare.</span> <span class='ocrx_word' id='word_1_354' title='bbox 1735 1227 1771 1249; x_wconf 85' lang='lat' dir='ltr'>ac</span> <span class='ocrx_word' id='word_1_355' title='bbox 1788 1222 1943 1260; x_wconf 86' lang='lat' dir='ltr'>quantum</span> 
     </span>
     <span class='ocr_line' id='line_1_68' title="bbox 1206 1268 1944 1312; baseline 0.001 -11"><span class='ocrx_word' id='word_1_356' title='bbox 1206 1269 1238 1301; x_wconf 90' lang='lat' dir='ltr'>in</span> <span class='ocrx_word' id='word_1_357' title='bbox 1270 1268 1347 1312; x_wconf 86' lang='lat' dir='ltr'>ipsis</span> <span class='ocrx_word' id='word_1_358' title='bbox 1374 1273 1424 1301; x_wconf 88' lang='lat' dir='ltr'>est</span> <span class='ocrx_word' id='word_1_359' title='bbox 1448 1268 1544 1310; x_wconf 89' lang='lat' dir='ltr'>illam,</span> <span class='ocrx_word' id='word_1_360' title='bbox 1570 1268 1742 1312; x_wconf 87' lang='lat' dir='ltr'>omniaque</span> <span class='ocrx_word' id='word_1_361' title='bbox 1760 1274 1873 1302; x_wconf 87' lang='lat' dir='ltr'>contra</span> <span class='ocrx_word' id='word_1_362' title='bbox 1889 1269 1944 1302; x_wconf 87' lang='lat' dir='ltr'>Se-</span> 
     </span>
     <span class='ocr_line' id='line_1_69' title="bbox 1206 1321 1946 1365; baseline 0 -11"><span class='ocrx_word' id='word_1_363' title='bbox 1206 1321 1253 1354; x_wconf 89' lang='lat' dir='ltr'>dis</span> <span class='ocrx_word' id='word_1_364' title='bbox 1271 1321 1478 1365; x_wconf 87' lang='lat' dir='ltr'>Apostolicae</span> <span class='ocrx_word' id='word_1_365' title='bbox 1502 1321 1587 1354; x_wconf 89' lang='lat' dir='ltr'>iussa</span> <span class='ocrx_word' id='word_1_366' title='bbox 1607 1321 1682 1355; x_wconf 90' lang='lat' dir='ltr'>inde</span> <span class='ocrx_word' id='word_1_367' title='bbox 1703 1326 1824 1362; x_wconf 86' lang='lat' dir='ltr'>secuta,</span> <span class='ocrx_word' id='word_1_368' title='bbox 1843 1327 1946 1354; x_wconf 86' lang='lat' dir='ltr'>retra-</span> 
     </span>
     <span class='ocr_line' id='line_1_70' title="bbox 1206 1374 1946 1418; baseline 0.001 -11"><span class='ocrx_word' id='word_1_369' title='bbox 1206 1379 1304 1415; x_wconf 88' lang='lat' dir='ltr'>ctare,</span> <span class='ocrx_word' id='word_1_370' title='bbox 1323 1385 1359 1407; x_wconf 87' lang='lat' dir='ltr'>ac</span> <span class='ocrx_word' id='word_1_371' title='bbox 1378 1374 1527 1418; x_wconf 85' lang='lat' dir='ltr'>polliceri</span> <span class='ocrx_word' id='word_1_372' title='bbox 1554 1379 1586 1408; x_wconf 88' lang='lat' dir='ltr'>et</span> <span class='ocrx_word' id='word_1_373' title='bbox 1609 1374 1718 1407; x_wconf 87' lang='lat' dir='ltr'>iurare</span> <span class='ocrx_word' id='word_1_374' title='bbox 1744 1385 1776 1408; x_wconf 93' lang='lat' dir='ltr'>se</span> <span class='ocrx_word' id='word_1_375' title='bbox 1797 1375 1946 1408; x_wconf 88' lang='lat' dir='ltr'>eumdem</span> 
     </span>
     <span class='ocr_line' id='line_1_71' title="bbox 1207 1427 1947 1472; baseline -0.003 -10"><span class='ocrx_word' id='word_1_376' title='bbox 1207 1428 1410 1462; x_wconf 87' lang='lat' dir='ltr'>Guillelmum</span> <span class='ocrx_word' id='word_1_377' title='bbox 1434 1429 1648 1461; x_wconf 82' lang='lat' dir='ltr'>Ilumbertum</span> <span class='ocrx_word' id='word_1_378' title='bbox 1672 1438 1837 1472; x_wconf 84' lang='lat' dir='ltr'>nunquam</span> <span class='ocrx_word' id='word_1_379' title='bbox 1861 1427 1947 1471; x_wconf 82' lang='lat' dir='ltr'>agni-</span> 
     </span>
     <span class='ocr_line' id='line_1_72' title="bbox 1209 1481 1945 1525; baseline 0 -11"><span class='ocrx_word' id='word_1_380' title='bbox 1209 1486 1297 1514; x_wconf 90' lang='lat' dir='ltr'>turos</span> <span class='ocrx_word' id='word_1_381' title='bbox 1324 1481 1356 1514; x_wconf 90' lang='lat' dir='ltr'>in</span> <span class='ocrx_word' id='word_1_382' title='bbox 1380 1481 1562 1524; x_wconf 80' lang='lat' dir='ltr'>legitimum</span> <span class='ocrx_word' id='word_1_383' title='bbox 1597 1482 1767 1522; x_wconf 87' lang='lat' dir='ltr'>decanum,</span> <span class='ocrx_word' id='word_1_384' title='bbox 1803 1482 1859 1515; x_wconf 92' lang='lat' dir='ltr'>sed</span> <span class='ocrx_word' id='word_1_385' title='bbox 1885 1492 1945 1525; x_wconf 90' lang='lat' dir='ltr'>pro</span> 
     </span>
     <span class='ocr_line' id='line_1_73' title="bbox 1209 1534 1946 1567; baseline 0 0"><span class='ocrx_word' id='word_1_386' title='bbox 1209 1534 1263 1567; x_wconf 86' lang='lat' dir='ltr'>tali</span> <span class='ocrx_word' id='word_1_387' title='bbox 1289 1534 1460 1567; x_wconf 85' lang='lat' dir='ltr'>habituros</span> <span class='ocrx_word' id='word_1_388' title='bbox 1487 1539 1702 1567; x_wconf 87' lang='lat' dir='ltr'>memoratum</span> <span class='ocrx_word' id='word_1_389' title='bbox 1726 1534 1881 1567; x_wconf 90' lang='lat' dir='ltr'>Ioannem</span> <span class='ocrx_word' id='word_1_390' title='bbox 1906 1534 1946 1567; x_wconf 89' lang='lat' dir='ltr'>de</span> 
     </span>
     <span class='ocr_line' id='line_1_74' title="bbox 1209 1586 1947 1630; baseline 0 -10"><span class='ocrx_word' id='word_1_391' title='bbox 1209 1587 1394 1620; x_wconf 86' lang='lat' dir='ltr'>Watteville</span> <span class='ocrx_word' id='word_1_392' title='bbox 1420 1598 1437 1619; x_wconf 87' lang='lat' dir='ltr'>a</span> <span class='ocrx_word' id='word_1_393' title='bbox 1460 1586 1542 1620; x_wconf 86' lang='lat' dir='ltr'>Sede</span> <span class='ocrx_word' id='word_1_394' title='bbox 1579 1586 1766 1630; x_wconf 73' lang='lat' dir='ltr'>Apostolica</span> <span class='ocrx_word' id='word_1_395' title='bbox 1802 1586 1947 1630; x_wconf 82' lang='lat' dir='ltr'>legitime</span> 
     </span>
     <span class='ocr_line' id='line_1_75' title="bbox 1208 1640 1947 1684; baseline 0.001 -11"><span class='ocrx_word' id='word_1_396' title='bbox 1208 1641 1372 1684; x_wconf 90' lang='lat' dir='ltr'>provisum</span> <span class='ocrx_word' id='word_1_397' title='bbox 1398 1640 1437 1673; x_wconf 86' lang='lat' dir='ltr'>de</span> <span class='ocrx_word' id='word_1_398' title='bbox 1464 1640 1548 1673; x_wconf 88' lang='lat' dir='ltr'>dicto</span> <span class='ocrx_word' id='word_1_399' title='bbox 1567 1641 1733 1680; x_wconf 78' lang='lat' dir='ltr'>decanatu,</span> <span class='ocrx_word' id='word_1_400' title='bbox 1756 1651 1791 1673; x_wconf 87' lang='lat' dir='ltr'>ae</span> <span class='ocrx_word' id='word_1_401' title='bbox 1808 1640 1947 1684; x_wconf 83' lang='lat' dir='ltr'>proinde</span> 
     </span>
     <span class='ocr_line' id='line_1_76' title="bbox 1208 1693 1948 1738; baseline 0 -12"><span class='ocrx_word' id='word_1_402' title='bbox 1208 1694 1268 1727; x_wconf 86' lang='lat' dir='ltr'>sibi</span> <span class='ocrx_word' id='word_1_403' title='bbox 1294 1694 1413 1737; x_wconf 89' lang='lat' dir='ltr'>pariter</span> <span class='ocrx_word' id='word_1_404' title='bbox 1438 1694 1476 1726; x_wconf 93' lang='lat' dir='ltr'>de</span> <span class='ocrx_word' id='word_1_405' title='bbox 1502 1693 1717 1727; x_wconf 87' lang='lat' dir='ltr'>absolutionis</span> <span class='ocrx_word' id='word_1_406' title='bbox 1736 1693 1897 1738; x_wconf 80' lang='lat' dir='ltr'>beneficio</span> <span class='ocrx_word' id='word_1_407' title='bbox 1915 1698 1948 1726; x_wconf 88' lang='lat' dir='ltr'>et</span> 
     </span>
     <span class='ocr_line' id='line_1_77' title="bbox 1210 1746 1948 1790; baseline -0.001 -10"><span class='ocrx_word' id='word_1_408' title='bbox 1210 1746 1461 1790; x_wconf 81' lang='lat' dir='ltr'>dispensationis</span> <span class='ocrx_word' id='word_1_409' title='bbox 1497 1747 1599 1789; x_wconf 78' lang='lat' dir='ltr'>gratia</span> <span class='ocrx_word' id='word_1_410' title='bbox 1642 1746 1675 1779; x_wconf 89' lang='lat' dir='ltr'>in</span> <span class='ocrx_word' id='word_1_411' title='bbox 1703 1746 1890 1790; x_wconf 86' lang='lat' dir='ltr'>praemissis</span> <span class='ocrx_word' id='word_1_412' title='bbox 1930 1758 1948 1779; x_wconf 90' lang='lat' dir='ltr'>a</span> 
     </span>
     <span class='ocr_line' id='line_1_78' title="bbox 1209 1799 1944 1844; baseline -0.001 -11"><span class='ocrx_word' id='word_1_413' title='bbox 1209 1800 1301 1833; x_wconf 84' lang='lat' dir='ltr'>nobis</span> <span class='ocrx_word' id='word_1_414' title='bbox 1325 1799 1488 1844; x_wconf 89' lang='lat' dir='ltr'>provideri</span> <span class='ocrx_word' id='word_1_415' title='bbox 1514 1810 1723 1842; x_wconf 84' lang='lat' dir='ltr'>summopere</span> <span class='ocrx_word' id='word_1_416' title='bbox 1742 1799 1944 1832; x_wconf 86' lang='lat' dir='ltr'>desiderent:</span> 
     </span>
     <span class='ocr_line' id='line_1_79' title="bbox 1252 1852 1946 1897; baseline -0.001 -10"><span class='ocrx_word' id='word_1_417' title='bbox 1252 1854 1266 1897; x_wconf 63' lang='grc' dir='ltr'><strong>ἓ</strong></span> <span class='ocrx_word' id='word_1_418' title='bbox 1291 1853 1322 1887; x_wconf 78' lang='lat'>3.</span> <span class='ocrx_word' id='word_1_419' title='bbox 1350 1852 1422 1893; x_wconf 89' lang='lat' dir='ltr'>Nos,</span> <span class='ocrx_word' id='word_1_420' title='bbox 1449 1853 1504 1896; x_wconf 83' lang='lat' dir='ltr'>qui</span> <span class='ocrx_word' id='word_1_421' title='bbox 1528 1852 1616 1886; x_wconf 91' lang='lat' dir='ltr'>Illius</span> <span class='ocrx_word' id='word_1_422' title='bbox 1642 1852 1726 1885; x_wconf 85' lang='lat' dir='ltr'>vices</span> <span class='ocrx_word' id='word_1_423' title='bbox 1751 1852 1890 1895; x_wconf 85' lang='lat' dir='ltr'>gerimus</span> <span class='ocrx_word' id='word_1_424' title='bbox 1915 1852 1946 1886; x_wconf 89' lang='lat' dir='ltr'>in</span> 
     </span>
     <span class='ocr_line' id='line_1_80' title="bbox 1208 1905 1946 1949; baseline -0.003 -9"><span class='ocrx_word' id='word_1_425' title='bbox 1208 1907 1311 1947; x_wconf 88' lang='lat' dir='ltr'>terris,</span> <span class='ocrx_word' id='word_1_426' title='bbox 1338 1906 1428 1939; x_wconf 87' lang='lat' dir='ltr'>cuius</span> <span class='ocrx_word' id='word_1_427' title='bbox 1446 1906 1619 1949; x_wconf 86' lang='lat' dir='ltr'>proprium</span> <span class='ocrx_word' id='word_1_428' title='bbox 1640 1911 1689 1938; x_wconf 90' lang='lat' dir='ltr'>est</span> <span class='ocrx_word' id='word_1_429' title='bbox 1705 1905 1851 1938; x_wconf 86' lang='lat' dir='ltr'>misereri</span> <span class='ocrx_word' id='word_1_430' title='bbox 1869 1916 1946 1938; x_wconf 86' lang='lat' dir='ltr'>sem</span> 
     </span>
     <span class='ocr_line' id='line_1_81' title="bbox 1209 1959 1945 2004; baseline -0.003 -10"><span class='ocrx_word' id='word_1_431' title='bbox 1209 1971 1268 2004; x_wconf 89' lang='lat' dir='ltr'>per</span> <span class='ocrx_word' id='word_1_432' title='bbox 1284 1966 1314 1994; x_wconf 90' lang='lat' dir='ltr'>et</span> <span class='ocrx_word' id='word_1_433' title='bbox 1334 1970 1479 2003; x_wconf 83' lang='lat' dir='ltr'>parcere,</span> <span class='ocrx_word' id='word_1_434' title='bbox 1509 1959 1715 1993; x_wconf 89' lang='lat' dir='ltr'>attendentes</span> <span class='ocrx_word' id='word_1_435' title='bbox 1734 1960 1823 2002; x_wconf 89' lang='lat' dir='ltr'>quod</span> <span class='ocrx_word' id='word_1_436' title='bbox 1841 1959 1945 1992; x_wconf 87' lang='lat' dir='ltr'>dictae</span> 
     </span>
     <span class='ocr_line' id='line_1_82' title="bbox 1209 2011 1947 2056; baseline -0.005 -9"><span class='ocrx_word' id='word_1_437' title='bbox 1209 2014 1299 2047; x_wconf 87' lang='lat' dir='ltr'>Sedis</span> <span class='ocrx_word' id='word_1_438' title='bbox 1324 2013 1530 2056; x_wconf 83' lang='lat' dir='ltr'>Apostolieae</span> <span class='ocrx_word' id='word_1_439' title='bbox 1557 2013 1687 2055; x_wconf 88' lang='lat' dir='ltr'>copiosa</span> <span class='ocrx_word' id='word_1_440' title='bbox 1712 2011 1895 2055; x_wconf 79' lang='lat' dir='ltr'>benignitas</span> <span class='ocrx_word' id='word_1_441' title='bbox 1913 2011 1947 2043; x_wconf 81' lang='lat' dir='ltr'>n-</span> 
     </span>
     <span class='ocr_line' id='line_1_83' title="bbox 1209 2064 1949 2109; baseline -0.004 -10"><span class='ocrx_word' id='word_1_442' title='bbox 1209 2066 1260 2099; x_wconf 88' lang='lat' dir='ltr'>liis</span> <span class='ocrx_word' id='word_1_443' title='bbox 1298 2071 1372 2109; x_wconf 87' lang='lat' dir='ltr'>post</span> <span class='ocrx_word' id='word_1_444' title='bbox 1407 2075 1575 2098; x_wconf 86' lang='lat' dir='ltr'>excessum</span> <span class='ocrx_word' id='word_1_445' title='bbox 1600 2065 1638 2097; x_wconf 80' lang='lat' dir='ltr'>ad</span> <span class='ocrx_word' id='word_1_446' title='bbox 1663 2065 1774 2096; x_wconf 87' lang='lat' dir='ltr'>matris</span> <span class='ocrx_word' id='word_1_447' title='bbox 1808 2064 1949 2097; x_wconf 83' lang='lat' dir='ltr'>charita-</span> 
     </span>
     <span class='ocr_line' id='line_1_84' title="bbox 1211 2117 1947 2160; baseline -0.001 -8"><span class='ocrx_word' id='word_1_448' title='bbox 1211 2124 1274 2152; x_wconf 87' lang='lat' dir='ltr'>tem</span> <span class='ocrx_word' id='word_1_449' title='bbox 1299 2129 1372 2151; x_wconf 90' lang='lat' dir='ltr'>cum</span> <span class='ocrx_word' id='word_1_450' title='bbox 1396 2117 1577 2150; x_wconf 88' lang='lat' dir='ltr'>humilitate</span> <span class='ocrx_word' id='word_1_451' title='bbox 1610 2117 1850 2150; x_wconf 89' lang='lat' dir='ltr'>recurrentibus</span> <span class='ocrx_word' id='word_1_452' title='bbox 1875 2128 1947 2160; x_wconf 81' lang='lat' dir='ltr'>gre-</span> 
     </span>
     <span class='ocr_line' id='line_1_85' title="bbox 1210 2171 1945 2212; baseline -0.001 -6"><span class='ocrx_word' id='word_1_453' title='bbox 1210 2173 1308 2206; x_wconf 91' lang='lat' dir='ltr'>mium</span> <span class='ocrx_word' id='word_1_454' title='bbox 1333 2171 1464 2205; x_wconf 88' lang='lat' dir='ltr'>minime</span> <span class='ocrx_word' id='word_1_455' title='bbox 1490 2171 1654 2212; x_wconf 84' lang='lat' dir='ltr'>claudere,</span> <span class='ocrx_word' id='word_1_456' title='bbox 1681 2172 1738 2204; x_wconf 87' lang='lat' dir='ltr'>sed</span> <span class='ocrx_word' id='word_1_457' title='bbox 1765 2181 1818 2204; x_wconf 87' lang='lat' dir='ltr'>eos</span> <span class='ocrx_word' id='word_1_458' title='bbox 1844 2171 1945 2205; x_wconf 84' lang='lat' dir='ltr'>obviis</span> 
     </span>
     <span class='ocr_line' id='line_1_86' title="bbox 1208 2223 1946 2267; baseline -0.001 -9"><span class='ocrx_word' id='word_1_459' title='bbox 1208 2225 1294 2259; x_wconf 90' lang='lat' dir='ltr'>ulnis</span> <span class='ocrx_word' id='word_1_460' title='bbox 1333 2224 1485 2267; x_wconf 84' lang='lat' dir='ltr'>amplecti</span> <span class='ocrx_word' id='word_1_461' title='bbox 1525 2223 1700 2264; x_wconf 89' lang='lat' dir='ltr'>consuevit,</span> <span class='ocrx_word' id='word_1_462' title='bbox 1738 2235 1774 2256; x_wconf 79' lang='lat' dir='ltr'>ac</span> <span class='ocrx_word' id='word_1_463' title='bbox 1809 2224 1946 2267; x_wconf 89' lang='lat' dir='ltr'>proinde</span> 
     </span>
     <span class='ocr_line' id='line_1_87' title="bbox 1210 2277 1948 2320; baseline -0.004 -8"><span class='ocrx_word' id='word_1_464' title='bbox 1210 2279 1340 2312; x_wconf 89' lang='lat' dir='ltr'>eosdem</span> <span class='ocrx_word' id='word_1_465' title='bbox 1365 2282 1564 2320; x_wconf 82' lang='lat' dir='ltr'>exponentes</span> <span class='ocrx_word' id='word_1_466' title='bbox 1581 2277 1731 2320; x_wconf 84' lang='lat' dir='ltr'>specialis</span> <span class='ocrx_word' id='word_1_467' title='bbox 1753 2277 1859 2310; x_wconf 82' lang='lat' dir='ltr'>favore</span> <span class='ocrx_word' id='word_1_468' title='bbox 1880 2287 1948 2320; x_wconf 81' lang='lat' dir='ltr'>gra-</span> 
     </span>
     <span class='ocr_line' id='line_1_88' title="bbox 1210 2331 1947 2375; baseline -0.001 -11"><span class='ocrx_word' id='word_1_469' title='bbox 1210 2333 1273 2364; x_wconf 87' lang='lat' dir='ltr'>tiae</span> <span class='ocrx_word' id='word_1_470' title='bbox 1299 2331 1452 2375; x_wconf 86' lang='lat' dir='ltr'>prosequi</span> <span class='ocrx_word' id='word_1_471' title='bbox 1477 2331 1634 2370; x_wconf 84' lang='lat' dir='ltr'>volentes,</span> <span class='ocrx_word' id='word_1_472' title='bbox 1653 2335 1817 2363; x_wconf 86' lang='lat' dir='ltr'>eteorum</span> <span class='ocrx_word' id='word_1_473' title='bbox 1843 2331 1947 2374; x_wconf 82' lang='lat' dir='ltr'>singu-</span> 
     </span>
     <span class='ocr_line' id='line_1_89' title="bbox 1209 2383 1949 2428; baseline -0.001 -10"><span class='ocrx_word' id='word_1_474' title='bbox 1209 2387 1291 2419; x_wconf 89' lang='lat' dir='ltr'>lares</span> <span class='ocrx_word' id='word_1_475' title='bbox 1315 2394 1469 2428; x_wconf 86' lang='lat' dir='ltr'>personas</span> <span class='ocrx_word' id='word_1_476' title='bbox 1493 2394 1510 2415; x_wconf 91' lang='lat' dir='ltr'>a</span> <span class='ocrx_word' id='word_1_477' title='bbox 1535 2383 1700 2426; x_wconf 79' lang='lat' dir='ltr'>quibusvis</span> <span class='ocrx_word' id='word_1_478' title='bbox 1731 2384 1949 2417; x_wconf 78' lang='lat' dir='ltr'>excommuni-</span> 
     </span>
     <span class='ocr_line' id='line_1_90' title="bbox 1210 2435 1950 2480; baseline -0.003 -8"><span class='ocrx_word' id='word_1_479' title='bbox 1210 2439 1355 2479; x_wconf 85' lang='lat' dir='ltr'>cationis,</span> <span class='ocrx_word' id='word_1_480' title='bbox 1382 2435 1604 2480; x_wconf 78' lang='lat' dir='ltr'>suspensionis</span> <span class='ocrx_word' id='word_1_481' title='bbox 1623 2442 1653 2469; x_wconf 90' lang='lat' dir='ltr'>et</span> <span class='ocrx_word' id='word_1_482' title='bbox 1670 2436 1846 2478; x_wconf 88' lang='lat' dir='ltr'>interdicti,</span> <span class='ocrx_word' id='word_1_483' title='bbox 1867 2437 1950 2470; x_wconf 91' lang='lat' dir='ltr'>aliis-</span> 
     </span>
     <span class='ocr_line' id='line_1_91' title="bbox 1211 2489 1950 2536; baseline -0.003 -11"><span class='ocrx_word' id='word_1_484' title='bbox 1211 2502 1271 2536; x_wconf 89' lang='lat' dir='ltr'>que</span> <span class='ocrx_word' id='word_1_485' title='bbox 1298 2490 1526 2524; x_wconf 82' lang='lat' dir='ltr'>ecclesiasticis</span> <span class='ocrx_word' id='word_1_486' title='bbox 1551 2489 1730 2530; x_wconf 80' lang='lat' dir='ltr'>sententiis,</span> <span class='ocrx_word' id='word_1_487' title='bbox 1753 2489 1898 2523; x_wconf 90' lang='lat' dir='ltr'>censuris</span> <span class='ocrx_word' id='word_1_488' title='bbox 1917 2494 1950 2523; x_wconf 85' lang='lat' dir='ltr'>et</span> 
     </span>
     <span class='ocr_line' id='line_1_92' title="bbox 1211 2542 1944 2589; baseline -0.004 -11"><span class='ocrx_word' id='word_1_489' title='bbox 1211 2544 1336 2589; x_wconf 86' lang='lat' dir='ltr'>poenis,</span> <span class='ocrx_word' id='word_1_490' title='bbox 1363 2554 1379 2576; x_wconf 89' lang='lat' dir='ltr'>a</span> <span class='ocrx_word' id='word_1_491' title='bbox 1405 2543 1472 2576; x_wconf 89' lang='lat' dir='ltr'>iure</span> <span class='ocrx_word' id='word_1_492' title='bbox 1498 2544 1548 2576; x_wconf 90' lang='lat' dir='ltr'>vel</span> <span class='ocrx_word' id='word_1_493' title='bbox 1583 2543 1622 2575; x_wconf 88' lang='lat' dir='ltr'>ab</span> <span class='ocrx_word' id='word_1_494' title='bbox 1649 2542 1792 2583; x_wconf 89' lang='lat' dir='ltr'>homine,</span> <span class='ocrx_word' id='word_1_495' title='bbox 1820 2542 1944 2586; x_wconf 89' lang='lat' dir='ltr'>quavis,</span> 
     </span>
     <span class='ocr_line' id='line_1_93' title="bbox 1248 2613 1948 2649; baseline -0.003 -7"><span class='ocrx_word' id='word_1_496' title='bbox 1248 2617 1258 2642; x_wconf 79' lang='lat'>1</span> <span class='ocrx_word' id='word_1_497' title='bbox 1281 2615 1411 2649; x_wconf 86' lang='lat' dir='ltr'>Legerem</span> <span class='ocrx_word' id='word_1_498' title='bbox 1431 2615 1498 2647; x_wconf 72' lang='lat' dir='ltr'>sint,</span> <span class='ocrx_word' id='word_1_499' title='bbox 1522 2623 1581 2641; x_wconf 85' lang='lat' dir='ltr'>nam</span> <span class='ocrx_word' id='word_1_500' title='bbox 1597 2613 1686 2641; x_wconf 85' lang='lat' dir='ltr'>adhuc</span> <span class='ocrx_word' id='word_1_501' title='bbox 1711 2617 1867 2648; x_wconf 77' lang='lat' dir='ltr'>perseverat</span> <span class='ocrx_word' id='word_1_502' title='bbox 1885 2621 1948 2649; x_wconf 81' lang='lat' dir='ltr'>syn-</span> 
     </span>
     <span class='ocr_line' id='line_1_94' title="bbox 1213 2658 1892 2697; baseline -0.003 -10"><span class='ocrx_word' id='word_1_503' title='bbox 1213 2661 1277 2687; x_wconf 76' lang='lat' dir='ltr'>taxis</span> <span class='ocrx_word' id='word_1_504' title='bbox 1297 2659 1430 2694; x_wconf 81' lang='lat' dir='ltr'>inceptam</span> <span class='ocrx_word' id='word_1_505' title='bbox 1450 2668 1498 2694; x_wconf 78' lang='lat' dir='ltr'>per</span> <span class='ocrx_word' id='word_1_506' title='bbox 1517 2658 1674 2695; x_wconf 78' lang='lat' dir='ltr'>particulam</span> <span class='ocrx_word' id='word_1_507' title='bbox 1696 2659 1767 2687; x_wconf 83' lang='lat' dir='ltr'>Cum</span> <span class='ocrx_word' id='word_1_508' title='bbox 1787 2659 1826 2697; x_wconf 75' lang='lat' dir='ltr'>(n.</span> <span class='ocrx_word' id='word_1_509' title='bbox 1842 2658 1892 2694; x_wconf 82' lang='grc' dir='ltr'>Τ.).</span> 
     </span>
    </p>
   </div>
   <div class='ocr_carea' id='block_1_11' title="bbox 1944 272 2128 301">
    <p class='ocr_par' dir='ltr' id='par_1_11' title="bbox 1944 272 2128 301">
     <span class='ocr_line' id='line_1_95' title="bbox 1944 272 2128 301; baseline 0.005 -2"><span class='ocrx_word' id='word_1_510' title='bbox 1944 272 1994 300; x_wconf 83' lang='grc' dir='ltr'>Αη.</span> <span class='ocrx_word' id='word_1_511' title='bbox 2012 272 2039 300; x_wconf 88' lang='lat' dir='ltr'>C.</span> <span class='ocrx_word' id='word_1_512' title='bbox 2060 274 2128 301; x_wconf 71' lang='lat'>1675</span> 
     </span>
    </p>
   </div>
   <div class='ocr_carea' id='block_1_12' title="bbox 1944 465 2130 486">
    <p class='ocr_par' dir='ltr' id='par_1_12' title="bbox 1944 465 2130 486">
     <span class='ocr_line' id='line_1_96' title="bbox 1944 465 2130 486; baseline 0.005 -1"><span class='ocrx_word' id='word_1_513' title='bbox 1944 465 1995 485; x_wconf 82' lang='lat' dir='ltr'>tium</span> <span class='ocrx_word' id='word_1_514' title='bbox 2017 468 2040 486; x_wconf 79' lang='lat' dir='ltr'>ut</span> <span class='ocrx_word' id='word_1_515' title='bbox 2060 466 2080 486; x_wconf 87' lang='lat' dir='ltr'>ln</span> <span class='ocrx_word' id='word_1_516' title='bbox 2096 469 2130 486; x_wconf 77' lang='lat' dir='ltr'>ru-</span> 
     </span>
    </p>
   </div>
   <div class='ocr_carea' id='block_1_13' title="bbox 1945 492 2013 513">
    <p class='ocr_par' dir='ltr' id='par_1_13' title="bbox 1945 492 2013 513">
     <span class='ocr_line' id='line_1_97' title="bbox 1945 492 2013 513; baseline -0.015 0"><span class='ocrx_word' id='word_1_517' title='bbox 1945 492 2013 513; x_wconf 65' lang='lat' dir='ltr'>Drica.</span> 
     </span>
    </p>
   </div>
   <div class='ocr_carea' id='block_1_14' title="bbox 2021 1864 2099 1889">
    <p class='ocr_par' dir='ltr' id='par_1_14' title="bbox 2021 1864 2099 1889">
     <span class='ocr_line' id='line_1_98' title="bbox 2021 1864 2099 1889; baseline -0.013 -5"><span class='ocrx_word' id='word_1_518' title='bbox 2021 1864 2099 1889; x_wconf 65' lang='lat' dir='ltr'>Banign</span> 
     </span>
    </p>
   </div>
   <div class='ocr_carea' id='block_1_15' title="bbox 2103 1865 2143 1882">
    <p class='ocr_par' dir='ltr' id='par_1_15' title="bbox 2103 1865 2143 1882">
     <span class='ocr_line' id='line_1_99' title="bbox 2103 1865 2143 1882; baseline 0 0"><span class='ocrx_word' id='word_1_519' title='bbox 2103 1865 2143 1882; x_wconf 63' lang='lat' dir='ltr'>itan</span> 
     </span>
    </p>
   </div>
   <div class='ocr_carea' id='block_1_16' title="bbox 1957 1889 2142 1916">
    <p class='ocr_par' dir='ltr' id='par_1_16' title="bbox 1957 1889 2142 1916">
     <span class='ocr_line' id='line_1_100' title="bbox 1957 1889 2142 1916; baseline 0.005 -7"><span class='ocrx_word' id='word_1_520' title='bbox 1957 1889 2020 1910; x_wconf 80' lang='lat' dir='ltr'>Sedis</span> <span class='ocrx_word' id='word_1_521' title='bbox 2040 1892 2142 1916; x_wconf 67' lang='lat' dir='ltr'>Apostoli-</span> 
     </span>
    </p>
   </div>
   <div class='ocr_carea' id='block_1_17' title="bbox 1958 1922 2004 1937">
    <p class='ocr_par' dir='ltr' id='par_1_17' title="bbox 1958 1922 2004 1937">
     <span class='ocr_line' id='line_1_101' title="bbox 1958 1922 2004 1937; baseline 0.022 -1"><span class='ocrx_word' id='word_1_522' title='bbox 1958 1922 2004 1937; x_wconf 68' lang='lat' dir='ltr'>cae.</span> 
     </span>
    </p>
   </div>
  </div>
 </body>
</html>
