<?xml version="1.0" encoding="UTF-8"?>
<!DOCTYPE html PUBLIC "-//W3C//DTD XHTML 1.0 Transitional//EN"
    "http://www.w3.org/TR/xhtml1/DTD/xhtml1-transitional.dtd">
<html xmlns="http://www.w3.org/1999/xhtml" xml:lang="en" lang="en">
 <head>
  <title>
</title>
<meta http-equiv="Content-Type" content="text/html;charset=utf-8" />
  <meta name='ocr-system' content='tesseract 3.04.00' />
  <meta name='ocr-capabilities' content='ocr_page ocr_carea ocr_par ocr_line ocrx_word'/>
</head>
<body>
  <div class='ocr_page' id='page_1' title='image "./bullarumdiplomat18cath_0589.png"; bbox 0 0 2279 3260; ppageno 0'>
   <div class='ocr_carea' id='block_1_1' title="bbox 131 296 318 324">
    <p class='ocr_par' dir='ltr' id='par_1_1' title="bbox 131 296 318 324">
     <span class='ocr_line' id='line_1_1' title="bbox 131 296 318 324; baseline 0.011 -2"><span class='ocrx_word' id='word_1_1' title='bbox 131 297 181 323; x_wconf 70' lang='lat' dir='ltr'>An.</span> <span class='ocrx_word' id='word_1_2' title='bbox 203 296 230 322; x_wconf 88' lang='lat' dir='ltr'>C.</span> <span class='ocrx_word' id='word_1_3' title='bbox 253 298 318 324; x_wconf 72' lang='lat'><strong>¹075</strong></span> 
     </span>
    </p>
   </div>
   <div class='ocr_carea' id='block_1_2' title="bbox 132 831 313 882">
    <p class='ocr_par' dir='ltr' id='par_1_2' title="bbox 132 831 313 882">
     <span class='ocr_line' id='line_1_2' title="bbox 153 831 313 852; baseline 0 -1"><span class='ocrx_word' id='word_1_4' title='bbox 153 832 268 852; x_wconf 69' lang='lat' dir='ltr'>canu-ariis</span> <span class='ocrx_word' id='word_1_5' title='bbox 277 831 313 851; x_wconf 75' lang='lat' dir='ltr'>dn-</span> 
     </span>
     <span class='ocr_line' id='line_1_3' title="bbox 132 861 199 882; baseline -0.015 -4"><span class='ocrx_word' id='word_1_6' title='bbox 132 861 199 882; x_wconf 64' lang='lat' dir='ltr'>ron-tt.</span> 
     </span>
    </p>
   </div>
   <div class='ocr_carea' id='block_1_3' title="bbox 130 988 315 1035">
    <p class='ocr_par' dir='ltr' id='par_1_3' title="bbox 130 988 315 1035">
     <span class='ocr_line' id='line_1_4' title="bbox 164 988 315 1014; baseline 0 -6"><span class='ocrx_word' id='word_1_7' title='bbox 164 988 315 1014; x_wconf 68' lang='lat' dir='ltr'>&#39;transumptu-</span> 
     </span>
     <span class='ocr_line' id='line_1_5' title="bbox 130 1015 251 1035; baseline -0.008 0"><span class='ocrx_word' id='word_1_8' title='bbox 130 1021 175 1035; x_wconf 82' lang='lat' dir='ltr'>ruiu</span> <span class='ocrx_word' id='word_1_9' title='bbox 191 1015 251 1035; x_wconf 62' lang='lat' dir='ltr'>inlex.</span> 
     </span>
    </p>
   </div>
   <div class='ocr_carea' id='block_1_4' title="bbox 162 2257 284 2280">
    <p class='ocr_par' dir='ltr' id='par_1_4' title="bbox 162 2257 284 2280">
     <span class='ocr_line' id='line_1_6' title="bbox 162 2257 284 2280; baseline 0.008 -1"><span class='ocrx_word' id='word_1_10' title='bbox 162 2257 284 2280; x_wconf 76' lang='lat' dir='ltr'><strong>Exordium.</strong></span> 
     </span>
    </p>
   </div>
   <div class='ocr_carea' id='block_1_5' title="bbox 951 300 1090 324">
    <p class='ocr_par' dir='ltr' id='par_1_5' title="bbox 951 300 1090 324">
     <span class='ocr_line' id='line_1_7' title="bbox 951 300 1090 324; baseline 0.007 -1"><span class='ocrx_word' id='word_1_11' title='bbox 951 300 1090 324; x_wconf 54' lang='grc' dir='ltr'>(ἶῐΈΧΠὶῗῖῡ</span> 
     </span>
    </p>
   </div>
   <div class='ocr_carea' id='block_1_6' title="bbox 323 347 1058 496">
    <p class='ocr_par' dir='ltr' id='par_1_6' title="bbox 323 347 1058 496">
     <span class='ocr_line' id='line_1_8' title="bbox 325 347 1056 387; baseline 0.001 -8"><span class='ocrx_word' id='word_1_12' title='bbox 325 347 432 387; x_wconf 79' lang='lat' dir='ltr'>officii,</span> <span class='ocrx_word' id='word_1_13' title='bbox 448 348 701 381; x_wconf 67' lang='lat' dir='ltr'>seconoessioni</span> <span class='ocrx_word' id='word_1_14' title='bbox 727 348 816 387; x_wconf 69' lang='lat' dir='ltr'>alias,</span> <span class='ocrx_word' id='word_1_15' title='bbox 839 348 987 381; x_wconf 56' lang='lat' dir='ltr'>ridolirut</span> <span class='ocrx_word' id='word_1_16' title='bbox 1005 349 1056 380; x_wconf 80' lang='lat' dir='ltr'>die</span> 
     </span>
     <span class='ocr_line' id='line_1_9' title="bbox 325 400 1057 441; baseline 0.001 -9"><span class='ocrx_word' id='word_1_17' title='bbox 325 410 354 433; x_wconf 80' lang='lat' dir='ltr'>xi</span> <span class='ocrx_word' id='word_1_18' title='bbox 399 400 543 434; x_wconf 91' lang='lat' dir='ltr'>octobris</span> <span class='ocrx_word' id='word_1_19' title='bbox 567 411 718 441; x_wconf 67' lang='lat' dir='ltr'>Moetxm,</span> <span class='ocrx_word' id='word_1_20' title='bbox 755 400 886 434; x_wconf 85' lang='lat' dir='ltr'>Ordini¹</span> <span class='ocrx_word' id='word_1_21' title='bbox 925 402 1057 433; x_wconf 86' lang='lat' dir='ltr'>fratrum</span> 
     </span>
     <span class='ocr_line' id='line_1_10' title="bbox 323 452 1058 496; baseline 0.001 -11"><span class='ocrx_word' id='word_1_22' title='bbox 323 452 538 486; x_wconf 83' lang='lat' dir='ltr'>Eremitarum</span> <span class='ocrx_word' id='word_1_23' title='bbox 553 454 655 487; x_wconf 87' lang='lat' dir='ltr'>sancti</span> <span class='ocrx_word' id='word_1_24' title='bbox 674 454 844 496; x_wconf 76' lang='lat' dir='ltr'>Augustini</span> <span class='ocrx_word' id='word_1_25' title='bbox 860 455 970 493; x_wconf 87' lang='lat' dir='ltr'>factae,</span> <span class='ocrx_word' id='word_1_26' title='bbox 987 464 1058 486; x_wconf 89' lang='lat' dir='ltr'>con-</span> 
     </span>
    </p>
   </div>
   <div class='ocr_carea' id='block_1_7' title="bbox 324 504 1080 550">
    <p class='ocr_par' dir='ltr' id='par_1_7' title="bbox 324 504 1080 550">
     <span class='ocr_line' id='line_1_11' title="bbox 324 504 1080 550; baseline 0.003 -14"><span class='ocrx_word' id='word_1_27' title='bbox 324 505 471 545; x_wconf 86' lang='lat' dir='ltr'>formare,</span> <span class='ocrx_word' id='word_1_28' title='bbox 503 506 675 550; x_wconf 76' lang='lat' dir='ltr'>omniaque.</span> <span class='ocrx_word' id='word_1_29' title='bbox 708 507 740 539; x_wconf 93' lang='lat' dir='ltr'>in</span> <span class='ocrx_word' id='word_1_30' title='bbox 771 504 958 540; x_wconf 82' lang='lat' dir='ltr'>calendario</span> <span class='ocrx_word' id='word_1_31' title='bbox 986 506 1080 539; x_wconf 66' lang='lat' dir='ltr'>bre-⁴</span> 
     </span>
    </p>
   </div>
   <div class='ocr_carea' id='block_1_8' title="bbox 321 557 1062 1183">
    <p class='ocr_par' dir='ltr' id='par_1_8' title="bbox 321 557 1059 813">
     <span class='ocr_line' id='line_1_12' title="bbox 321 557 1058 603; baseline 0.003 -14"><span class='ocrx_word' id='word_1_32' title='bbox 321 557 411 590; x_wconf 87' lang='lat' dir='ltr'>viarii</span> <span class='ocrx_word' id='word_1_33' title='bbox 436 563 468 590; x_wconf 85' lang='lat' dir='ltr'>ct</span> <span class='ocrx_word' id='word_1_34' title='bbox 494 558 631 592; x_wconf 85' lang='lat' dir='ltr'>missalis</span> <span class='ocrx_word' id='word_1_35' title='bbox 655 559 783 593; x_wconf 75' lang='lat' dir='ltr'>Ordinis</span> <span class='ocrx_word' id='word_1_36' title='bbox 803 559 986 603; x_wconf 89' lang='lat' dir='ltr'>primodicti</span> <span class='ocrx_word' id='word_1_37' title='bbox 1019 560 1058 591; x_wconf 89' lang='lat' dir='ltr'>de</span> 
     </span>
     <span class='ocr_line' id='line_1_13' title="bbox 322 613 1059 656; baseline 0.003 -13"><span class='ocrx_word' id='word_1_38' title='bbox 322 617 499 655; x_wconf 86' lang='lat' dir='ltr'>praecepto</span> <span class='ocrx_word' id='word_1_39' title='bbox 514 613 635 656; x_wconf 89' lang='lat' dir='ltr'>apponi</span> <span class='ocrx_word' id='word_1_40' title='bbox 661 618 692 646; x_wconf 87' lang='lat' dir='ltr'>et</span> <span class='ocrx_word' id='word_1_41' title='bbox 716 613 857 656; x_wconf 83' lang='lat' dir='ltr'><strong>imprimi</strong></span> <span class='ocrx_word' id='word_1_42' title='bbox 878 623 1003 653; x_wconf 86' lang='lat' dir='ltr'>curare,</span> <span class='ocrx_word' id='word_1_43' title='bbox 1024 613 1059 645; x_wconf 93' lang='lat' dir='ltr'>li-</span> 
     </span>
     <span class='ocr_line' id='line_1_14' title="bbox 323 665 1059 709; baseline 0.003 -13"><span class='ocrx_word' id='word_1_44' title='bbox 323 665 402 697; x_wconf 86' lang='lat' dir='ltr'>bere</span> <span class='ocrx_word' id='word_1_45' title='bbox 428 669 460 697; x_wconf 89' lang='lat' dir='ltr'>et</span> <span class='ocrx_word' id='word_1_46' title='bbox 485 665 570 699; x_wconf 85' lang='lat' dir='ltr'>licite</span> <span class='ocrx_word' id='word_1_47' title='bbox 596 667 722 709; x_wconf 84' lang='lat' dir='ltr'>possint</span> <span class='ocrx_word' id='word_1_48' title='bbox 747 671 779 699; x_wconf 86' lang='lat' dir='ltr'>ct</span> <span class='ocrx_word' id='word_1_49' title='bbox 799 667 936 707; x_wconf 85' lang='lat' dir='ltr'>valeant,</span> <span class='ocrx_word' id='word_1_50' title='bbox 953 671 1059 698; x_wconf 88' lang='lat' dir='ltr'>aucto-</span> 
     </span>
     <span class='ocr_line' id='line_1_15' title="bbox 326 715 1056 762; baseline 0.004 -15"><span class='ocrx_word' id='word_1_51' title='bbox 326 715 418 749; x_wconf 88' lang='lat' dir='ltr'>ritate</span> <span class='ocrx_word' id='word_1_52' title='bbox 445 718 640 761; x_wconf 79' lang='lat' dir='ltr'>apostolica,</span> <span class='ocrx_word' id='word_1_53' title='bbox 677 724 792 752; x_wconf 86' lang='lat' dir='ltr'>tenore</span> <span class='ocrx_word' id='word_1_54' title='bbox 817 718 1056 762; x_wconf 88' lang='lat' dir='ltr'>praesentium,</span> 
     </span>
     <span class='ocr_line' id='line_1_16' title="bbox 325 770 820 813; baseline 0.006 -13"><span class='ocrx_word' id='word_1_55' title='bbox 325 770 534 803; x_wconf 85' lang='lat' dir='ltr'>concedimus</span> <span class='ocrx_word' id='word_1_56' title='bbox 552 776 584 803; x_wconf 87' lang='lat' dir='ltr'>et</span> <span class='ocrx_word' id='word_1_57' title='bbox 601 770 820 813; x_wconf 80' lang='lat' dir='ltr'>indulgemus.</span> 
     </span>
    </p>

    <p class='ocr_par' dir='ltr' id='par_1_9' title="bbox 325 821 1060 972">
     <span class='ocr_line' id='line_1_17' title="bbox 368 821 1060 864; baseline -0.001 -10"><span class='ocrx_word' id='word_1_58' title='bbox 368 822 382 864; x_wconf 65' lang='grc' dir='ltr'>ἓ</span> <span class='ocrx_word' id='word_1_59' title='bbox 407 821 438 854; x_wconf 75' lang='lat'>⁶2.</span> <span class='ocrx_word' id='word_1_60' title='bbox 464 822 533 855; x_wconf 86' lang='lat' dir='ltr'>Non</span> <span class='ocrx_word' id='word_1_61' title='bbox 554 824 757 856; x_wconf 68' lang='lat' dir='ltr'>obstantibus</span> <span class='ocrx_word' id='word_1_62' title='bbox 774 822 1060 856; x_wconf 76' lang='lat' dir='ltr'>constitutionibus</span> 
     </span>
     <span class='ocr_line' id='line_1_18' title="bbox 326 875 1058 919; baseline 0 -12"><span class='ocrx_word' id='word_1_63' title='bbox 326 880 355 907; x_wconf 87' lang='lat' dir='ltr'>et</span> <span class='ocrx_word' id='word_1_64' title='bbox 376 875 635 908; x_wconf 79' lang='lat' dir='ltr'>ordinationibus</span> <span class='ocrx_word' id='word_1_65' title='bbox 656 876 858 919; x_wconf 86' lang='lat' dir='ltr'>apostolicis,</span> <span class='ocrx_word' id='word_1_66' title='bbox 876 876 1058 918; x_wconf 83' lang='lat' dir='ltr'>ceterisque</span> 
     </span>
     <span class='ocr_line' id='line_1_19' title="bbox 325 928 787 972; baseline 0.002 -12"><span class='ocrx_word' id='word_1_67' title='bbox 325 928 494 961; x_wconf 74' lang='lat' dir='ltr'>contrariis</span> <span class='ocrx_word' id='word_1_68' title='bbox 519 929 787 972; x_wconf 87' lang='lat' dir='ltr'>quibuscumque.</span> 
     </span>
    </p>

    <p class='ocr_par' dir='ltr' id='par_1_10' title="bbox 325 980 1062 1183">
     <span class='ocr_line' id='line_1_20' title="bbox 369 980 1060 1023; baseline -0.001 -10"><span class='ocrx_word' id='word_1_69' title='bbox 369 981 384 1023; x_wconf 64' lang='grc' dir='ltr'><strong>ἓ</strong></span> <span class='ocrx_word' id='word_1_70' title='bbox 415 980 446 1013; x_wconf 84' lang='lat'>3.</span> <span class='ocrx_word' id='word_1_71' title='bbox 479 981 631 1014; x_wconf 76' lang='lat' dir='ltr'>Volumus</span> <span class='ocrx_word' id='word_1_72' title='bbox 669 987 774 1014; x_wconf 89' lang='lat' dir='ltr'>autem</span> <span class='ocrx_word' id='word_1_73' title='bbox 810 985 845 1013; x_wconf 84' lang='lat' dir='ltr'>ut</span> <span class='ocrx_word' id='word_1_74' title='bbox 876 981 1060 1013; x_wconf 87' lang='lat' dir='ltr'>earumdem</span> 
     </span>
     <span class='ocr_line' id='line_1_21' title="bbox 326 1034 1058 1077; baseline -0.003 -10"><span class='ocrx_word' id='word_1_75' title='bbox 326 1034 543 1077; x_wconf 84' lang='lat' dir='ltr'>praesentium</span> <span class='ocrx_word' id='word_1_76' title='bbox 561 1035 743 1068; x_wconf 87' lang='lat' dir='ltr'>litterarum</span> <span class='ocrx_word' id='word_1_77' title='bbox 761 1034 982 1077; x_wconf 75' lang='lat' dir='ltr'>transumptis,</span> <span class='ocrx_word' id='word_1_78' title='bbox 1002 1044 1058 1066; x_wconf 91' lang='lat' dir='ltr'>seu</span> 
     </span>
     <span class='ocr_line' id='line_1_22' title="bbox 326 1087 1060 1130; baseline -0.001 -10"><span class='ocrx_word' id='word_1_79' title='bbox 326 1088 490 1130; x_wconf 83' lang='lat' dir='ltr'>exemplis,</span> <span class='ocrx_word' id='word_1_80' title='bbox 508 1088 602 1120; x_wconf 85' lang='lat' dir='ltr'>etiam</span> <span class='ocrx_word' id='word_1_81' title='bbox 617 1088 796 1130; x_wconf 77' lang='lat' dir='ltr'>impressis,</span> <span class='ocrx_word' id='word_1_82' title='bbox 814 1098 908 1119; x_wconf 84' lang='lat' dir='ltr'>manu</span> <span class='ocrx_word' id='word_1_83' title='bbox 927 1087 1060 1120; x_wconf 88' lang='lat' dir='ltr'>alieuius</span> 
     </span>
     <span class='ocr_line' id='line_1_23' title="bbox 325 1139 1062 1183; baseline -0.001 -10"><span class='ocrx_word' id='word_1_84' title='bbox 325 1140 442 1173; x_wconf 89' lang='lat' dir='ltr'>notarii</span> <span class='ocrx_word' id='word_1_85' title='bbox 458 1139 579 1183; x_wconf 82' lang='lat' dir='ltr'>publici</span> <span class='ocrx_word' id='word_1_86' title='bbox 597 1140 802 1183; x_wconf 75' lang='lat' dir='ltr'>subscriptis,</span> <span class='ocrx_word' id='word_1_87' title='bbox 821 1145 851 1173; x_wconf 85' lang='lat' dir='ltr'>et</span> <span class='ocrx_word' id='word_1_88' title='bbox 869 1139 976 1183; x_wconf 80' lang='lat' dir='ltr'>sigillo</span> <span class='ocrx_word' id='word_1_89' title='bbox 994 1150 1062 1183; x_wconf 82' lang='lat' dir='ltr'>per·</span> 
     </span>
    </p>
   </div>
   <div class='ocr_carea' id='block_1_9' title="bbox 325 1192 1081 1288">
    <p class='ocr_par' dir='ltr' id='par_1_11' title="bbox 325 1192 1081 1288">
     <span class='ocr_line' id='line_1_24' title="bbox 325 1192 1081 1239; baseline -0.001 -14"><span class='ocrx_word' id='word_1_90' title='bbox 325 1203 422 1226; x_wconf 85' lang='lat' dir='ltr'>sonae</span> <span class='ocrx_word' id='word_1_91' title='bbox 444 1193 476 1225; x_wconf 91' lang='lat' dir='ltr'>in</span> <span class='ocrx_word' id='word_1_92' title='bbox 495 1192 715 1225; x_wconf 77' lang='lat' dir='ltr'>ecclesiastica</span> <span class='ocrx_word' id='word_1_93' title='bbox 732 1192 889 1235; x_wconf 82' lang='lat' dir='ltr'>dignitate</span> <span class='ocrx_word' id='word_1_94' title='bbox 907 1193 1062 1225; x_wconf 88' lang='lat' dir='ltr'>constitu·</span> <span class='ocrx_word' id='word_1_95' title='bbox 1080 1235 1081 1239; x_wconf 13' lang='grc' dir='ltr'><strong>Ἰ</strong></span> 
     </span>
     <span class='ocr_line' id='line_1_25' title="bbox 326 1245 1081 1288; baseline 0.001 -11"><span class='ocrx_word' id='word_1_96' title='bbox 326 1251 375 1278; x_wconf 83' lang='lat' dir='ltr'>tae</span> <span class='ocrx_word' id='word_1_97' title='bbox 392 1245 534 1285; x_wconf 89' lang='lat' dir='ltr'>munitis,</span> <span class='ocrx_word' id='word_1_98' title='bbox 553 1245 664 1278; x_wconf 88' lang='lat' dir='ltr'>eadem</span> <span class='ocrx_word' id='word_1_99' title='bbox 684 1256 816 1288; x_wconf 87' lang='lat' dir='ltr'>prorsus</span> <span class='ocrx_word' id='word_1_100' title='bbox 842 1245 922 1278; x_wconf 83' lang='lat' dir='ltr'>fides</span> <span class='ocrx_word' id='word_1_101' title='bbox 940 1246 1060 1288; x_wconf 88' lang='lat' dir='ltr'>ubique</span> <span class='ocrx_word' id='word_1_102' title='bbox 1080 1248 1081 1251; x_wconf 77' lang='grc'>’</span> 
     </span>
    </p>
   </div>
   <div class='ocr_carea' id='block_1_10' title="bbox 326 1298 1062 1446">
    <p class='ocr_par' dir='ltr' id='par_1_12' title="bbox 326 1298 1062 1446">
     <span class='ocr_line' id='line_1_26' title="bbox 326 1298 1061 1341; baseline 0.001 -11"><span class='ocrx_word' id='word_1_103' title='bbox 326 1298 496 1337; x_wconf 85' lang='lat' dir='ltr'>habeatur,</span> <span class='ocrx_word' id='word_1_104' title='bbox 518 1309 600 1340; x_wconf 84' lang='lat' dir='ltr'>quae</span> <span class='ocrx_word' id='word_1_105' title='bbox 619 1298 795 1331; x_wconf 85' lang='lat' dir='ltr'>baberetur</span> <span class='ocrx_word' id='word_1_106' title='bbox 811 1298 889 1341; x_wconf 87' lang='lat' dir='ltr'>ipsis</span> <span class='ocrx_word' id='word_1_107' title='bbox 907 1309 1061 1341; x_wconf 86' lang='lat' dir='ltr'>praesen-</span> 
     </span>
     <span class='ocr_line' id='line_1_27' title="bbox 327 1350 1036 1384; baseline 0.003 -2"><span class='ocrx_word' id='word_1_108' title='bbox 327 1351 412 1383; x_wconf 86' lang='lat' dir='ltr'>tibus</span> <span class='ocrx_word' id='word_1_109' title='bbox 437 1350 462 1382; x_wconf 88' lang='lat' dir='ltr'>si</span> <span class='ocrx_word' id='word_1_110' title='bbox 489 1351 594 1383; x_wconf 87' lang='lat' dir='ltr'>forent</span> <span class='ocrx_word' id='word_1_111' title='bbox 618 1351 781 1383; x_wconf 81' lang='lat' dir='ltr'>exhibitae</span> <span class='ocrx_word' id='word_1_112' title='bbox 806 1352 855 1383; x_wconf 84' lang='lat' dir='ltr'>vel</span> <span class='ocrx_word' id='word_1_113' title='bbox 877 1356 1036 1384; x_wconf 83' lang='lat' dir='ltr'>ostensae.</span> 
     </span>
     <span class='ocr_line' id='line_1_28' title="bbox 369 1402 1062 1446; baseline 0.001 -10"><span class='ocrx_word' id='word_1_114' title='bbox 369 1403 483 1436; x_wconf 87' lang='lat' dir='ltr'>Datum</span> <span class='ocrx_word' id='word_1_115' title='bbox 508 1402 640 1442; x_wconf 85' lang='lat' dir='ltr'>Romae,</span> <span class='ocrx_word' id='word_1_116' title='bbox 659 1404 745 1446; x_wconf 83' lang='lat' dir='ltr'>apud</span> <span class='ocrx_word' id='word_1_117' title='bbox 762 1402 794 1435; x_wconf 83' lang='lat' dir='ltr'>S.</span> <span class='ocrx_word' id='word_1_118' title='bbox 813 1403 944 1436; x_wconf 80' lang='lat' dir='ltr'>Mariam</span> <span class='ocrx_word' id='word_1_119' title='bbox 966 1404 1062 1437; x_wconf 84' lang='lat' dir='ltr'>Maio-</span> 
     </span>
    </p>
   </div>
   <div class='ocr_carea' id='block_1_11' title="bbox 328 1455 1082 1497">
    <p class='ocr_par' dir='ltr' id='par_1_13' title="bbox 328 1455 1082 1497">
     <span class='ocr_line' id='line_1_29' title="bbox 328 1455 1082 1497; baseline 0.003 -7"><span class='ocrx_word' id='word_1_120' title='bbox 328 1468 407 1496; x_wconf 83' lang='lat' dir='ltr'>rem,</span> <span class='ocrx_word' id='word_1_121' title='bbox 439 1457 498 1489; x_wconf 88' lang='lat' dir='ltr'>sub</span> <span class='ocrx_word' id='word_1_122' title='bbox 531 1459 652 1490; x_wconf 86' lang='lat' dir='ltr'>annulo</span> <span class='ocrx_word' id='word_1_123' title='bbox 678 1457 863 1497; x_wconf 75' lang='lat' dir='ltr'>piscatoris,</span> <span class='ocrx_word' id='word_1_124' title='bbox 891 1457 942 1491; x_wconf 89' lang='lat' dir='ltr'>die</span> <span class='ocrx_word' id='word_1_125' title='bbox 976 1455 1082 1492; x_wconf 68' lang='lat' dir='ltr'>xxvn⁴</span> 
     </span>
    </p>
   </div>
   <div class='ocr_carea' id='block_1_12' title="bbox 326 1510 1061 1713">
    <p class='ocr_par' dir='ltr' id='par_1_14' title="bbox 326 1510 1061 1713">
     <span class='ocr_line' id='line_1_30' title="bbox 326 1510 1061 1554; baseline 0.003 -12"><span class='ocrx_word' id='word_1_126' title='bbox 326 1510 431 1543; x_wconf 88' lang='lat' dir='ltr'>martii</span> <span class='ocrx_word' id='word_1_127' title='bbox 457 1520 613 1550; x_wconf 74' lang='lat' dir='ltr'>iinCLxxv‚</span> <span class='ocrx_word' id='word_1_128' title='bbox 635 1510 843 1554; x_wconf 71' lang='lat' dir='ltr'>pontificatus</span> <span class='ocrx_word' id='word_1_129' title='bbox 881 1511 985 1543; x_wconf 87' lang='lat' dir='ltr'>nostri</span> <span class='ocrx_word' id='word_1_130' title='bbox 1004 1523 1061 1544; x_wconf 83' lang='lat' dir='ltr'>an-</span> 
     </span>
     <span class='ocr_line' id='line_1_31' title="bbox 326 1574 434 1597; baseline 0 -1"><span class='ocrx_word' id='word_1_131' title='bbox 326 1574 369 1596; x_wconf 92' lang='lat' dir='ltr'>no</span> <span class='ocrx_word' id='word_1_132' title='bbox 402 1574 434 1597; x_wconf 90' lang='lat' dir='ltr'>v.</span> 
     </span>
     <span class='ocr_line' id='line_1_32' title="bbox 734 1616 972 1650; baseline 0.008 -2"><span class='ocrx_word' id='word_1_133' title='bbox 734 1616 756 1649; x_wconf 91' lang='grc' dir='ltr'>Ι.</span> <span class='ocrx_word' id='word_1_134' title='bbox 778 1616 812 1649; x_wconf 91' lang='lat' dir='ltr'>G.</span> <span class='ocrx_word' id='word_1_135' title='bbox 833 1616 972 1650; x_wconf 74' lang='lat' dir='ltr'>Strsws.</span> 
     </span>
     <span class='ocr_line' id='line_1_33' title="bbox 360 1678 975 1713; baseline 0 -8"><span class='ocrx_word' id='word_1_136' title='bbox 360 1679 422 1705; x_wconf 86' lang='lat' dir='ltr'>Dat.</span> <span class='ocrx_word' id='word_1_137' title='bbox 439 1678 482 1705; x_wconf 87' lang='lat' dir='ltr'>die</span> <span class='ocrx_word' id='word_1_138' title='bbox 498 1678 530 1706; x_wconf 68' lang='lat'>⁶27</span> <span class='ocrx_word' id='word_1_139' title='bbox 547 1679 637 1706; x_wconf 83' lang='lat' dir='ltr'>martii</span> <span class='ocrx_word' id='word_1_140' title='bbox 656 1679 732 1711; x_wconf 83' lang='lat'>1675,</span> <span class='ocrx_word' id='word_1_141' title='bbox 751 1679 849 1713; x_wconf 75' lang='lat' dir='ltr'>pontit.</span> <span class='ocrx_word' id='word_1_142' title='bbox 862 1687 933 1706; x_wconf 84' lang='lat' dir='ltr'>anno</span> <span class='ocrx_word' id='word_1_143' title='bbox 950 1687 975 1706; x_wconf 90' lang='lat' dir='ltr'>v.</span> 
     </span>
    </p>
   </div>
   <div class='ocr_carea' id='block_1_13' title="bbox 607 1745 775 1750">
    <p class='ocr_par' dir='ltr' id='par_1_15' title="bbox 607 1745 775 1750">
     <span class='ocr_line' id='line_1_34' title="bbox 607 1745 775 1750; baseline 0 0"><span class='ocrx_word' id='word_1_144' title='bbox 607 1745 775 1750; x_wconf 95' lang='lat' dir='ltr'> </span> 
     </span>
    </p>
   </div>
   <div class='ocr_carea' id='block_1_14' title="bbox 615 1819 755 1853">
    <p class='ocr_par' dir='ltr' id='par_1_16' title="bbox 615 1819 755 1853">
     <span class='ocr_line' id='line_1_35' title="bbox 615 1819 755 1853; baseline 0 -1"><span class='ocrx_word' id='word_1_145' title='bbox 615 1819 755 1853; x_wconf 86' lang='lat' dir='ltr'>CLXXX.</span> 
     </span>
    </p>
   </div>
   <div class='ocr_carea' id='block_1_15' title="bbox 326 1899 1062 2099">
    <p class='ocr_par' dir='ltr' id='par_1_17' title="bbox 326 1899 1062 2099">
     <span class='ocr_line' id='line_1_36' title="bbox 326 1899 1062 1943; baseline 0.001 -11"><span class='ocrx_word' id='word_1_146' title='bbox 326 1899 536 1940; x_wconf 73' lang='lat' dir='ltr'>Confirmatio</span> <span class='ocrx_word' id='word_1_147' title='bbox 573 1900 750 1931; x_wconf 65' lang='lat' dir='ltr'>summm-ii</span> <span class='ocrx_word' id='word_1_148' title='bbox 781 1901 1062 1943; x_wconf 65' lang='lat' dir='ltr'>imlulyentiarum</span> 
     </span>
     <span class='ocr_line' id='line_1_37' title="bbox 368 1953 1060 1995; baseline 0.004 -12"><span class='ocrx_word' id='word_1_149' title='bbox 368 1953 741 1993; x_wconf 70' lang='lat' dir='ltr'>aroleiconfmlernilalz&#39;s</span> <span class='ocrx_word' id='word_1_150' title='bbox 787 1957 816 1985; x_wconf 78' lang='lat' dir='ltr'>et</span> <span class='ocrx_word' id='word_1_151' title='bbox 859 1954 1060 1995; x_wconf 59' lang='lat' dir='ltr'>confratrum</span> 
     </span>
     <span class='ocr_line' id='line_1_38' title="bbox 367 2004 1060 2039; baseline 0.006 -4"><span class='ocrx_word' id='word_1_152' title='bbox 367 2004 624 2036; x_wconf 73' lang='lat' dir='ltr'>cincturalorum</span> <span class='ocrx_word' id='word_1_153' title='bbox 666 2004 799 2037; x_wconf 75' lang='lat' dir='ltr'>Ordinis</span> <span class='ocrx_word' id='word_1_154' title='bbox 841 2006 1060 2039; x_wconf 76' lang='lat' dir='ltr'>Eremc‘taram</span> 
     </span>
     <span class='ocr_line' id='line_1_39' title="bbox 367 2057 690 2099; baseline 0.003 -11"><span class='ocrx_word' id='word_1_155' title='bbox 367 2057 473 2089; x_wconf 78' lang='lat' dir='ltr'>sancti</span> <span class='ocrx_word' id='word_1_156' title='bbox 496 2057 690 2099; x_wconf 74' lang='lat' dir='ltr'>Auyustini.</span> 
     </span>
    </p>
   </div>
   <div class='ocr_carea' id='block_1_16' title="bbox 440 2136 939 2214">
    <p class='ocr_par' dir='ltr' id='par_1_18' title="bbox 440 2136 939 2214">
     <span class='ocr_line' id='line_1_40' title="bbox 551 2136 833 2170; baseline 0.004 -8"><span class='ocrx_word' id='word_1_157' title='bbox 551 2136 683 2163; x_wconf 80' lang='lat' dir='ltr'>Clemens</span> <span class='ocrx_word' id='word_1_158' title='bbox 704 2137 782 2170; x_wconf 83' lang='lat' dir='ltr'>Papa</span> <span class='ocrx_word' id='word_1_159' title='bbox 801 2137 833 2167; x_wconf 83' lang='lat' dir='ltr'>X,</span> 
     </span>
     <span class='ocr_line' id='line_1_41' title="bbox 440 2182 939 2214; baseline 0.004 -8"><span class='ocrx_word' id='word_1_160' title='bbox 440 2182 474 2206; x_wconf 85' lang='lat' dir='ltr'>ad</span> <span class='ocrx_word' id='word_1_161' title='bbox 496 2183 672 2214; x_wconf 79' lang='lat' dir='ltr'>perpetuam</span> <span class='ocrx_word' id='word_1_162' title='bbox 692 2183 738 2207; x_wconf 87' lang='lat' dir='ltr'>rei</span> <span class='ocrx_word' id='word_1_163' title='bbox 759 2182 939 2208; x_wconf 87' lang='lat' dir='ltr'>memoriam.</span> 
     </span>
    </p>
   </div>
   <div class='ocr_carea' id='block_1_17' title="bbox 328 2250 1061 2505">
    <p class='ocr_par' dir='ltr' id='par_1_19' title="bbox 328 2250 1061 2505">
     <span class='ocr_line' id='line_1_42' title="bbox 372 2250 1060 2296; baseline 0.006 -14"><span class='ocrx_word' id='word_1_164' title='bbox 372 2250 414 2283; x_wconf 87' lang='lat' dir='ltr'>Ex</span> <span class='ocrx_word' id='word_1_165' title='bbox 441 2250 584 2283; x_wconf 86' lang='lat' dir='ltr'>iniuncto</span> <span class='ocrx_word' id='word_1_166' title='bbox 615 2252 708 2284; x_wconf 89' lang='lat' dir='ltr'>nobis</span> <span class='ocrx_word' id='word_1_167' title='bbox 739 2253 873 2285; x_wconf 85' lang='lat' dir='ltr'>caelitus</span> <span class='ocrx_word' id='word_1_168' title='bbox 905 2254 1060 2296; x_wconf 85' lang='lat' dir='ltr'>apostoli-</span> 
     </span>
     <span class='ocr_line' id='line_1_43' title="bbox 329 2303 1061 2348; baseline 0.003 -12"><span class='ocrx_word' id='word_1_169' title='bbox 329 2314 384 2336; x_wconf 85' lang='lat' dir='ltr'>eae</span> <span class='ocrx_word' id='word_1_170' title='bbox 408 2303 568 2336; x_wconf 82' lang='lat' dir='ltr'>servitutis</span> <span class='ocrx_word' id='word_1_171' title='bbox 592 2314 724 2336; x_wconf 87' lang='lat' dir='ltr'>munere</span> <span class='ocrx_word' id='word_1_172' title='bbox 747 2305 964 2347; x_wconf 71' lang='lat' dir='ltr'>spiritualium</span> <span class='ocrx_word' id='word_1_173' title='bbox 989 2317 1061 2348; x_wconf 79' lang='lat' dir='ltr'>gra-</span> 
     </span>
     <span class='ocr_line' id='line_1_44' title="bbox 330 2356 1061 2402; baseline 0.005 -14"><span class='ocrx_word' id='word_1_174' title='bbox 330 2356 449 2389; x_wconf 86' lang='lat' dir='ltr'>tiarum</span> <span class='ocrx_word' id='word_1_175' title='bbox 473 2357 724 2397; x_wconf 82' lang='lat' dir='ltr'>concessiones,</span> <span class='ocrx_word' id='word_1_176' title='bbox 752 2368 789 2390; x_wconf 84' lang='lat' dir='ltr'>ex</span> <span class='ocrx_word' id='word_1_177' title='bbox 815 2359 866 2401; x_wconf 81' lang='lat' dir='ltr'>pia</span> <span class='ocrx_word' id='word_1_178' title='bbox 891 2360 1061 2402; x_wconf 82' lang='lat' dir='ltr'>prudenti-</span> 
     </span>
     <span class='ocr_line' id='line_1_45' title="bbox 330 2409 1060 2454; baseline 0.005 -13"><span class='ocrx_word' id='word_1_179' title='bbox 330 2420 392 2452; x_wconf 93' lang='lat' dir='ltr'>que</span> <span class='ocrx_word' id='word_1_180' title='bbox 417 2409 512 2441; x_wconf 86' lang='lat' dir='ltr'>huius</span> <span class='ocrx_word' id='word_1_181' title='bbox 543 2415 670 2442; x_wconf 85' lang='lat' dir='ltr'>sanctae</span> <span class='ocrx_word' id='word_1_182' title='bbox 702 2410 792 2443; x_wconf 82' lang='lat' dir='ltr'>Sedis</span> <span class='ocrx_word' id='word_1_183' title='bbox 818 2411 1060 2454; x_wconf 85' lang='lat' dir='ltr'>dispensatione</span> 
     </span>
     <span class='ocr_line' id='line_1_46' title="bbox 328 2462 1061 2505; baseline 0.007 -12"><span class='ocrx_word' id='word_1_184' title='bbox 328 2462 462 2505; x_wconf 79' lang='lat' dir='ltr'>provide</span> <span class='ocrx_word' id='word_1_185' title='bbox 480 2466 655 2501; x_wconf 81' lang='lat' dir='ltr'>emanatas,</span> <span class='ocrx_word' id='word_1_186' title='bbox 670 2463 785 2505; x_wconf 87' lang='lat' dir='ltr'>quibus</span> <span class='ocrx_word' id='word_1_187' title='bbox 801 2464 1061 2498; x_wconf 66' lang='lat' dir='ltr'>ctnistffidelium</span> 
     </span>
    </p>
   </div>
   <div class='ocr_carea' id='block_1_18' title="bbox 329 2514 1083 2558">
    <p class='ocr_par' dir='ltr' id='par_1_20' title="bbox 329 2514 1083 2558">
     <span class='ocr_line' id='line_1_47' title="bbox 329 2514 1083 2558; baseline 0.004 -12"><span class='ocrx_word' id='word_1_188' title='bbox 329 2514 458 2550; x_wconf 73' lang='lat' dir='ltr'>devotio</span> <span class='ocrx_word' id='word_1_189' title='bbox 483 2514 521 2546; x_wconf 90' lang='lat' dir='ltr'>ad</span> <span class='ocrx_word' id='word_1_190' title='bbox 546 2514 675 2557; x_wconf 77' lang='lat' dir='ltr'>pietatis</span> <span class='ocrx_word' id='word_1_191' title='bbox 705 2525 803 2558; x_wconf 87' lang='lat' dir='ltr'>opera</span> <span class='ocrx_word' id='word_1_192' title='bbox 842 2517 994 2549; x_wconf 82' lang='lat' dir='ltr'>incitatur</span> <span class='ocrx_word' id='word_1_193' title='bbox 1030 2523 1083 2553; x_wconf 64' lang='lat' dir='ltr'>ct,</span> 
     </span>
    </p>
   </div>
   <div class='ocr_carea' id='block_1_19' title="bbox 328 2567 1060 2612">
    <p class='ocr_par' dir='ltr' id='par_1_21' title="bbox 328 2567 1060 2612">
     <span class='ocr_line' id='line_1_48' title="bbox 328 2567 1060 2612; baseline 0 -11"><span class='ocrx_word' id='word_1_194' title='bbox 328 2567 531 2607; x_wconf 84' lang='lat' dir='ltr'>confovetur,</span> <span class='ocrx_word' id='word_1_195' title='bbox 558 2568 728 2609; x_wconf 84' lang='lat' dir='ltr'>apostolici</span> <span class='ocrx_word' id='word_1_196' title='bbox 756 2568 942 2601; x_wconf 83' lang='lat' dir='ltr'>muniminis</span> <span class='ocrx_word' id='word_1_197' title='bbox 968 2580 1060 2612; x_wconf 83' lang='lat' dir='ltr'>prae-</span> 
     </span>
    </p>
   </div>
   <div class='ocr_carea' id='block_1_20' title="bbox 329 2620 1081 2661">
    <p class='ocr_par' dir='ltr' id='par_1_22' title="bbox 329 2620 1081 2661">
     <span class='ocr_line' id='line_1_49' title="bbox 329 2620 1081 2661; baseline 0.003 -8"><span class='ocrx_word' id='word_1_198' title='bbox 329 2620 411 2653; x_wconf 88' lang='lat' dir='ltr'>sidio</span> <span class='ocrx_word' id='word_1_199' title='bbox 452 2620 593 2652; x_wconf 85' lang='lat' dir='ltr'>libenter</span> <span class='ocrx_word' id='word_1_200' title='bbox 632 2621 885 2661; x_wconf 81' lang='lat' dir='ltr'>constabilimus,</span> <span class='ocrx_word' id='word_1_201' title='bbox 917 2628 948 2654; x_wconf 86' lang='lat' dir='ltr'>et</span> <span class='ocrx_word' id='word_1_202' title='bbox 980 2623 1081 2655; x_wconf 63' lang='lat' dir='ltr'>alias*</span> 
     </span>
    </p>
   </div>
   <div class='ocr_carea' id='block_1_21' title="bbox 366 2681 967 2718">
    <p class='ocr_par' dir='ltr' id='par_1_23' title="bbox 366 2681 967 2718">
     <span class='ocr_line' id='line_1_50' title="bbox 366 2681 967 2718; baseline 0.002 -9"><span class='ocrx_word' id='word_1_203' title='bbox 366 2683 378 2709; x_wconf 89' lang='lat'>1</span> <span class='ocrx_word' id='word_1_204' title='bbox 395 2681 463 2708; x_wconf 79' lang='lat' dir='ltr'>Male</span> <span class='ocrx_word' id='word_1_205' title='bbox 479 2681 542 2708; x_wconf 87' lang='lat' dir='ltr'>edit.</span> <span class='ocrx_word' id='word_1_206' title='bbox 559 2681 640 2708; x_wconf 79' lang='lat' dir='ltr'>Maia.</span> <span class='ocrx_word' id='word_1_207' title='bbox 658 2682 721 2717; x_wconf 84' lang='lat' dir='ltr'>legit</span> <span class='ocrx_word' id='word_1_208' title='bbox 737 2682 853 2710; x_wconf 77' lang='lat' dir='ltr'>Ordinis</span> <span class='ocrx_word' id='word_1_209' title='bbox 867 2688 906 2718; x_wconf 59' lang='lat' dir='ltr'>tn.</span> <span class='ocrx_word' id='word_1_210' title='bbox 919 2687 967 2716; x_wconf 82' lang='lat' dir='ltr'><strong><em>T.).</em></strong></span> 
     </span>
    </p>
   </div>
   <div class='ocr_carea' id='block_1_22' title="bbox 1099 292 1834 544">
    <p class='ocr_par' dir='ltr' id='par_1_24' title="bbox 1099 292 1834 544">
     <span class='ocr_line' id='line_1_51' title="bbox 1727 292 1784 323; baseline 0.018 -1"><span class='ocrx_word' id='word_1_211' title='bbox 1727 292 1784 323; x_wconf 65' lang='lat'>551</span> 
     </span>
     <span class='ocr_line' id='line_1_52' title="bbox 1100 348 1832 391; baseline -0.001 -12"><span class='ocrx_word' id='word_1_212' title='bbox 1100 349 1238 391; x_wconf 49' lang='lat' dir='ltr'>‹lt-„uper</span> <span class='ocrx_word' id='word_1_213' title='bbox 1273 348 1451 383; x_wconf 71' lang='lat' dir='ltr'>statuimus,</span> <span class='ocrx_word' id='word_1_214' title='bbox 1477 348 1569 385; x_wconf 75' lang='lat' dir='ltr'>sicut,</span> <span class='ocrx_word' id='word_1_215' title='bbox 1598 349 1832 382; x_wconf 68' lang='lat' dir='ltr'>delilwratione</span> 
     </span>
     <span class='ocr_line' id='line_1_53' title="bbox 1100 401 1834 443; baseline 0 -11"><span class='ocrx_word' id='word_1_216' title='bbox 1100 401 1241 443; x_wconf 55' lang='lat' dir='ltr'>prawhi,</span> <span class='ocrx_word' id='word_1_217' title='bbox 1260 401 1298 433; x_wconf 88' lang='lat' dir='ltr'>ad</span> <span class='ocrx_word' id='word_1_218' title='bbox 1318 401 1547 443; x_wconf 78' lang='lat' dir='ltr'>omnipotentis</span> <span class='ocrx_word' id='word_1_219' title='bbox 1574 401 1627 432; x_wconf 75' lang='lat' dir='ltr'>Dei</span> <span class='ocrx_word' id='word_1_220' title='bbox 1648 401 1782 443; x_wconf 74' lang='lat' dir='ltr'>gloriam</span> <span class='ocrx_word' id='word_1_221' title='bbox 1803 406 1834 433; x_wconf 88' lang='lat' dir='ltr'>ct</span> 
     </span>
     <span class='ocr_line' id='line_1_54' title="bbox 1099 453 1834 497; baseline 0.001 -12"><span class='ocrx_word' id='word_1_222' title='bbox 1099 453 1278 486; x_wconf 79' lang='lat' dir='ltr'>animarum</span> <span class='ocrx_word' id='word_1_223' title='bbox 1304 455 1440 487; x_wconf 86' lang='lat' dir='ltr'>salutem</span> <span class='ocrx_word' id='word_1_224' title='bbox 1465 454 1618 497; x_wconf 70' lang='lat' dir='ltr'>expedire</span> <span class='ocrx_word' id='word_1_225' title='bbox 1645 454 1675 485; x_wconf 89' lang='lat' dir='ltr'>in</span> <span class='ocrx_word' id='word_1_226' title='bbox 1700 454 1834 487; x_wconf 90' lang='lat' dir='ltr'>Domino</span> 
     </span>
     <span class='ocr_line' id='line_1_55' title="bbox 1099 507 1308 544; baseline 0.005 -6"><span class='ocrx_word' id='word_1_227' title='bbox 1099 507 1308 544; x_wconf 65' lang='lat' dir='ltr'>arbitrsunur.</span> 
     </span>
    </p>
   </div>
   <div class='ocr_carea' id='block_1_23' title="bbox 1116 302 1202 324">
    <p class='ocr_par' dir='ltr' id='par_1_25' title="bbox 1116 302 1202 324">
     <span class='ocr_line' id='line_1_56' title="bbox 1116 302 1202 324; baseline 0.012 -1"><span class='ocrx_word' id='word_1_228' title='bbox 1116 303 1129 323; x_wconf 66' lang='grc' dir='ltr'>λ</span> <span class='ocrx_word' id='word_1_229' title='bbox 1157 302 1202 324; x_wconf 66' lang='grc' dir='ltr'>ΓΤ.</span> 
     </span>
    </p>
   </div>
   <div class='ocr_carea' id='block_1_24' title="bbox 1078 431 1081 526">
    <p class='ocr_par' dir='ltr' id='par_1_26' title="bbox 1078 431 1081 526">
     <span class='ocr_line' id='line_1_57' title="bbox 1078 431 1081 526; baseline 0 2734"><span class='ocrx_word' id='word_1_230' title='bbox 1078 431 1081 526; x_wconf 95' lang='lat' dir='ltr'> </span> 
     </span>
    </p>
   </div>
   <div class='ocr_carea' id='block_1_25' title="bbox 1078 536 1082 702">
    <p class='ocr_par' dir='ltr' id='par_1_27' title="bbox 1078 536 1082 702">
     <span class='ocr_line' id='line_1_58' title="bbox 1078 536 1082 702; baseline 0 2558"><span class='ocrx_word' id='word_1_231' title='bbox 1078 536 1082 702; x_wconf 95' lang='lat' dir='ltr'> </span> 
     </span>
    </p>
   </div>
   <div class='ocr_carea' id='block_1_26' title="bbox 1078 704 1839 2717">
    <p class='ocr_par' dir='ltr' id='par_1_28' title="bbox 1078 704 1839 1500">
     <span class='ocr_line' id='line_1_59' title="bbox 1078 704 1837 768; baseline 0.003 -20"><span class='ocrx_word' id='word_1_232' title='bbox 1078 704 1081 768; x_wconf 43' lang='grc' dir='ltr'><strong>Γ</strong></span> <span class='ocrx_word' id='word_1_233' title='bbox 1101 717 1294 759; x_wconf 70' lang='lat' dir='ltr'>dulgentias,</span> <span class='ocrx_word' id='word_1_234' title='bbox 1310 719 1565 761; x_wconf 71' lang='lat' dir='ltr'>praerogativas,</span> <span class='ocrx_word' id='word_1_235' title='bbox 1578 719 1758 757; x_wconf 71' lang='lat' dir='ltr'>facultates,</span> <span class='ocrx_word' id='word_1_236' title='bbox 1772 729 1837 761; x_wconf 73' lang='lat' dir='ltr'>gra-</span> 
     </span>
     <span class='ocr_line' id='line_1_60' title="bbox 1079 770 1837 820; baseline 0.004 -19"><span class='ocrx_word' id='word_1_237' title='bbox 1079 770 1161 820; x_wconf 43' lang='lat' dir='ltr'>imas</span> <span class='ocrx_word' id='word_1_238' title='bbox 1186 776 1217 801; x_wconf 81' lang='lat' dir='ltr'>et</span> <span class='ocrx_word' id='word_1_239' title='bbox 1248 771 1373 803; x_wconf 88' lang='lat' dir='ltr'>indulta</span> <span class='ocrx_word' id='word_1_240' title='bbox 1408 782 1628 814; x_wconf 80' lang='lat' dir='ltr'>quaecumque</span> <span class='ocrx_word' id='word_1_241' title='bbox 1669 771 1837 804; x_wconf 81' lang='lat' dir='ltr'>arcliicon-</span> 
     </span>
     <span class='ocr_line' id='line_1_61' title="bbox 1080 821 1837 867; baseline 0.005 -14"><span class='ocrx_word' id='word_1_242' title='bbox 1080 821 1081 862; x_wconf 56' lang='grc' dir='ltr'>ᾖ</span> <span class='ocrx_word' id='word_1_243' title='bbox 1102 822 1294 855; x_wconf 81' lang='lat' dir='ltr'>fraternitati</span> <span class='ocrx_word' id='word_1_244' title='bbox 1334 823 1593 856; x_wconf 81' lang='lat' dir='ltr'>Cincturatoruin</span> <span class='ocrx_word' id='word_1_245' title='bbox 1633 830 1837 867; x_wconf 83' lang='lat' dir='ltr'>nuncupatae</span> 
     </span>
     <span class='ocr_line' id='line_1_62' title="bbox 1080 863 1836 931; baseline 0.005 -25"><span class='ocrx_word' id='word_1_246' title='bbox 1080 863 1082 931; x_wconf 56' lang='lat' dir='ltr'>l</span> <span class='ocrx_word' id='word_1_247' title='bbox 1101 876 1201 907; x_wconf 84' lang='lat' dir='ltr'>saneti</span> <span class='ocrx_word' id='word_1_248' title='bbox 1221 876 1387 918; x_wconf 75' lang='lat' dir='ltr'>Augustini</span> <span class='ocrx_word' id='word_1_249' title='bbox 1406 882 1438 909; x_wconf 90' lang='lat' dir='ltr'>et</span> <span class='ocrx_word' id='word_1_250' title='bbox 1458 882 1585 909; x_wconf 85' lang='lat' dir='ltr'>sanctae</span> <span class='ocrx_word' id='word_1_251' title='bbox 1608 877 1759 917; x_wconf 80' lang='lat' dir='ltr'>Monicae,</span> <span class='ocrx_word' id='word_1_252' title='bbox 1779 878 1836 910; x_wconf 83' lang='lat' dir='ltr'>sub</span> 
     </span>
     <span class='ocr_line' id='line_1_63' title="bbox 1080 928 1838 971; baseline 0.005 -12"><span class='ocrx_word' id='word_1_253' title='bbox 1080 928 1303 961; x_wconf 75' lang='lat' dir='ltr'>⁴invocatione</span> <span class='ocrx_word' id='word_1_254' title='bbox 1330 930 1363 961; x_wconf 79' lang='lat' dir='ltr'>B.</span> <span class='ocrx_word' id='word_1_255' title='bbox 1391 930 1530 971; x_wconf 70' lang='lat' dir='ltr'>Virginis</span> <span class='ocrx_word' id='word_1_256' title='bbox 1556 930 1670 962; x_wconf 76' lang='lat' dir='ltr'>Mariae</span> <span class='ocrx_word' id='word_1_257' title='bbox 1697 931 1735 962; x_wconf 89' lang='lat' dir='ltr'>de</span> <span class='ocrx_word' id='word_1_258' title='bbox 1761 929 1838 963; x_wconf 87' lang='lat' dir='ltr'>Con-</span> 
     </span>
     <span class='ocr_line' id='line_1_64' title="bbox 1102 981 1838 1024; baseline 0.004 -12"><span class='ocrx_word' id='word_1_259' title='bbox 1102 981 1262 1014; x_wconf 81' lang='lat' dir='ltr'>solatione</span> <span class='ocrx_word' id='word_1_260' title='bbox 1289 987 1510 1024; x_wconf 80' lang='lat' dir='ltr'>nuncupatae,</span> <span class='ocrx_word' id='word_1_261' title='bbox 1532 982 1565 1014; x_wconf 92' lang='lat' dir='ltr'>in</span> <span class='ocrx_word' id='word_1_262' title='bbox 1586 983 1724 1015; x_wconf 76' lang='lat' dir='ltr'>ecclesia</span> <span class='ocrx_word' id='word_1_263' title='bbox 1743 982 1774 1015; x_wconf 85' lang='lat' dir='ltr'>S.</span> <span class='ocrx_word' id='word_1_264' title='bbox 1794 983 1838 1015; x_wconf 87' lang='lat' dir='ltr'>Ia-</span> 
     </span>
     <span class='ocr_line' id='line_1_65' title="bbox 1103 1034 1835 1075; baseline 0 -8"><span class='ocrx_word' id='word_1_265' title='bbox 1103 1034 1175 1067; x_wconf 85' lang='lat' dir='ltr'>cobi</span> <span class='ocrx_word' id='word_1_266' title='bbox 1219 1034 1415 1067; x_wconf 82' lang='lat' dir='ltr'>Bononiensi</span> <span class='ocrx_word' id='word_1_267' title='bbox 1453 1035 1608 1068; x_wconf 77' lang='lat' dir='ltr'>canonice</span> <span class='ocrx_word' id='word_1_268' title='bbox 1646 1036 1811 1068; x_wconf 88' lang='lat' dir='ltr'>institutae</span> <span class='ocrx_word' id='word_1_269' title='bbox 1827 1063 1835 1075; x_wconf 89' lang='lat'>,</span> 
     </span>
     <span class='ocr_line' id='line_1_66' title="bbox 1103 1087 1838 1131; baseline 0.001 -12"><span class='ocrx_word' id='word_1_270' title='bbox 1103 1087 1167 1119; x_wconf 72' lang='lat' dir='ltr'>sive</span> <span class='ocrx_word' id='word_1_271' title='bbox 1193 1087 1263 1120; x_wconf 87' lang='lat' dir='ltr'>aliis</span> <span class='ocrx_word' id='word_1_272' title='bbox 1289 1098 1565 1131; x_wconf 54' lang='lat' dir='ltr'>quorumcumque</span> <span class='ocrx_word' id='word_1_273' title='bbox 1591 1090 1737 1121; x_wconf 88' lang='lat' dir='ltr'>locorum</span> <span class='ocrx_word' id='word_1_274' title='bbox 1763 1094 1838 1121; x_wconf 86' lang='lat' dir='ltr'>con-</span> 
     </span>
     <span class='ocr_line' id='line_1_67' title="bbox 1102 1140 1838 1180; baseline 0.003 -9"><span class='ocrx_word' id='word_1_275' title='bbox 1102 1140 1354 1172; x_wconf 79' lang='lat' dir='ltr'>fraternitatibus</span> <span class='ocrx_word' id='word_1_276' title='bbox 1380 1140 1408 1172; x_wconf 88' lang='lat' dir='ltr'>ei</span> <span class='ocrx_word' id='word_1_277' title='bbox 1434 1140 1542 1172; x_wconf 84' lang='lat' dir='ltr'>debite</span> <span class='ocrx_word' id='word_1_278' title='bbox 1576 1141 1720 1180; x_wconf 74' lang='lat' dir='ltr'>annexis,</span> <span class='ocrx_word' id='word_1_279' title='bbox 1747 1146 1778 1173; x_wconf 89' lang='lat' dir='ltr'>ct</span> <span class='ocrx_word' id='word_1_280' title='bbox 1802 1140 1838 1172; x_wconf 83' lang='lat' dir='ltr'>it-</span> 
     </span>
     <span class='ocr_line' id='line_1_68' title="bbox 1103 1193 1839 1236; baseline 0.001 -11"><span class='ocrx_word' id='word_1_281' title='bbox 1103 1193 1163 1225; x_wconf 91' lang='lat' dir='ltr'>lius</span> <span class='ocrx_word' id='word_1_282' title='bbox 1196 1193 1259 1225; x_wconf 74' lang='lat' dir='ltr'>sire</span> <span class='ocrx_word' id='word_1_283' title='bbox 1292 1193 1418 1226; x_wconf 89' lang='lat' dir='ltr'>illarum</span> <span class='ocrx_word' id='word_1_284' title='bbox 1445 1193 1612 1236; x_wconf 88' lang='lat' dir='ltr'>utriusque</span> <span class='ocrx_word' id='word_1_285' title='bbox 1645 1204 1738 1226; x_wconf 79' lang='lat' dir='ltr'>sexus</span> <span class='ocrx_word' id='word_1_286' title='bbox 1763 1203 1839 1226; x_wconf 88' lang='lat' dir='ltr'>con-</span> 
     </span>
     <span class='ocr_line' id='line_1_69' title="bbox 1104 1245 1839 1289; baseline 0.001 -12"><span class='ocrx_word' id='word_1_287' title='bbox 1104 1245 1252 1278; x_wconf 72' lang='lat' dir='ltr'>fratribus</span> <span class='ocrx_word' id='word_1_288' title='bbox 1278 1245 1466 1278; x_wconf 86' lang='lat' dir='ltr'>cincturatis</span> <span class='ocrx_word' id='word_1_289' title='bbox 1498 1257 1557 1288; x_wconf 86' lang='lat' dir='ltr'>pro</span> <span class='ocrx_word' id='word_1_290' title='bbox 1590 1251 1734 1289; x_wconf 86' lang='lat' dir='ltr'>tempore</span> <span class='ocrx_word' id='word_1_291' title='bbox 1760 1247 1839 1279; x_wconf 81' lang='lat' dir='ltr'>exis-</span> 
     </span>
     <span class='ocr_line' id='line_1_70' title="bbox 1104 1298 1839 1341; baseline -0.001 -11"><span class='ocrx_word' id='word_1_292' title='bbox 1104 1298 1254 1338; x_wconf 78' lang='lat' dir='ltr'>tentibus,</span> <span class='ocrx_word' id='word_1_293' title='bbox 1273 1303 1336 1331; x_wconf 86' lang='lat' dir='ltr'>tam</span> <span class='ocrx_word' id='word_1_294' title='bbox 1362 1309 1420 1341; x_wconf 87' lang='lat' dir='ltr'>per</span> <span class='ocrx_word' id='word_1_295' title='bbox 1441 1299 1637 1331; x_wconf 78' lang='lat' dir='ltr'>recolendae</span> <span class='ocrx_word' id='word_1_296' title='bbox 1663 1299 1839 1331; x_wconf 79' lang='lat' dir='ltr'>memoriae</span> 
     </span>
     <span class='ocr_line' id='line_1_71' title="bbox 1103 1350 1839 1394; baseline 0.001 -12"><span class='ocrx_word' id='word_1_297' title='bbox 1103 1350 1293 1393; x_wconf 74' lang='lat' dir='ltr'>Gregorium</span> <span class='ocrx_word' id='word_1_298' title='bbox 1308 1351 1373 1384; x_wconf 87' lang='lat' dir='ltr'>Xlll</span> <span class='ocrx_word' id='word_1_299' title='bbox 1392 1357 1419 1383; x_wconf 84' lang='lat' dir='ltr'>et</span> <span class='ocrx_word' id='word_1_300' title='bbox 1437 1351 1628 1394; x_wconf 74' lang='lat' dir='ltr'>Gregorium</span> <span class='ocrx_word' id='word_1_301' title='bbox 1647 1351 1723 1391; x_wconf 77' lang='lat' dir='ltr'>XIV,</span> <span class='ocrx_word' id='word_1_302' title='bbox 1744 1362 1839 1394; x_wconf 87' lang='lat' dir='ltr'>quam</span> 
     </span>
     <span class='ocr_line' id='line_1_72' title="bbox 1103 1403 1839 1447; baseline -0.001 -11"><span class='ocrx_word' id='word_1_303' title='bbox 1103 1415 1324 1447; x_wconf 83' lang='lat' dir='ltr'>quoscumque</span> <span class='ocrx_word' id='word_1_304' title='bbox 1360 1404 1440 1437; x_wconf 87' lang='lat' dir='ltr'>alios</span> <span class='ocrx_word' id='word_1_305' title='bbox 1473 1405 1634 1437; x_wconf 80' lang='lat' dir='ltr'>Romanos</span> <span class='ocrx_word' id='word_1_306' title='bbox 1666 1403 1839 1437; x_wconf 74' lang='lat' dir='ltr'>Pontifices</span> 
     </span>
     <span class='ocr_line' id='line_1_73' title="bbox 1103 1457 1837 1500; baseline 0 -11"><span class='ocrx_word' id='word_1_307' title='bbox 1103 1458 1375 1500; x_wconf 81' lang='lat' dir='ltr'>praedecessores</span> <span class='ocrx_word' id='word_1_308' title='bbox 1391 1458 1512 1500; x_wconf 87' lang='lat' dir='ltr'>pariter</span> <span class='ocrx_word' id='word_1_309' title='bbox 1536 1463 1675 1496; x_wconf 88' lang='lat' dir='ltr'>nostros,</span> <span class='ocrx_word' id='word_1_310' title='bbox 1695 1457 1837 1500; x_wconf 87' lang='lat' dir='ltr'>quando·</span> 
     </span>
    </p>

    <p class='ocr_par' dir='ltr' id='par_1_29' title="bbox 1080 1510 1839 1922">
     <span class='ocr_line' id='line_1_74' title="bbox 1103 1510 1839 1553; baseline -0.001 -11"><span class='ocrx_word' id='word_1_311' title='bbox 1103 1521 1239 1552; x_wconf 88' lang='lat' dir='ltr'>cumque</span> <span class='ocrx_word' id='word_1_312' title='bbox 1265 1515 1293 1542; x_wconf 84' lang='lat' dir='ltr'>et</span> <span class='ocrx_word' id='word_1_313' title='bbox 1322 1511 1638 1553; x_wconf 80' lang='lat' dir='ltr'>quomodocumque,</span> <span class='ocrx_word' id='word_1_314' title='bbox 1664 1510 1759 1542; x_wconf 86' lang='lat' dir='ltr'>etiam</span> <span class='ocrx_word' id='word_1_315' title='bbox 1780 1520 1839 1552; x_wconf 84' lang='lat' dir='ltr'>per</span> 
     </span>
     <span class='ocr_line' id='line_1_75' title="bbox 1080 1531 1838 1604; baseline -0.001 -9"><span class='ocrx_word' id='word_1_316' title='bbox 1080 1531 1185 1602; x_wconf 75' lang='lat' dir='ltr'>lviam</span> <span class='ocrx_word' id='word_1_317' title='bbox 1211 1566 1242 1595; x_wconf 90' lang='lat' dir='ltr'>et</span> <span class='ocrx_word' id='word_1_318' title='bbox 1267 1562 1395 1594; x_wconf 90' lang='lat' dir='ltr'>modum</span> <span class='ocrx_word' id='word_1_319' title='bbox 1422 1562 1628 1599; x_wconf 77' lang='lat' dir='ltr'>extensionis,</span> <span class='ocrx_word' id='word_1_320' title='bbox 1655 1562 1838 1604; x_wconf 83' lang='lat' dir='ltr'>ampliatio-</span> 
     </span>
     <span class='ocr_line' id='line_1_76' title="bbox 1081 1615 1837 1657; baseline 0 -9"><span class='ocrx_word' id='word_1_321' title='bbox 1081 1625 1082 1657; x_wconf 67' lang='lat'>}</span> <span class='ocrx_word' id='word_1_322' title='bbox 1103 1617 1152 1648; x_wconf 89' lang='lat' dir='ltr'>nis</span> <span class='ocrx_word' id='word_1_323' title='bbox 1177 1621 1209 1648; x_wconf 87' lang='lat' dir='ltr'>et</span> <span class='ocrx_word' id='word_1_324' title='bbox 1232 1615 1549 1654; x_wconf 86' lang='lat' dir='ltr'>communicationis,</span> <span class='ocrx_word' id='word_1_325' title='bbox 1591 1626 1626 1647; x_wconf 88' lang='lat' dir='ltr'>ac</span> <span class='ocrx_word' id='word_1_326' title='bbox 1661 1615 1750 1653; x_wconf 76' lang='lat' dir='ltr'>alias,</span> <span class='ocrx_word' id='word_1_327' title='bbox 1777 1617 1837 1648; x_wconf 90' lang='lat' dir='ltr'>sub</span> 
     </span>
     <span class='ocr_line' id='line_1_77' title="bbox 1081 1663 1838 1720; baseline 0.001 -20"><span class='ocrx_word' id='word_1_328' title='bbox 1081 1663 1358 1720; x_wconf 50' lang='lat' dir='ltr'>{quibuscumque</span> <span class='ocrx_word' id='word_1_329' title='bbox 1391 1668 1559 1700; x_wconf 81' lang='lat' dir='ltr'>tenoribus</span> <span class='ocrx_word' id='word_1_330' title='bbox 1584 1673 1615 1701; x_wconf 89' lang='lat' dir='ltr'>et</span> <span class='ocrx_word' id='word_1_331' title='bbox 1649 1668 1767 1707; x_wconf 84' lang='lat' dir='ltr'>formis,</span> <span class='ocrx_word' id='word_1_332' title='bbox 1801 1679 1838 1701; x_wconf 84' lang='lat' dir='ltr'>ac</span> 
     </span>
     <span class='ocr_line' id='line_1_78' title="bbox 1081 1721 1839 1767; baseline -0.001 -13"><span class='ocrx_word' id='word_1_333' title='bbox 1081 1732 1083 1767; x_wconf 59' lang='lat' dir='ltr'>l</span> <span class='ocrx_word' id='word_1_334' title='bbox 1103 1733 1174 1754; x_wconf 89' lang='lat' dir='ltr'>cum</span> <span class='ocrx_word' id='word_1_335' title='bbox 1198 1722 1360 1765; x_wconf 82' lang='lat' dir='ltr'>quibusvis</span> <span class='ocrx_word' id='word_1_336' title='bbox 1384 1721 1537 1754; x_wconf 75' lang='lat' dir='ltr'>clausulis</span> <span class='ocrx_word' id='word_1_337' title='bbox 1563 1727 1596 1754; x_wconf 88' lang='lat' dir='ltr'>et</span> <span class='ocrx_word' id='word_1_338' title='bbox 1620 1721 1769 1760; x_wconf 87' lang='lat' dir='ltr'>decretis,</span> <span class='ocrx_word' id='word_1_339' title='bbox 1786 1732 1839 1753; x_wconf 89' lang='lat' dir='ltr'>ea-</span> 
     </span>
     <span class='ocr_line' id='line_1_79' title="bbox 1081 1774 1838 1818; baseline 0.001 -12"><span class='ocrx_word' id='word_1_340' title='bbox 1081 1774 1197 1808; x_wconf 62' lang='lat' dir='ltr'>fitenus</span> <span class='ocrx_word' id='word_1_341' title='bbox 1235 1774 1483 1818; x_wconf 82' lang='lat' dir='ltr'>quomodolibet</span> <span class='ocrx_word' id='word_1_342' title='bbox 1522 1785 1690 1813; x_wconf 86' lang='lat' dir='ltr'>concessa,</span> <span class='ocrx_word' id='word_1_343' title='bbox 1718 1779 1749 1806; x_wconf 85' lang='lat' dir='ltr'>et</span> <span class='ocrx_word' id='word_1_344' title='bbox 1781 1774 1838 1807; x_wconf 87' lang='lat' dir='ltr'>ali-</span> 
     </span>
     <span class='ocr_line' id='line_1_80' title="bbox 1081 1801 1838 1871; baseline -0.003 -11"><span class='ocrx_word' id='word_1_345' title='bbox 1081 1801 1083 1865; x_wconf 74' lang='lat' dir='ltr'>l</span> <span class='ocrx_word' id='word_1_346' title='bbox 1104 1828 1233 1871; x_wconf 84' lang='lat' dir='ltr'>quando</span> <span class='ocrx_word' id='word_1_347' title='bbox 1259 1833 1418 1866; x_wconf 80' lang='lat' dir='ltr'>revocata,</span> <span class='ocrx_word' id='word_1_348' title='bbox 1445 1837 1480 1859; x_wconf 89' lang='lat' dir='ltr'>ac</span> <span class='ocrx_word' id='word_1_349' title='bbox 1504 1827 1563 1859; x_wconf 88' lang='lat' dir='ltr'>sub</span> <span class='ocrx_word' id='word_1_350' title='bbox 1596 1827 1765 1870; x_wconf 89' lang='lat' dir='ltr'>quibusvis</span> <span class='ocrx_word' id='word_1_351' title='bbox 1789 1837 1838 1859; x_wconf 87' lang='lat' dir='ltr'>re-</span> 
     </span>
     <span class='ocr_line' id='line_1_81' title="bbox 1081 1870 1837 1922; baseline -0.003 -9"><span class='ocrx_word' id='word_1_352' title='bbox 1081 1870 1083 1922; x_wconf 63' lang='lat' dir='ltr'>l</span> <span class='ocrx_word' id='word_1_353' title='bbox 1102 1880 1334 1919; x_wconf 84' lang='lat' dir='ltr'>vocationibus,</span> <span class='ocrx_word' id='word_1_354' title='bbox 1358 1879 1643 1922; x_wconf 84' lang='lat' dir='ltr'>suspensionibus,</span> <span class='ocrx_word' id='word_1_355' title='bbox 1662 1879 1837 1912; x_wconf 84' lang='lat' dir='ltr'>restrictio-</span> 
     </span>
    </p>

    <p class='ocr_par' dir='ltr' id='par_1_30' title="bbox 1078 1931 1839 2717">
     <span class='ocr_line' id='line_1_82' title="bbox 1104 1931 1837 1966; baseline -0.001 -1"><span class='ocrx_word' id='word_1_356' title='bbox 1104 1934 1199 1966; x_wconf 88' lang='lat' dir='ltr'>nibus</span> <span class='ocrx_word' id='word_1_357' title='bbox 1240 1938 1273 1965; x_wconf 76' lang='lat' dir='ltr'>et</span> <span class='ocrx_word' id='word_1_358' title='bbox 1311 1932 1607 1965; x_wconf 80' lang='lat' dir='ltr'>modificationibus</span> <span class='ocrx_word' id='word_1_359' title='bbox 1646 1931 1837 1964; x_wconf 84' lang='lat' dir='ltr'>auctoritate</span> 
     </span>
     <span class='ocr_line' id='line_1_83' title="bbox 1103 1985 1838 2030; baseline -0.004 -11"><span class='ocrx_word' id='word_1_360' title='bbox 1103 1986 1280 2030; x_wconf 73' lang='lat' dir='ltr'>apostolica</span> <span class='ocrx_word' id='word_1_361' title='bbox 1301 1986 1398 2017; x_wconf 86' lang='lat' dir='ltr'>ctiam</span> <span class='ocrx_word' id='word_1_362' title='bbox 1420 1985 1691 2028; x_wconf 81' lang='lat' dir='ltr'>quandocumque</span> <span class='ocrx_word' id='word_1_363' title='bbox 1710 1990 1739 2017; x_wconf 89' lang='lat' dir='ltr'>et</span> <span class='ocrx_word' id='word_1_364' title='bbox 1761 1996 1838 2027; x_wconf 91' lang='lat' dir='ltr'>qua-</span> 
     </span>
     <span class='ocr_line' id='line_1_84' title="bbox 1102 2038 1838 2082; baseline -0.003 -10"><span class='ocrx_word' id='word_1_365' title='bbox 1102 2040 1315 2082; x_wconf 86' lang='lat' dir='ltr'>litercumque</span> <span class='ocrx_word' id='word_1_366' title='bbox 1340 2038 1429 2070; x_wconf 83' lang='lat' dir='ltr'>factis</span> <span class='ocrx_word' id='word_1_367' title='bbox 1457 2038 1704 2081; x_wconf 86' lang='lat' dir='ltr'>comprehensa,</span> <span class='ocrx_word' id='word_1_368' title='bbox 1731 2039 1838 2070; x_wconf 88' lang='lat' dir='ltr'>decre-</span> 
     </span>
     <span class='ocr_line' id='line_1_85' title="bbox 1105 2090 1838 2134; baseline -0.001 -10"><span class='ocrx_word' id='word_1_369' title='bbox 1105 2093 1142 2125; x_wconf 87' lang='lat' dir='ltr'>tis</span> <span class='ocrx_word' id='word_1_370' title='bbox 1170 2098 1275 2124; x_wconf 86' lang='lat' dir='ltr'>tamcn</span> <span class='ocrx_word' id='word_1_371' title='bbox 1300 2091 1436 2124; x_wconf 84' lang='lat' dir='ltr'>Coneilii</span> <span class='ocrx_word' id='word_1_372' title='bbox 1461 2090 1641 2123; x_wconf 84' lang='lat' dir='ltr'>Tridentini</span> <span class='ocrx_word' id='word_1_373' title='bbox 1662 2102 1725 2123; x_wconf 92' lang='lat' dir='ltr'>non</span> <span class='ocrx_word' id='word_1_374' title='bbox 1743 2101 1838 2134; x_wconf 49' lang='lat' dir='ltr'>repua</span> 
     </span>
     <span class='ocr_line' id='line_1_86' title="bbox 1103 2143 1839 2187; baseline -0.003 -10"><span class='ocrx_word' id='word_1_375' title='bbox 1103 2145 1243 2187; x_wconf 73' lang='lat' dir='ltr'>gnantia,</span> <span class='ocrx_word' id='word_1_376' title='bbox 1271 2154 1399 2176; x_wconf 89' lang='lat' dir='ltr'>necnon</span> <span class='ocrx_word' id='word_1_377' title='bbox 1433 2144 1556 2176; x_wconf 86' lang='lat' dir='ltr'>litteras</span> <span class='ocrx_word' id='word_1_378' title='bbox 1592 2143 1732 2186; x_wconf 88' lang='lat' dir='ltr'>desuper</span> <span class='ocrx_word' id='word_1_379' title='bbox 1756 2154 1839 2180; x_wconf 87' lang='lat' dir='ltr'>ema-</span> 
     </span>
     <span class='ocr_line' id='line_1_87' title="bbox 1103 2196 1837 2239; baseline -0.003 -9"><span class='ocrx_word' id='word_1_380' title='bbox 1103 2203 1200 2237; x_wconf 88' lang='lat' dir='ltr'>natas,</span> <span class='ocrx_word' id='word_1_381' title='bbox 1217 2197 1329 2229; x_wconf 78' lang='lat' dir='ltr'>eadcm</span> <span class='ocrx_word' id='word_1_382' title='bbox 1346 2196 1533 2229; x_wconf 87' lang='lat' dir='ltr'>auctoritate</span> <span class='ocrx_word' id='word_1_383' title='bbox 1555 2200 1711 2239; x_wconf 83' lang='lat' dir='ltr'>perpetuo</span> <span class='ocrx_word' id='word_1_384' title='bbox 1726 2206 1837 2239; x_wconf 78' lang='lat' dir='ltr'>appio·</span> 
     </span>
     <span class='ocr_line' id='line_1_88' title="bbox 1102 2247 1838 2287; baseline -0.004 -5"><span class='ocrx_word' id='word_1_385' title='bbox 1102 2250 1187 2282; x_wconf 82' lang='lat' dir='ltr'>bavit</span> <span class='ocrx_word' id='word_1_386' title='bbox 1211 2255 1244 2282; x_wconf 85' lang='lat' dir='ltr'>et</span> <span class='ocrx_word' id='word_1_387' title='bbox 1267 2249 1469 2282; x_wconf 63' lang='lat' dir='ltr'>contii-mavit</span> <span class='ocrx_word' id='word_1_388' title='bbox 1502 2259 1538 2281; x_wconf 86' lang='lat' dir='ltr'>ac</span> <span class='ocrx_word' id='word_1_389' title='bbox 1573 2248 1747 2287; x_wconf 87' lang='lat' dir='ltr'>innovavit,</span> <span class='ocrx_word' id='word_1_390' title='bbox 1778 2247 1838 2280; x_wconf 84' lang='lat' dir='ltr'>els-</span> 
     </span>
     <span class='ocr_line' id='line_1_89' title="bbox 1102 2301 1836 2346; baseline -0.001 -12"><span class='ocrx_word' id='word_1_391' title='bbox 1102 2314 1163 2346; x_wconf 87' lang='lat' dir='ltr'>que</span> <span class='ocrx_word' id='word_1_392' title='bbox 1180 2306 1357 2345; x_wconf 80' lang='lat' dir='ltr'>perpetuae</span> <span class='ocrx_word' id='word_1_393' title='bbox 1374 2306 1406 2334; x_wconf 88' lang='lat' dir='ltr'>et</span> <span class='ocrx_word' id='word_1_394' title='bbox 1422 2301 1617 2334; x_wconf 87' lang='lat' dir='ltr'>inviolabilis</span> <span class='ocrx_word' id='word_1_395' title='bbox 1637 2301 1836 2343; x_wconf 78' lang='lat' dir='ltr'>apostolicae</span> 
     </span>
     <span class='ocr_line' id='line_1_90' title="bbox 1102 2353 1833 2393; baseline -0.004 -6"><span class='ocrx_word' id='word_1_396' title='bbox 1102 2354 1259 2387; x_wconf 83' lang='lat' dir='ltr'>firmitatis</span> <span class='ocrx_word' id='word_1_397' title='bbox 1285 2355 1383 2386; x_wconf 89' lang='lat' dir='ltr'>robur</span> <span class='ocrx_word' id='word_1_398' title='bbox 1406 2354 1540 2393; x_wconf 83' lang='lat' dir='ltr'>adiecit;</span> <span class='ocrx_word' id='word_1_399' title='bbox 1560 2353 1833 2392; x_wconf 87' lang='lat' dir='ltr'>etnil1ilominus,</span> 
     </span>
     <span class='ocr_line' id='line_1_91' title="bbox 1103 2406 1835 2451; baseline -0.003 -11"><span class='ocrx_word' id='word_1_400' title='bbox 1103 2420 1160 2451; x_wconf 89' lang='lat' dir='ltr'>pro</span> <span class='ocrx_word' id='word_1_401' title='bbox 1185 2407 1305 2451; x_wconf 86' lang='lat' dir='ltr'>potiori</span> <span class='ocrx_word' id='word_1_402' title='bbox 1341 2407 1485 2446; x_wconf 74' lang='lat' dir='ltr'>cautela,</span> <span class='ocrx_word' id='word_1_403' title='bbox 1514 2407 1569 2439; x_wconf 90' lang='lat' dir='ltr'>illa</span> <span class='ocrx_word' id='word_1_404' title='bbox 1599 2406 1728 2446; x_wconf 85' lang='lat' dir='ltr'>onmia,</span> <span class='ocrx_word' id='word_1_405' title='bbox 1761 2417 1835 2439; x_wconf 88' lang='lat' dir='ltr'>cum</span> 
     </span>
     <span class='ocr_line' id='line_1_92' title="bbox 1082 2459 1836 2502; baseline 0.001 -12"><span class='ocrx_word' id='word_1_406' title='bbox 1082 2472 1216 2493; x_wconf 38' lang='lat' dir='ltr'>*eornm</span> <span class='ocrx_word' id='word_1_407' title='bbox 1265 2460 1506 2493; x_wconf 82' lang='lat' dir='ltr'>extensionibus</span> <span class='ocrx_word' id='word_1_408' title='bbox 1526 2486 1533 2499; x_wconf 87' lang='lat'>,</span> <span class='ocrx_word' id='word_1_409' title='bbox 1572 2459 1836 2502; x_wconf 85' lang='lat' dir='ltr'>ampliationibus</span> 
     </span>
     <span class='ocr_line' id='line_1_93' title="bbox 1103 2511 1832 2555; baseline -0.003 -9"><span class='ocrx_word' id='word_1_410' title='bbox 1103 2519 1134 2546; x_wconf 82' lang='lat' dir='ltr'>et</span> <span class='ocrx_word' id='word_1_411' title='bbox 1150 2512 1494 2546; x_wconf 84' lang='lat' dir='ltr'>communicationibus</span> <span class='ocrx_word' id='word_1_412' title='bbox 1511 2511 1695 2555; x_wconf 87' lang='lat' dir='ltr'>praedictis,</span> <span class='ocrx_word' id='word_1_413' title='bbox 1712 2512 1832 2551; x_wconf 77' lang='lat' dir='ltr'>demto,</span> 
     </span>
     <span class='ocr_line' id='line_1_94' title="bbox 1102 2565 1836 2609; baseline -0.005 -10"><span class='ocrx_word' id='word_1_414' title='bbox 1102 2568 1198 2599; x_wconf 87' lang='lat' dir='ltr'>etiam</span> <span class='ocrx_word' id='word_1_415' title='bbox 1222 2571 1381 2609; x_wconf 83' lang='lat' dir='ltr'>perpetuo</span> <span class='ocrx_word' id='word_1_416' title='bbox 1407 2566 1575 2605; x_wconf 85' lang='lat' dir='ltr'>concessit,</span> <span class='ocrx_word' id='word_1_417' title='bbox 1592 2570 1624 2597; x_wconf 89' lang='lat' dir='ltr'>et</span> <span class='ocrx_word' id='word_1_418' title='bbox 1639 2565 1718 2597; x_wconf 72' lang='lat' dir='ltr'>alias</span> <span class='ocrx_word' id='word_1_419' title='bbox 1739 2569 1836 2607; x_wconf 88' lang='lat' dir='ltr'>prout</span> 
     </span>
     <span class='ocr_line' id='line_1_95' title="bbox 1102 2617 1834 2663; baseline -0.004 -11"><span class='ocrx_word' id='word_1_420' title='bbox 1102 2621 1134 2652; x_wconf 92' lang='lat' dir='ltr'>in</span> <span class='ocrx_word' id='word_1_421' title='bbox 1170 2620 1269 2663; x_wconf 88' lang='lat' dir='ltr'>ipsius</span> <span class='ocrx_word' id='word_1_422' title='bbox 1305 2619 1450 2661; x_wconf 73' lang='lat' dir='ltr'>Gregorii</span> <span class='ocrx_word' id='word_1_423' title='bbox 1487 2618 1536 2650; x_wconf 73' lang='lat' dir='ltr'>XV</span> <span class='ocrx_word' id='word_1_424' title='bbox 1573 2617 1834 2660; x_wconf 83' lang='lat' dir='ltr'>praedecessoris</span> 
     </span>
     <span class='ocr_line' id='line_1_96' title="bbox 1078 2670 1834 2717; baseline -0.005 -10"><span class='ocrx_word' id='word_1_425' title='bbox 1078 2671 1084 2715; x_wconf 70' lang='lat' dir='ltr'>l</span> <span class='ocrx_word' id='word_1_426' title='bbox 1102 2675 1242 2717; x_wconf 79' lang='lat' dir='ltr'>desuper</span> <span class='ocrx_word' id='word_1_427' title='bbox 1266 2674 1324 2706; x_wconf 80' lang='lat' dir='ltr'>sub</span> <span class='ocrx_word' id='word_1_428' title='bbox 1339 2672 1482 2716; x_wconf 83' lang='lat' dir='ltr'>plumbo,</span> <span class='ocrx_word' id='word_1_429' title='bbox 1501 2682 1585 2704; x_wconf 88' lang='lat' dir='ltr'>anno</span> <span class='ocrx_word' id='word_1_430' title='bbox 1604 2670 1834 2704; x_wconf 85' lang='lat' dir='ltr'>lncarnationis</span> 
     </span>
    </p>
   </div>
   <div class='ocr_carea' id='block_1_27' title="bbox 1081 2043 1084 2665">
    <p class='ocr_par' dir='ltr' id='par_1_31' title="bbox 1081 2043 1084 2665">
     <span class='ocr_line' id='line_1_97' title="bbox 1081 2043 1084 2665; baseline 0 0"><span class='ocrx_word' id='word_1_431' title='bbox 1081 2043 1084 2665; x_wconf 95' lang='lat' dir='ltr'> </span> 
     </span>
    </p>
   </div>
   <div class='ocr_carea' id='block_1_28' title="bbox 1838 300 2024 326">
    <p class='ocr_par' dir='ltr' id='par_1_32' title="bbox 1838 300 2024 326">
     <span class='ocr_line' id='line_1_98' title="bbox 1838 300 2024 326; baseline 0 -1"><span class='ocrx_word' id='word_1_432' title='bbox 1838 302 1886 325; x_wconf 74' lang='lat' dir='ltr'>Anv</span> <span class='ocrx_word' id='word_1_433' title='bbox 1910 300 1938 326; x_wconf 73' lang='lat' dir='ltr'>C.</span> <span class='ocrx_word' id='word_1_434' title='bbox 1960 300 2024 325; x_wconf 63' lang='lat' dir='ltr'>tesi-3</span> 
     </span>
    </p>
   </div>
   <div class='ocr_carea' id='block_1_29' title="bbox 1142 560 2027 604">
    <p class='ocr_par' dir='ltr' id='par_1_33' title="bbox 1142 560 2027 604">
     <span class='ocr_line' id='line_1_99' title="bbox 1142 560 2027 604; baseline 0.001 -13"><span class='ocrx_word' id='word_1_435' title='bbox 1142 560 1156 601; x_wconf 66' lang='grc' dir='ltr'>ἓ</span> <span class='ocrx_word' id='word_1_436' title='bbox 1182 560 1211 591; x_wconf 74' lang='lat' dir='ltr'>l.</span> <span class='ocrx_word' id='word_1_437' title='bbox 1239 560 1361 593; x_wconf 84' lang='lat' dir='ltr'>Dudum</span> <span class='ocrx_word' id='word_1_438' title='bbox 1387 561 1545 604; x_wconf 83' lang='lat' dir='ltr'>siquidem</span> <span class='ocrx_word' id='word_1_439' title='bbox 1565 560 1666 593; x_wconf 78' lang='lat' dir='ltr'>felicis</span> <span class='ocrx_word' id='word_1_440' title='bbox 1687 561 1834 593; x_wconf 81' lang='lat' dir='ltr'>recorda·</span> <span class='ocrx_word' id='word_1_441' title='bbox 1871 573 2027 596; x_wconf 48' lang='lat' dir='ltr'>crema-axv</span> 
     </span>
    </p>
   </div>
   <div class='ocr_carea' id='block_1_30' title="bbox 1844 600 2029 622">
    <p class='ocr_par' dir='ltr' id='par_1_34' title="bbox 1844 600 2029 622">
     <span class='ocr_line' id='line_1_100' title="bbox 1844 600 2029 622; baseline 0.005 -5"><span class='ocrx_word' id='word_1_442' title='bbox 1844 606 1913 619; x_wconf 65' lang='lat' dir='ltr'>vuine-</span> <span class='ocrx_word' id='word_1_443' title='bbox 1923 600 2029 622; x_wconf 58' lang='lat' dir='ltr'>undum-›n-</span> 
     </span>
    </p>
   </div>
   <div class='ocr_carea' id='block_1_31' title="bbox 1847 652 1896 672">
    <p class='ocr_par' dir='ltr' id='par_1_35' title="bbox 1847 652 1896 672">
     <span class='ocr_line' id='line_1_101' title="bbox 1847 652 1896 672; baseline -0.02 0"><span class='ocrx_word' id='word_1_444' title='bbox 1847 652 1896 672; x_wconf 63' lang='lat' dir='ltr'>ratis</span> 
     </span>
    </p>
   </div>
   <div class='ocr_carea' id='block_1_32' title="bbox 1847 705 1910 725">
    <p class='ocr_par' dir='ltr' id='par_1_36' title="bbox 1847 705 1910 725">
     <span class='ocr_line' id='line_1_102' title="bbox 1847 705 1910 725; baseline 0 0"><span class='ocrx_word' id='word_1_445' title='bbox 1847 705 1910 725; x_wconf 68' lang='lat' dir='ltr'>redut.</span> 
     </span>
    </p>
   </div>
   <div class='ocr_carea' id='block_1_33' title="bbox 1101 612 2027 671">
    <p class='ocr_par' dir='ltr' id='par_1_37' title="bbox 1101 612 2027 671">
     <span class='ocr_line' id='line_1_103' title="bbox 1101 612 2027 671; baseline 0 -27"><span class='ocrx_word' id='word_1_446' title='bbox 1101 612 1195 645; x_wconf 86' lang='lat' dir='ltr'>tionis</span> <span class='ocrx_word' id='word_1_447' title='bbox 1221 613 1393 655; x_wconf 77' lang='lat' dir='ltr'>Gregorius</span> <span class='ocrx_word' id='word_1_448' title='bbox 1415 614 1499 657; x_wconf 83' lang='lat' dir='ltr'>Papa</span> <span class='ocrx_word' id='word_1_449' title='bbox 1525 614 1584 653; x_wconf 74' lang='lat' dir='ltr'>XV,</span> <span class='ocrx_word' id='word_1_450' title='bbox 1601 614 1884 656; x_wconf 57' lang='lat' dir='ltr'>praedecessor-m</span> <span class='ocrx_word' id='word_1_451' title='bbox 1900 629 2027 671; x_wconf 32' lang='lat' dir='ltr'>..zulemam</span> 
     </span>
     <span class='ocr_line' id='line_1_104' title="bbox 1925 658 2009 671; baseline 0 -2"><span class='ocrx_word' id='word_1_452' title='bbox 1925 658 1941 669; x_wconf 76' lang='lat' dir='ltr'>&#39;ll</span> <span class='ocrx_word' id='word_1_453' title='bbox 1953 660 1956 671; x_wconf 93' lang='grc' dir='ltr'>Ι</span> <span class='ocrx_word' id='word_1_454' title='bbox 1999 660 2009 669; x_wconf 84' lang='grc' dir='ltr'>Ι.</span> 
     </span>
    </p>
   </div>
   <div class='ocr_carea' id='block_1_34' title="bbox 1100 666 2028 709">
    <p class='ocr_par' dir='ltr' id='par_1_38' title="bbox 1100 666 2028 709">
     <span class='ocr_line' id='line_1_105' title="bbox 1100 666 2028 709; baseline 0 -12"><span class='ocrx_word' id='word_1_455' title='bbox 1100 671 1221 701; x_wconf 82' lang='lat' dir='ltr'>noster,</span> <span class='ocrx_word' id='word_1_456' title='bbox 1235 666 1341 698; x_wconf 88' lang='lat' dir='ltr'>omnia</span> <span class='ocrx_word' id='word_1_457' title='bbox 1366 672 1397 698; x_wconf 83' lang='lat' dir='ltr'>et</span> <span class='ocrx_word' id='word_1_458' title='bbox 1421 666 1548 708; x_wconf 75' lang='lat' dir='ltr'>singula</span> <span class='ocrx_word' id='word_1_459' title='bbox 1580 666 1762 709; x_wconf 81' lang='lat' dir='ltr'>privilegia,</span> <span class='ocrx_word' id='word_1_460' title='bbox 1790 666 2028 698; x_wconf 53' lang='lat' dir='ltr'>in-ot‹10‹10v01-‹11..</span> 
     </span>
    </p>
   </div>
  </div>
 </body>
</html>
