2279 3260
219 247 270 275 An.
289 247 316 275 C.
339 249 405 276 1673
450 243 514 275 lss'tb

413 298 535 338 dentes,
552 298 615 331 illis
635 308 699 331 non
709 309 952 339 consenserint,
972 309 1030 330 nec
1053 298 1092 330 ad
1113 308 1149 330 ea

411 350 523 390 vocati,
539 351 625 383 citati
640 356 671 383 et
688 352 795 390 auditi,
812 362 917 394 neque
939 360 1063 387 causae,
1079 360 1149 392 pro-

411 407 483 444 pter
496 413 573 445 quas
591 409 777 446 praesentes
791 403 980 441 emanarint,
995 402 1148 434 sufficien-
1168 421 1170 424 <

412 459 460 487 ter
485 456 660 495 deductae,
687 455 869 488 veriticatae
903 461 933 488 et
959 454 1147 487 justificatae

412 507 538 548 fuerint,
558 514 609 540 aut
629 519 665 541 ex
685 509 745 541 alia
765 518 965 550 quacun‘ique
985 513 1149 549 quantum-

411 560 457 592 vis
484 561 627 602 legitima
661 566 692 593 et
727 560 862 592 iuridica
895 570 929 591 ac
954 560 1005 602 pia
1030 565 1061 592 et
1083 559 1149 602 pri-

412 613 561 654 vilegiata
585 615 689 651 causa,
717 614 834 651 colore,
858 617 1025 655 praetextu
1051 617 1081 644 et
1099 622 1149 644 ca-

412 665 489 706 pite,
505 665 601 697 etiam
621 665 653 697 in
668 675 803 707 corpore
822 664 901 696 iuris
920 665 1034 704 clauso,
1054 664 1148 696 etiam

413 717 563 756 enormis,
589 717 829 749 enormissimae
852 722 883 749 et
901 717 1007 749 totalis
1033 717 1149 748 laesio-

992 248 1172 275 BULLARHJM
1194 249 1345 275 nottmNUM

1191 308 1253 340 que
1278 299 1531 340 praeeminentia
1555 304 1588 332 et.
1610 304 1771 342 potestate
1789 297 1924 340 fungen-

1193 353 1239 382 tes
1265 355 1296 382 et
1320 350 1504 392 suncini-os,
1529 352 1655 384 sublata
1679 351 1724 384 eis
1756 356 1788 383 et
1811 361 1925 383 eorum

1191 401 1324 434 cuilibet
1348 403 1459 445 quavis
1480 404 1574 436 aliter
1590 402 1751 436 iudicandi
1778 407 1809 435 ct
1832 402 1927 435 inter-

1191 454 1340 495 pretandi
1361 454 1511 487 facultate
1529 459 1562 488 et
1582 455 1783 494 auctoritate,
1799 455 1831 487 in
1852 465 1927 497 qua-

1192 516 1329 548 cumque
1361 508 1456 539 causa
1487 512 1519 539 et
1546 507 1698 540 instantia
1734 506 1870 539 iudicari
1896 511 1928 539 et

1192 557 1319 590 definiri
1336 559 1465 598 debere,
1481 569 1517 591 ac
1534 559 1659 591 irritum
1677 565 1708 592 et
1725 560 1820 592 inane
1839 559 1928 602 quid-

1192 609 1267 652 quid
1285 620 1376 642 secus
1401 621 1498 653 super
1515 610 1575 649 his,
1595 621 1795 653 quacumque
1816 616 1927 643 aucto-

1190 662 1293 701 ritate,
1315 662 1456 695 scienter
1472 663 1521 695 vel
1538 663 1734 705 ignoranter,
1751 663 1926 706 contigerit

1191 714 1351 755 attentari,
1379 715 1594 747 decernimus.

1929 247 1978 276 An.
1995 247 2025 276 C.
2048 247 2115 274 1073

412 769 481 808 nis,
510 770 600 801 nullo
625 780 767 811 unquam
803 774 948 812 tempore
975 769 1013 801 de
1039 770 1149 801 subre-
1987 777 2119 803 Ampliseimu

1234 768 1248 810 ,ἓ
1273 768 1326 801 30.
1353 768 1423 800 Non
1443 768 1644 800 obstantibus
1665 769 1838 811 praedictis
1857 768 1925 801 Cle·
1973 805 1978 809 ,

413 821 532 863 ptionis
573 823 621 854 vel
658 821 862 864 obreptionis
902 827 957 854 aut
990 822 1148 854 nullitatis
1959 804 2110 830 fflbu‘cumque

1191 821 1308 852 mentis
1332 821 1370 853 lx
1392 821 1655 863 praedecessoris
1679 821 1805 861 litteris,
1825 833 1859 854 ae
1885 822 1924 854 de
1935 810 2044 881 ξῖῗιωηῑε
2060 831 2118 850 «ιω.

242 2251 340 2273 cumula
352 2250 397 2273 zub-

215 2279 265 2300 taut.

413 874 504 913 vitio,
538 885 596 907 seu
627 875 817 907 intentionis
853 880 983 907 nostrae
1012 880 1067 907 aut
1100 875 1148 907 in-

413 932 535 959 teresse
572 927 762 960 habentium
803 938 860 960 scu
898 928 1020 960 habere
1056 938 1148 970 prae-

414 979 614 1012 tendentium
647 990 823 1013 consensus
839 1007 846 1019 ,
874 980 977 1013 aliove
1003 980 1165 1023 quolibet,

413 1033 616 1075 quantumvis
637 1043 763 1075 magno,
783 1033 919 1072 formali,
937 1033 1147 1066 substantiali

412 1095 447 1117 ac
476 1085 650 1127 incogitato
684 1091 715 1118 et
746 1085 985 1128 inexcogitabili
1022 1086 1148 1118 defectu

412 1138 529 1179 notari,
560 1139 752 1182 impugnari,
777 1139 932 1181 infringi,
958 1139 1148 1179 retractari,

413 1190 554 1231 limitari,
580 1192 619 1224 ad
636 1191 718 1223 viam
740 1202 797 1224 seu
824 1191 978 1224 terminos
1000 1191 1076 1223 iuris
1096 1198 1149 1224 aut

412 1243 654 1286 privilegiorum
676 1243 779 1276 dictae
797 1243 995 1276 universitati
1014 1244 1148 1286 eiusque

413 1296 553 1329 facultati
579 1297 694 1329 artium
713 1296 961 1339 quomodolibet
985 1307 1149 1329 concesso-

412 1359 482 1381 rum
499 1349 619 1388 reduci,
639 1354 693 1381 aut
709 1349 741 1381 in
758 1349 1013 1381 controversiam
1031 1349 1146 1388 vocari,

412 1412 469 1434 seu
501 1402 650 1434 adversus
685 1401 772 1444 ipsas
803 1407 990 1444 praesentes
1022 1401 1146 1434 litteras

412 1454 602 1497 aperitionis
617 1455 692 1494 oris,
706 1455 921 1487 restitutionis
933 1455 964 1486 in
976 1454 1146 1497 integrum,

412 1507 536 1540 aliudve
558 1508 784 1550 quodcumque
802 1508 893 1548 iuris,
911 1508 985 1540 faeti
1007 1509 1054 1541 vel
1079 1519 1148 1551 gra-

413 1560 473 1592 tiae
500 1560 679 1593 remedium
704 1560 881 1603 impetrari,
905 1571 958 1593 seu
985 1561 1146 1599 intentari,

411 1619 464 1644 aut
489 1613 670 1655 impetrato,
692 1614 741 1645 vel
769 1613 863 1645 etiam
888 1619 976 1645 motu
1002 1614 1146 1656 proprio,

410 1676 446 1698 ac
471 1676 507 1698 ex
533 1668 622 1698 certa
658 1665 792 1698 scientia
824 1671 855 1698 et
880 1666 918 1698 de
951 1666 1145 1708 apostolicae

410 1717 579 1761 potestatis
597 1716 803 1760 plenitudine
818 1728 973 1750 concesso
993 1719 1042 1750 vcl
1061 1729 1146 1750 ema-

410 1776 496 1810 nato‚
515 1771 698 1813 quempiam
713 1771 746 1802 in
760 1770 878 1803 iudicio
893 1772 943 1803 vel
960 1776 1049 1803 extra
1066 1769 1144 1804 illud

410 1823 455 1855 uti
480 1834 536 1856 seu
561 1834 595 1856 se
620 1823 727 1856 iuvare
755 1824 822 1855 ullo
841 1824 937 1855 modo
955 1834 1060 1866 posse,
1087 1825 1144 1856 sed

411 1877 541 1908 easdem
565 1881 755 1918 praesentes
774 1876 898 1908 litteras
916 1876 1042 1916 firmas,
1068 1877 1146 1909 vali-

410 1929 465 1961 das
484 1932 515 1960 et
533 1928 678 1960 efficaces
696 1928 831 1961 existere
851 1934 880 1961 et
900 1929 980 1968 sore,
1003 1940 1145 1972 suosque

409 1980 573 2023 plenarios
601 1986 632 2012 et
656 1980 799 2023 integros
833 1981 964 2013 etfeetus
989 1982 1098 2014 sortiri
1116 1988 1147 2014 et

410 2032 616 2073 obtinere‚ac
630 2033 668 2065 ab
683 2033 756 2072 illis,
772 2034 808 2065 ad
826 2044 905 2076 quos
920 2034 1033 2077 quovis
1048 2036 1144 2068 modo

410 2091 534 2128 spectat
554 2091 583 2118 et
603 2086 761 2128 spectabit
786 2086 816 2117 in
843 2086 994 2126 futurum,
1021 2087 1052 2119 in
1078 2099 1146 2120 om-

410 2139 503 2170 nibus
529 2143 560 2171 et
584 2149 643 2181 per
667 2139 775 2171 omnia
799 2139 1028 2172 inviolabiliter
1053 2146 1083 2173 et
1103 2142 1145 2173 in-

411 2202 566 2224 concusse
592 2191 776 2231 observari,

455 2246 469 2288 ξ
493 2244 546 2277 ⁹29.
567 2244 682 2287 Sicque
702 2249 733 2276 et
750 2255 813 2276 non
831 2245 924 2277 aliter
942 2246 974 2277 in
988 2247 1145 2288 praemis-

411 2297 453 2330 sis
471 2308 529 2340 per
557 2307 779 2339 «piosctunque
809 2297 940 2338 iudices,
962 2299 1143 2332 ordinarios

410 2357 441 2383 et
456 2351 634 2392 delegatos,
655 2349 749 2382 etiam
765 2360 930 2382 causarum
944 2351 1055 2393 palatii
1075 2362 1144 2394 apo-

409 2403 514 2436 stolici
539 2402 714 2441 auditores,
735 2402 903 2445 dictaeque
928 2403 1142 2436 universitatis

409 2456 655 2499 privilegiorum
673 2461 922 2494 conservatores,
942 2467 976 2488 ac
998 2456 1027 2488 S.
1051 2457 1087 2488 R.
1107 2457 1141 2489 Ε.

410 2509 612 2547 cardinales,
642 2507 736 2540 etiam
768 2508 807 2540 de
833 2509 931 2540 latere
964 2509 1088 2550 legatos
1114 2515 1145 2541 et

409 2563 445 2604 Al
461 2560 617 2594 ostolicae
642 2560 732 2593 Sedis
753 2561 936 2604 praedictae
959 2561 1094 2593 nuncios
1113 2567 1143 2594 et

410 2614 639 2656 internuncios,
653 2614 797 2659 aliosque
817 2614 976 2658 quoslibet
999 2624 1144 2658 quacum·
1164 2612 1166 2633 ³

1192 873 1261 905 iure
1287 873 1432 916 quaesito
1450 883 1514 906 non
1540 874 1694 913 tollendo,
1715 873 1850 917 aliisque
1871 885 1927 908 no-

1191 925 1265 958 stris
1293 931 1323 958 et
1348 925 1562 958 cancellariae
1581 925 1775 968 apostolicae
1792 927 1923 969 regulis,

1192 978 1369 1022 ceterisque
1394 979 1594 1022 apostolicis,
1622 990 1658 1012 ac
1683 979 1716 1011 in
1740 979 1926 1012 universali-

1191 1032 1250 1063 bus
1289 1031 1609 1074 provincialibusque
1650 1037 1681 1064 et
1719 1033 1924 1075 synodalibus

1192 1084 1338 1116 conciliis
1361 1083 1464 1122 editis,
1483 1083 1686 1126 generalibus
1706 1085 1753 1116 vel
1781 1085 1928 1127 speciali-

1192 1137 1262 1175 bus,
1288 1136 1574 1169 constitutionibus
1600 1141 1631 1169 et
1656 1137 1926 1177 ordinationibus,

1192 1200 1329 1228 necnon,
1349 1194 1509 1232 quatenus
1531 1200 1613 1232 opus
1634 1189 1686 1230 sit,
1709 1190 1926 1223 universitatis

1192 1242 1397 1274 Lovaniensis
1426 1247 1457 1274 et
1489 1241 1646 1274 facultatis
1678 1242 1793 1274 artium
1818 1243 1928 1276 huius-

1192 1295 1288 1333 modi,
1304 1295 1413 1326 aliisve
1432 1294 1610 1337 quibusvis,
1625 1295 1720 1327 etiam
1734 1295 1925 1335 iuramento,

1192 1346 1435 1379 confirmatione
1461 1346 1647 1388 apostolica,
1668 1348 1716 1379 vel
1743 1347 1852 1390 quavis
1876 1347 1927 1380 fir-

1192 1400 1300 1431 mitate
1320 1398 1381 1431 alia
1406 1399 1578 1439 roboratis,
1597 1399 1722 1432 statutis
1741 1405 1772 1432 et
1793 1410 1926 1433 eonsue-

1193 1452 1356 1484 tudinibus
1388 1452 1484 1485 etiam
1520 1451 1856 1494 imniemorabilibus,
1891 1464 1926 1486 ac

1193 1506 1354 1537 Romanae
1381 1504 1492 1537 Curiae
1519 1505 1629 1537 aliisve
1651 1505 1849 1548 quibuslibet
1867 1511 1926 1549 sty-

1192 1558 1229 1590 lis
1255 1563 1285 1590 et
1305 1557 1415 1589 usibus
1440 1557 1537 1589 etiam
1563 1558 1766 1600 quantumvis
1786 1558 1926 1601 antiquis

1168 1637 1169 1640 ,
1191 1617 1222 1643 et
1239 1610 1441 1649 inveteratis,
1460 1610 1640 1652 privilegiis
1660 1621 1799 1654 quoque,
1820 1611 1926 1644 indul-

1167 1663 1169 1704 ξ
1191 1664 1229 1695 tis
1255 1669 1285 1695 et
1307 1663 1422 1696 litteris
1443 1663 1626 1705 apostolicis
1650 1664 1852 1696 universitati
1871 1665 1927 1697 Lo-

1190 1716 1334 1748 vanicnsi
1354 1716 1487 1759 eiusque
1509 1717 1649 1749 facultati
1676 1717 1791 1749 artium
1818 1717 1927 1750 liuius-

1166 1774 1168 1802 ζ
1190 1770 1289 1809 modi,
1316 1780 1350 1801 ac
1376 1780 1487 1801 earum
1514 1770 1696 1812 respective
1723 1770 1923 1812 rectoribus,

1189 1822 1358 1864 magistris,
1386 1822 1572 1854 doctoribus
1598 1823 1770 1864 graduatis,
1797 1823 1926 1855 schola-

1190 1875 1288 1915 ribus,
1307 1874 1447 1913 decanis,
1463 1875 1674 1915 vicedecanis,
1690 1876 1923 1918 receptoribus,

1189 1928 1452 1971 proctn'atoribus
1478 1928 1666 1967 nationum,
1700 1928 1921 1968 facultatibus,

1189 1982 1473 2015 conservatoribus
1497 1981 1755 2024 privilegiorum,
1786 1992 1821 2014 ac
1847 1992 1923 2024 sup-

1188 2035 1302 2078 positis
1328 2040 1358 2067 et
1391 2034 1538 2077 personis
1568 2034 1787 2076 quibuslibet,
1815 2034 1922 2067 aliisve

1189 2085 1352 2128 quibusvis
1367 2084 1611 2128 quomodolibet
1624 2084 1796 2117 numeratis
1807 2091 1923 2127 etqua-

1189 2138 1323 2178 lilicatis,
1339 2148 1396 2180 per
1413 2142 1606 2169 memoratos
1627 2137 1794 2169 Martinum
1813 2138 1844 2177 Y,
1863 2138 1922 2170 Eu-

1189 2191 1317 2233 genium
1342 2190 1389 2229 IV,
1417 2190 1550 2222 Paulum
1577 2190 1613 2229 II,
1640 2190 1761 2223 sixtum
1784 2191 1830 2231 IV,
1852 2192 1922 2224 Alc-

1189 2244 1342 2275 xarulrum
1368 2242 1413 2282 YI,
1440 2242 1580 2274 Leonem
1606 2243 1646 2281 X,
1674 2243 1847 2275 Adrianum
1872 2243 1919 2283 w,

1187 2296 1385 2328 Clementem
1410 2294 1481 2334 Vll,
1516 2295 1648 2327 Paulum
1673 2295 1721 2335 III,
1746 2295 1837 2328 Pium
1863 2296 1921 2337 IV,

1187 2348 1378 2391 Gregorium
1410 2347 1492 2387 XIII,
1522 2353 1552 2380 et
1577 2348 1709 2381 Paulum
1733 2348 1769 2388 V,
1800 2349 1920 2382 aliosve

1188 2402 1295 2434 forsan
1314 2401 1472 2433 Romanos
1490 2400 1662 2433 Pontifices
1688 2402 1922 2444 praedecesso-

1188 2465 1238 2487 res
1262 2460 1391 2486 nostros
1413 2458 1443 2485 et
1468 2452 1582 2485 Sedcm
1600 2454 1805 2496 praedictam,
1825 2455 1921 2487 etiam

1187 2512 1286 2546 motu,
1315 2506 1446 2539 scientia
1473 2512 1501 2538 et
1528 2507 1697 2549 potestatis
1719 2508 1920 2550 plenitudine

1187 2562 1335 2604 paribus,
1362 2571 1419 2593 seu
1446 2561 1541 2593 etiam
1567 2561 1606 2593 ad
1632 2561 1846 2604 imperatoris,
1872 2573 1922 2595 re—

1188 2624 1271 2657 gum,
1293 2613 1491 2656 reginarum,
1518 2613 1738 2655 archiducum,
1757 2614 1873 2647 ducum
1891 2619 1923 2647 et
