2279 3260
270 268 319 294 An.
339 267 368 294 c.
393 267 459 294 εει-ιο
503 257 545 291 6⁶2

296 484 407 505 tim-retum
427 484 452 505 ir-

269 513 342 531 rltans.

297 1167 453 1187 Contrariorum

271 1194 390 1218 derogatio.

312 1535 374 1555 rates
399 1537 454 1555 tran-

269 1568 407 1587 inrupturum.

1050 267 1229 292 Bt'tJAntmt
1254 266 1404 292 noussen

465 326 652 358 expressam
688 316 845 349 dictorum
877 323 1027 349 votorum
1060 316 1219 355 mentio-l

463 378 549 409 nem,
575 369 763 402 auctoritate
789 370 941 412 praelata,
969 374 1080 401 tenore
1105 378 1198 411 prae-

463 421 611 462 sentium,
639 423 852 455 declaramus.

507 474 570 517 §3
608 475 824 508 Decerncntes
849 475 979 507 casdem
1011 477 1198 516 praesentes

463 527 585 561 litteras
609 539 737 571 semper
761 528 876 566 firmas,
898 527 1018 559 validas
1040 531 1071 557 et
1095 526 1198 557 effica-

463 591 517 613 ces
535 581 672 613 existere
689 587 720 613 et
735 581 819 619 sore,
836 590 976 622 suosque
991 578 1154 622 plenarios
1168 581 1198 610 ct

463 632 606 674 integros
625 632 756 665 cll'ectus
771 632 878 665 sortiri
894 638 925 664 et
938 632 1096 671 obtinere,
1111 641 1145 663 ac
1158 630 1198 662 ab

463 685 586 723 illis‚ad
603 691 815 728 quosspectat
829 691 860 717 ct
874 696 932 727 pro
944 690 1089 726 tempore
1104 692 1200 725 quan·
1283 683 1406 726 Exponi
1439 682 1533 715 nobis
1558 693 1664 726 nuper
1688 684 1834 716 fecerunt
1863 683 1973 716 dilecti

464 737 644 780 (locumque
668 738 834 780 spectabit,
853 736 1199 769 iuviolabiliterobser·
1219 735 1221 760 t
1240 734 1297 767 tilii
1333 735 1488 768 officiales
1525 736 1681 768 ecclesiae
1719 742 1750 769 et
1793 737 1976 769 academiae

464 790 551 829 vari,
584 790 694 833 sicque
728 790 759 821 in
792 789 978 832 praemissis
1009 799 1067 831 per
1102 798 1200 830 quos·
1218 792 1221 822 ἔ
1241 788 1272 821 S.
1299 789 1403 821 Lucae
1424 789 1594 831 pictorum,
1613 790 1812 832 sculptorum
1830 795 1861 822 et
1877 790 1979 822 arclii-

464 851 601 884 cumque
620 842 742 874 iudices
767 841 948 874 ordinarios
973 847 1000 873 ct
1021 841 1200 882 delegatos,
1219 831 1221 861 l
1242 842 1400 875 tectorum
1419 843 1457 874 dc
1476 841 1572 881 Urbe,
1600 842 1684 885 quod
1702 843 1899 875 venerabilis
1917 843 1981 876 sra-

463 894 558 926 etiam
583 904 751 926 causarum
775 894 885 937 palatii
912 893 1083 937 apostolici
1108 892 1199 925 audi-
1220 898 1222 933 l
1243 899 1290 926 ter
1314 899 1426 926 noster
1451 894 1641 926 Franciscus
1659 894 1832 937 episcopus
1855 894 1982 928 Ostien-

464 952 561 986 torcS,
582 947 718 979 iudicari
744 952 773 979 ct
793 946 917 980 definiri
944 947 1083 986 debere,
1108 956 1144 978 ac
1161 945 1202 977 ir·
1220 944 1222 959 ³
1242 947 1283 983 sis
1308 946 1338 979 S.
1360 946 1396 978 R.
1416 946 1451 978 E.
1476 947 1649 979 cardinalis
1677 947 1870 980 Barbcrinus
1900 957 1981 980 nun-

464 1000 560 1032 ritum
586 1005 618 1033 et
642 1000 738 1032 inane
756 1000 781 1032 si
800 1010 891 1032 secus
913 999 1071 1042 superbis
1086 1009 1102 1031 a
1127 973 1222 1049 quo-¹l
1243 1004 1386 1042 cupatus,
1414 999 1496 1031 sacri
1522 999 1760 1032 venerabilium
1778 1000 1912 1032 fratrum
1928 1010 1982 1032 no-

464 1063 558 1096 quam
578 1080 585 1093 ,
613 1052 723 1096 quavis
749 1052 958 1093 auctoritate,
987 1051 1126 1085 scienter
1149 1052 1200 1083 vel
1220 1057 1222 1078 t
1243 1057 1382 1084 strorum
1408 1051 1555 1084 ciusdem
1579 1052 1610 1084 S.
1639 1052 1675 1083 R.
1706 1052 1740 1084 E.
1767 1051 1980 1085 cardinalium

464 1105 659 1147 ignoranter,
683 1105 855 1147 contigerit
879 1104 1039 1137 attentari.
1218 1094 1222 1156 ι
1243 1103 1373 1146 collegii
1399 1104 1551 1143 decanus,
1578 1104 1629 1136 cui
1655 1104 1756 1137 felicis
1780 1103 1980 1137 recordatio-

510 1159 525 1200 ᾗ
549 1157 580 1189 4.
606 1157 676 1191 Non
701 1157 902 1190 obstantibus
934 1156 1139 1200 praemissis,
1165 1166 1201 1188 ac
1220 1161 1221 1165 ’
1242 1157 1291 1189 nis
1315 1156 1463 1189 Clemens
1489 1157 1575 1200 Papa
1599 1157 1637 1189 lx
1662 1157 1898 1200 praedecessor
1921 1167 1980 1189 no-

466 1210 752 1243 constitutionibus
779 1215 809 1242 et
840 1209 1099 1242 ordinationibus
1127 1219 1201 1250 apo·
1243 1215 1308 1242 ster
1332 1209 1363 1240 in
1389 1209 1556 1251 signatura
1580 1220 1654 1241 suae
1677 1209 1795 1252 gratiae
1816 1209 1981 1242 commise-

1283 319 1311 347 οι
1335 315 1476 347 aliorum
1503 315 1688 349 academiae
1711 315 1742 348 S.
1768 315 1873 347 Lucae
1897 314 1973 357 leyi-

1283 366 1360 399 time
1376 371 1623 410 awrcqatorum
1641 372 1865 400 emanator-um
1876 366 1897 406 ¹,
1914 376 1974 410 pro

1282 421 1447 452 erectione
1461 425 1565 460 laxae,
1583 420 1788 464 eiusdemque
1802 430 1861 463 pro
1875 429 1977 452 anna-

1285 473 1324 504 lis
1341 472 1483 505 decursis
1500 477 1529 505 cl
1554 483 1618 505 uon
1635 472 1750 506 solutis
1774 471 1961 505 reductione

1456 561 1589 588 Clemens
1617 561 1696 594 Papa
1714 561 1754 593 X,

1382 604 1418 631 ad
1434 605 1566 631 futuram
1585 605 1630 632 rei
1649 605 1830 632 memoriam.

465 1263 595 1303 stolicis,
614 1273 742 1295 necnon
761 1262 909 1295 omnibus
925 1267 957 1294 et
973 1261 1107 1303 singulis
1122 1261 1197 1301 illis,

465 1326 545 1358 quae
560 1321 757 1348 memoratus
772 1314 956 1347 Alexander
968 1314 1202 1357 praedecessor

464 1368 497 1400 in
533 1368 597 1401 suis
622 1367 736 1400 litteris
761 1366 914 1410 praefatis
941 1365 1101 1399 concessit
1135 1376 1201 1398 non

465 1421 614 1461 obstare,
640 1420 821 1463 ceterisque
863 1419 1032 1452 contrariis
1071 1418 1203 1462 quibus-

466 1484 616 1516 cumque.

509 1527 524 1569 ξ
549 1526 579 1558 5.
607 1526 759 1558 Volumus
780 1531 886 1558 autem
900 1530 934 1557 ut
952 1525 1096 1568 ipsarum
1109 1534 1202 1567 prae·
1219 1532 1223 1594 j

466 1579 604 1611 sentium
636 1578 819 1611 litterarum
850 1577 1037 1620 trasumptis
1069 1587 1123 1609 seu
1150 1588 1224 1626 ex-,f

466 1633 592 1675 emplis,
619 1632 715 1664 etiam
744 1632 922 1674 impressis,
947 1641 1043 1663 manu
1065 1630 1223 1663 alicuius‘

464 1685 581 1718 notarii
599 1684 722 1728 publici
740 1684 942 1726 subscriptis,
962 1689 991 1716 et
1011 1683 1118 1725 sigillo
1146 1682 1202 1715 ali·
1222 1677 1223 1700 ³

466 1738 555 1771 cuius
577 1747 737 1780 personae
754 1736 786 1768 in
809 1735 1028 1769 ecclesiastica
1046 1735 1201 1778 dignitate
1220 1725 1224 1776 l

464 1791 661 1823 constitutae
676 1789 821 1828 munitis,
839 1789 952 1821 eadem
967 1798 1105 1832 prorsus
1121 1788 1201 1821 fides
1220 1790 1224 1807 ⁸

465 1848 529 1875 tam
553 1843 584 1875 in
610 1842 732 1875 iudicio
752 1852 847 1885 quam
873 1847 963 1874 extra
986 1841 1067 1874 illud
1082 1841 1203 1873 babea—

466 1902 532 1935 tur,
559 1906 639 1938 qnae
665 1895 843 1927 haberetur
860 1894 939 1937 ipsis
958 1893 1201 1937 praesentibus⁴

466 1948 493 1981 si
513 1948 621 1980 forent
642 1947 807 1980 exhibitae
824 1948 875 1979 vel
901 1952 1068 1987 ostensae.
1223 1986 1224 1989 Ἴ

510 2001 625 2033 Datum
648 2000 790 2040 Romae,
815 2000 901 2043 apud
928 2000 959 2033 S.
990 2000 1121 2032 Mariam
1146 2000 1203 2033 Ma·
1223 1995 1224 2020 1

466 2054 590 2094 iorem,
617 2054 677 2085 sub
705 2054 826 2085 annulo
849 2053 1036 2093 piscatoris,
1057 2053 1108 2085 die
1126 2063 1202 2086 xx111
1223 2068 1224 2099 ᾗ

466 2105 546 2138 iunii
560 2115 697 2145 MDCLxx,
721 2104 933 2148 pontificatus
951 2105 1057 2138 nostri
1075 2116 1159 2138 anno
1178 2115 1200 2138 1.

885 2167 908 2199 Ι.
929 2166 963 2200 G.
984 2167 1123 2200 SLrsms.

503 2227 559 2256 Dat.
581 2228 623 2255 die
638 2228 672 2255 23
688 2227 754 2254 iunii
773 2228 849 2262 1570,
868 2228 961 2263 pontif.
978 2237 1048 2254 anno
1070 2236 1088 2254 1.

501 2291 662 2325 Rfytscraca
678 2291 708 2316 in
724 2291 831 2317 Sem-et.
849 2291 880 2317 in
898 2290 946 2317 lib.
963 2290 1104 2317 Brevium
1123 2297 1201 2317 men—
1222 2298 1223 2310 t

466 2334 506 2362 eis
527 2335 614 2370 iunii,
631 2338 713 2370 part.
735 2341 757 2369 1,
777 2335 829 2369 fol.
850 2334 911 2361 ⁵239.

799 2459 876 2492 XIII.

469 2530 679 2574 Confirmatio
704 2529 898 2563 decretorum
926 2530 956 2562 S.
978 2529 1014 2562 R.
1036 2529 1070 2562 Ε.
1092 2529 1199 2561 cardi-

511 2584 599 2617 natis
625 2584 861 2623 Bc1rhe7·im',in
880 2584 1017 2625 savorem
1043 2584 1200 2625 pictorum

454 2654 457 2655 ⁷
503 2647 515 2674 1
537 2646 636 2673 Vocem
652 2646 853 2681 pracsewerbas
874 2653 920 2672 uos
940 2644 1062 2671 addimus
1082 2646 1123 2679 (n.
1140 2645 1187 2680 r).

1242 1267 1292 1294 rat
1314 1266 1350 1293 ut
1385 1272 1483 1304 super
1508 1262 1673 1294 exactione
1699 1267 1788 1294 taxae
1820 1262 1907 1294 iuxta
1931 1271 1983 1294 or-

1243 1315 1442 1347 dinationem
1463 1315 1655 1347 recolendae
1668 1314 1845 1347 memoriae
1860 1314 1982 1347 Urbani

1242 1368 1347 1410 Papae
1372 1367 1435 1399 Vlll
1460 1367 1726 1410 praedecessoris
1742 1367 1864 1411 pariter
1880 1367 1983 1400 nostri

1243 1431 1260 1453 a
1292 1420 1430 1463 publicis
1464 1420 1689 1453 venditoribus
1724 1419 1926 1463 picturarum
1952 1425 1984 1453 et

1222 1506 1223 1509 ,
1243 1475 1482 1517 sculpturarum
1507 1473 1539 1505 in
1562 1473 1647 1505 Urbe
1674 1473 1838 1515 praedicta
1862 1473 1983 1506 solven-

1244 1527 1302 1560 dae
1328 1526 1461 1559 arbitrio
1493 1536 1551 1558 suo
1586 1525 1800 1569 provideret,
1826 1526 1985 1559 nonnulla

1244 1580 1373 1612 decreta
1397 1579 1500 1611 edidit
1524 1579 1645 1611 tenoris
1673 1578 1726 1622 qui
1752 1578 1909 1621 sequitur,
1939 1578 1983 1610 vi-

1245 1632 1379 1665 delicet:

1287 1685 1302 1727 g
1319 1685 1349 1716 ι1.
1375 1697 1388 1716 α
1406 1684 1516 1716 Fidem
1535 1684 1614 1717 facio
1631 1695 1690 1727 per
1709 1689 1899 1727 praesentes
1920 1694 1981 1726 ego

1242 1737 1389 1770 notarius
1415 1737 1564 1780 publicus
1588 1736 1813 1779 insrascriptus
1841 1736 1983 1779 qualiter

1245 1777 1296 1822 Hie
1310 1800 1354 1822 vn
1369 1789 1509 1822 octobris
1523 1799 1662 1822 MDCLXIX
1678 1799 1785 1822 coram
1800 1788 1985 1821 eminentis-

1246 1842 1327 1875 simo
1344 1847 1375 1874 et
1392 1841 1663 1875 reverendissimo
1683 1841 1813 1874 domino
1827 1841 1983 1874 cardinali

1245 1895 1416 1928 Francisco
1431 1894 1618 1933 Barbcrino,
1636 1894 1742 1926 iudice
1759 1893 1984 1926 commissario

1244 1958 1303 1991 pro
1328 1947 1505 1980 venerabili
1532 1946 1687 1986 ecclesia,
1716 1946 1985 1979 confraternitate

1246 2005 1278 2033 et
1303 1999 1467 2033 academia
1483 1999 1514 2032 S.
1534 2000 1635 2032 Lucae
1655 1998 1757 2039 Urbis,
1778 1999 1985 2032 dominorum

1245 2053 1418 2096 pictorum,
1446 2054 1647 2096 sculptorum
1672 2057 1703 2084 et
1728 2051 1984 2084 architectorum

1245 2105 1503 2149 principalibus²
1534 2111 1647 2138 contra
1678 2104 1900 2147 infrascriptos
1932 2114 1985 2136 ex-

1245 2160 1379 2192 adverso
1405 2158 1633 2202 p1·incipales‚·
1652 2158 1803 2190 videlicet
1834 2157 1983 2190 dominos

1245 2212 1418 2254 losepbum
1443 2211 1712 2250 Constantinum,
1737 2211 1892 2243 Joannem
1924 2209 1983 2242 Pe-

1245 2270 1329 2297 trum
1365 2265 1561 2303 Berrettam,
1600 2263 1808 2296 Laurentium
1840 2262 1983 2295 Castruc-

1246 2318 1340 2358 cium,
1363 2316 1516 2349 Ioannem
1534 2317 1573 2349 de
1599 2318 1629 2349 la
1654 2316 1792 2355 Rivicra‚
1820 2315 1982 2358 Aloysium

1246 2371 1395 2413 Pileport,
1422 2370 1632 2412 Peregrinum
1657 2369 1805 2408 Perium,
1830 2368 1982 2400 loannem

1246 2423 1406 2456 Andream
1426 2422 1635 2465 Magnesiam,
1660 2421 1808 2455 Carolum
1832 2421 1957 2454 Pratam
1971 2447 1979 2462 ,

1280 2513 1292 2538 ‘l
1316 2511 1386 2538 Edit.
1404 2511 1486 2537 Main.
1505 2511 1568 2544 legit
1587 2514 1726 2536 emanala
1741 2513 1781 2543 (R.
1798 2511 1846 2542 T.).

1280 2556 1295 2582 ⁰2
1310 2555 1404 2582 Omnia
1419 2555 1570 2585 referimus,
1588 2560 1667 2589 prout
1685 2559 1747 2581 sunt
1770 2554 1795 2580 in
1820 2554 1983 2581 editionibus

1246 2599 1351 2626 Cherub
1384 2603 1411 2626 et
1432 2599 1522 2629 Malu„
1542 2598 1688 2625 lectoribus
1713 2598 1939 2633 emendationem,
1960 2597 1983 2625 si

1249 2654 1302 2680 qua
1322 2643 1477 2679 requiritur,
1499 2643 1610 2670 dimittev
1624 2643 1656 2669 do
1676 2644 1714 2678 (u.
1730 2643 1776 2677 T.).

1972 266 2022 293 An.
2041 265 2072 293 C.
2096 261 2164 294 ¹670

2011 696 2152 716 Prooemium.

2008 1691 2120 1712 Daci-stum
2130 1697 2176 1712 car-

1992 1718 2079 1741 «unalis.
