2279 3260
121 237 173 263 An.
187 231 218 262 C.
241 230 310 264 1670

944 234 1086 260 GLEMENS
1109 236 1128 259 X
1152 234 1200 259 PP.

315 290 346 318 et
371 285 472 318 felicis
496 284 732 318 recordationis
758 283 803 317 Pii
829 283 934 327 Papae
960 283 995 316 IV
1014 284 1052 316 de

315 338 475 371 similibus
500 342 531 370 et
556 337 766 370 dissimilibus
791 336 902 379 gratiis
920 335 951 368 in
970 336 1053 368 dicta

315 393 442 423 camera
454 390 538 423 infra
549 395 612 423 tres
624 400 751 423 menses
767 389 1011 433 praesentandis
1022 395 1054 422 et
1072 426 1074 434 k

315 443 535 484 registrandis,
554 454 591 475 ac
611 443 656 475 Pii
676 443 708 483 V,
732 443 949 475 Romanorum
973 443 1054 474 l'on-

315 495 434 528 tilicum
453 496 740 538 praedecessorum
758 501 955 535 nostrorum,
976 506 1053 527 con-
1072 522 1074 529 ,

315 552 362 579 tra
387 548 581 590 illegitimos,
607 558 667 580 nec
687 559 752 580 non
768 548 964 580 pictavensis
981 558 1053 580 eon-

315 600 388 639 cilii,
410 611 446 633 ac
458 601 580 633 nostris
594 606 626 633 et
639 600 851 633 cancellariae
870 599 1052 643 praedictae
1072 631 1073 641 ,

314 654 443 694 regulis,
459 653 555 686 etiam
573 653 605 685 in
622 653 799 685 crastinum
818 652 921 684 dictae
936 662 1054 683 assum-
1071 675 1073 683 ⁴

314 706 433 749 ptionis
466 711 596 739 nostrae
634 706 672 738 ad
705 706 818 737 sumini
853 705 1051 747 apostolatus

314 759 439 801 apicem
465 759 569 799 editis,
592 764 621 791 et
647 758 679 790 in
705 758 870 801 praedicta
894 757 1073 789 cancella-⁴

314 812 360 843 ria
380 811 564 854 publicatis,
583 822 619 843 ac
637 811 732 843 etiam
757 811 789 842 in
813 809 1050 842 universalilnis
1071 826 1073 830 ν

315 871 347 897 et
371 863 621 906 provincialibus
646 862 792 895 conciliis
810 862 916 900 editis,
929 861 1052 904 specia-
1071 887 1072 897 ,

314 917 398 949 libus
415 917 462 948 rel
484 915 700 958 generalibus,
719 914 1002 946 constitutionilnis
1021 919 1053 946 et
1071 927 1072 950 ς

313 969 582 1008 ordinationibus,
602 978 638 1000 ac
655 968 873 1006 ecclesiarum,
893 972 1051 999 monaste·
1070 982 1072 997 l

312 1020 445 1059 riorum,
463 1020 630 1059 Ordinum,
651 1019 747 1051 etiam
772 1019 802 1051 S.
831 1019 960 1051 Ioannis
978 1020 1051 1051 llie-
1070 1032 1072 1041 ⁴

304 1067 544 1115 'rosolyniitann
566 1082 602 1104 ac
625 1072 720 1104 etiam
746 1071 836 1104 urbis
863 1072 993 1111 Romae,
1015 1082 1051 1104 ac
1070 1078 1072 1101 ῑ

307 1127 443 1162 ‚aliarum
470 1125 643 1164 civitatum,
670 1125 867 1168 oppidorum
893 1130 922 1157 et
949 1130 1050 1157 terra-

310 1188 380 1210 rum
405 1187 551 1210 camerae
580 1176 774 1220 praedictae,
802 1182 833 1209 et
865 1177 1049 1220 quarumvis

310 1230 566 1269 universitatum,
584 1229 680 1263 etiam
697 1230 887 1269 iuramento,
904 1236 981 1270 etc.‚
996 1241 1049 1262 ro-

310 1282 447 1322 boratis,
473 1282 598 1314 statutis
616 1288 646 1314 et
671 1282 970 1322 consuetudinibus,
986 1289 1048 1314 sta-

309 1334 496 1373 bilimentis,
519 1335 640 1375 usibus,
659 1335 780 1367 naturis
801 1341 832 1367 et
849 1335 998 1375 decretis,
1018 1342 1048 1367 et
1067 1349 1069 1377 j

308 1387 400 1419 novis
434 1387 745 1427 reformationibus,
770 1388 867 1420 etiam
901 1388 1045 1430 legibus,

309 1445 372 1472 tam
406 1439 582 1483 pontificiis
608 1451 703 1482 quam
729 1440 971 1483 imperialibus,
998 1440 1069 1473 re-t

308 1492 367 1534 giis
394 1498 425 1523 et
450 1493 628 1532 ducalibus,
656 1503 691 1524 ac
715 1493 817 1524 sacris
847 1493 1045 1532 canonibus,

307 1545 485 1587 privilegiis
521 1556 674 1589 quoque,
702 1545 836 1578 indultis
870 1551 901 1578 et
931 1546 1046 1578 litteris

307 1598 507 1639 apostolicis,
528 1598 591 1630 illis
616 1608 797 1640 eorui'nque
823 1598 1046 1641 superioribus

307 1654 340 1682 et
367 1649 517 1692 personis
546 1661 583 1683 ac
612 1650 692 1683 locis
718 1651 988 1693 quibuscumque,
1013 1651 1044 1682 in
1066 1656 1067 1694 J

307 1713 427 1746 genere
452 1704 503 1735 vel
528 1703 562 1735 in
586 1703 703 1746 specie,
725 1715 762 1736 ac
782 1714 854 1736 cuin
881 1704 1044 1746 quibusvis
1065 1708 1068 1749 ζ

306 1756 587 1798 derogator-iarum
606 1756 831 1798 derogatoriis,
851 1757 985 1799 aliisque
1004 1758 1046 1790 el‘-
1066 1752 1067 1770 ³

305 1808 507 1841 sicacioribus
517 1808 748 1841 efficacissimis
763 1814 793 1840 ct
810 1809 946 1842 insolitis
965 1812 1045 1842 clau-
1065 1845 1066 1848 Ἰ

305 1861 406 1901 sulis,
438 1861 706 1904 irritantibusque
741 1867 773 1894 et
804 1862 873 1894 aliis
895 1851 1067 1903 decretus

305 1914 401 1947 etiam
421 1914 481 1946 rim
506 1919 692 1946 contractus
711 1920 742 1946 et
759 1915 868 1946 statuti
895 1916 1044 1958 perpetui

304 1967 569 2006 continentibuS,
596 1978 633 1999 ac
659 1967 756 1999 etiam
781 1972 886 2007 motu,
911 1959 1066 2013 scientiaff

305 2025 337 2051 et
357 2019 525 2062 potestatis
542 2020 746 2062 plenitudine
764 2021 908 2063 paribus,
926 2027 958 2053 et
974 2032 1045 2053 con⁴
1064 2018 1065 2026 ¹

305 2072 520 2111 sistorialiter,
540 2083 576 2104 ac
597 2073 675 2105 alias
700 2073 733 2104 in
754 2074 950 2106 contrarituu
968 2085 1044 2107 con-
1064 2066 1065 2071 ¹

304 2124 401 2157 cessis
419 2151 426 2164 ,
448 2124 664 2163 confirmatis,
691 2126 879 2168 approbatis
905 2131 934 2158 et
956 2126 1044 2159 inno-
1063 2118 1065 2129 Ι

303 2177 383 2209 ratis
412 2177 536 2209 iuribus
556 2177 723 2217 omnibus;
743 2178 858 2220 quibus
883 2179 1041 2219 omnibus,
1063 2175 1064 2184 ³

304 2235 379 2268 etc.‚
406 2229 531 2262 etiamsi
557 2230 595 2262 de
620 2230 697 2270 illis,
724 2236 798 2271 etc.‚
818 2242 930 2263 eorum
959 2224 1064 2271 leno-l

303 2292 367 2321 res,
393 2287 466 2323 etc.‚
495 2282 556 2315 illis
587 2282 675 2322 alias,
701 2288 773 2323 ete„
798 2285 1038 2326 permansuris,
1062 2276 1064 2285 ’

303 2334 364 2367 hac
388 2335 453 2367 rice
479 2335 644 2368 dumtaxat
659 2336 844 2379 specialiter
868 2343 1041 2380 etexpres-

303 2397 362 2428 se,
393 2394 480 2421 motu
513 2389 583 2432 pari
617 2390 829 2432 derogamus,
862 2390 1062 2434 ceterisque

303 2441 474 2474 contrariis
499 2443 767 2487 quibuscumque,
794 2454 865 2476 cuni
890 2445 1040 2478 clausulis
1060 2442 1063 2458 ’

302 2496 507 2538 opportunis.

583 2551 662 2584 Fiat
687 2557 773 2585 motu
797 2554 932 2596 proprio
957 2554 991 2587 E.

344 2603 382 2637 Et
406 2615 478 2637 cum
504 2604 708 2640 absolutione
730 2618 747 2639 a
765 2608 910 2641 censuris
936 2608 973 2640 ad
994 2609 1039 2641 es-

1094 287 1235 321 lectum,
1265 289 1338 324 etc.‚
1365 290 1398 318 et
1421 285 1505 328 quod
1532 286 1709 319 obstantiae
1735 287 1831 320 etiam

1094 337 1340 370 beneficialibus
1366 339 1645 378 conclavistarum,
1664 345 1695 371 et
1719 339 1758 371 ab
1785 339 1831 372 eis

1095 390 1259 431 subrogati
1287 390 1481 430 huiusmodi,
1515 396 1547 423 et
1571 391 1831 433 dispensationes

1072 449 1074 474 ι’
1095 454 1132 474 ao
1156 442 1280 475 indulta
1305 442 1486 475 habeantur
1506 453 1562 485 pro
1583 443 1749 485 expressis,
1775 454 1830 475 seu

1095 495 1127 527 iu
1153 500 1220 528 toto
1244 496 1292 528 rel
1318 495 1349 527 in
1376 501 1466 538 parte
1492 495 1627 538 exprimi
1654 495 1781 538 possint
1798 495 1830 527 in

1096 548 1222 587 litteris,
1249 553 1279 580 et
1304 547 1334 580 in
1361 547 1488 580 casibus
1507 549 1637 589 regulae
1664 548 1703 580 de
1728 547 1832 580 insor-

1095 601 1268 640 descendo,
1295 611 1366 633 cnm
1389 603 1574 643 opportuna
1591 600 1678 633 illius
1704 610 1830 633 necnon

1072 645 1226 685 ¹alterius
1262 654 1391 695 regulae
1429 654 1466 685 de
1492 663 1557 686 non
1592 653 1737 686 tollendo
1762 653 1831 686 iure

1072 714 1073 718 ¹
1095 706 1242 747 quaesito
1267 706 1486 748 derogatione,
1507 711 1538 738 et
1552 716 1831 748 quarumcumque

1094 758 1228 789 aliarum
1244 758 1510 791 constitutionum
1525 758 1788 801 apostolicarum,
1801 765 1832 791 et

1094 811 1304 844 conciliorum
1324 813 1421 844 etiam
1443 812 1656 854 generalium,
1683 818 1714 844 et
1738 817 1832 844 statu-

1094 869 1209 901 torum,
1234 865 1546 905 stabilimentorum,
1564 875 1691 905 usuum,
1706 871 1832 897 natura-

1095 926 1174 956 rum,
1199 916 1468 949 constitutionum
1493 917 1706 960 synodalium,
1733 917 1833 950 statu-

1095 973 1207 1009 torum,
1224 980 1261 1001 ac
1279 969 1524 1011 privilegiorum
1550 970 1660 1012 populi
1687 970 1830 1011 Romani,

1094 1026 1125 1053 et
1149 1021 1382 1061 Cluniacensis,
1408 1021 1647 1062 Cistereiensis,
1672 1022 1703 1055 S.
1731 1023 1833 1056 Bene—

1093 1073 1177 1113 dicti,
1203 1073 1234 1106 S.
1263 1074 1434 1116 Augustini
1460 1079 1490 1107 et
1516 1075 1650 1108 aliorum
1674 1075 1831 1108 Ordinum

1093 1131 1124 1159 et
1148 1127 1336 1159 militiarum
1363 1127 1460 1160 etiam
1479 1127 1510 1160 S.
1531 1127 1659 1160 Ioannis
1682 1128 1833 1162 Hieroso-

1092 1180 1248 1223 lymstani,
1266 1186 1298 1212 et
1314 1180 1470 1219 ecclesiis,
1488 1180 1706 1220 monasteriis,
1724 1181 1833 1213 civita-

1092 1232 1177 1265 tibus
1202 1237 1234 1265 et
1264 1233 1345 1265 locis
1381 1237 1412 1265 et
1448 1233 1598 1276 personis
1634 1238 1666 1265 et
1690 1233 1830 1266 dominis

1092 1284 1336 1328 temporalibus,
1360 1285 1418 1317 sub
1437 1285 1692 1328 quibuscumque
1717 1286 1832 1318 verbo-

1091 1348 1161 1369 rum
1185 1337 1310 1377 formis,
1336 1348 1373 1370 ac
1397 1348 1468 1369 cum
1483 1338 1651 1380 quibusvis
1676 1338 1832 1371 efficacio-

1090 1390 1190 1431 ribus,
1206 1390 1436 1423 efficacissimis
1462 1395 1502 1425 et,
1518 1390 1657 1423 insolitis
1677 1390 1829 1423 clausulis

1090 1449 1121 1475 ct
1146 1443 1297 1483 decretis,
1318 1443 1414 1475 etiam
1432 1443 1719 1484 consistorialibus,
1734 1443 1830 1476 etiam

1090 1500 1202 1527 contra
1225 1495 1426 1537 alienigenas
1440 1501 1471 1528 et
1495 1495 1572 1528 alias
1588 1506 1744 1539 personas
1765 1506 1830 1529 cer-

1090 1548 1129 1580 tis
1144 1548 1249 1581 modis
1267 1559 1333 1581 non
1355 1548 1564 1592 qualificatas,
1583 1555 1637 1582 aut
1656 1549 1733 1582 alias
1751 1560 1830 1593 quo-

1090 1601 1270 1634 modolibet
1302 1602 1480 1642 201ieessis;
1508 1613 1646 1645 quorum
1680 1607 1828 1643 tenores,

1089 1660 1164 1694 etc.‚
1188 1654 1353 1694 latissime,
1373 1665 1409 1688 ac
1431 1655 1469 1687 de
1494 1656 1593 1687 verbo
1619 1655 1658 1688 ad
1682 1656 1827 1697 verbum,

1088 1710 1188 1748 prout
1210 1706 1288 1749 ipsis
1310 1706 1516 1739 conclavistis
1533 1706 1634 1749 magis
1658 1707 1829 1750 placuerit,

1088 1758 1224 1800 exprimi
1242 1759 1378 1801 possint,
1395 1764 1511 1791 etcum
1526 1760 1741 1802 suspensione
1755 1770 1829 1803 qua-

1088 1822 1302 1854 rumcumque
1328 1812 1513 1854 gratiarum,
1530 1812 1731 1846 indultorum
1757 1814 1829 1856 qui-

1065 1877 1067 1909 3
1087 1865 1194 1897 busvis
1214 1864 1386 1897 ordinariis
1411 1865 1622 1898 collatoribus
1639 1866 1828 1899 conserendi

1088 1916 1246 1949 beneficia
1271 1917 1488 1950 ecclesiastica
1515 1918 1611 1950 etiam
1642 1926 1824 1958 reservata,

1087 1970 1126 2002 ad
1151 1981 1265 2002 eorum
1286 1970 1502 2011 collationem,
1522 1977 1595 2011 etc.‚
1617 1972 1824 2015 pertinentia,

1087 2028 1119 2055 et
1139 2023 1172 2055 in
1197 2023 1349 2056 omuibus
1374 2029 1429 2056 aut
1453 2024 1550 2057 certis
1568 2025 1728 2068 expressis
1754 2035 1827 2058 cau-

1086 2077 1128 2109 sis
1153 2077 1399 2120 quomodolibet
1420 2078 1581 2110 concessis
1603 2078 1756 2111 latissime
1774 2090 1826 2111 ex-

1087 2130 1256 2170 tendenda,
1271 2130 1315 2162 ita
1335 2136 1369 2162 ut
1385 2130 1494 2163 omnia
1512 2132 1672 2171 tollantur,
1692 2137 1722 2164 et
1738 2132 1824 2174 quod

1085 2183 1154 2215 sola
1178 2183 1361 2225 praesentis
1396 2184 1629 2227 motusproprii
1659 2185 1824 2227 signatura

1085 2235 1223 2267 sul‘liciat
1255 2241 1287 2268 et
1319 2236 1439 2279 ubique
1466 2236 1561 2269 iidem
1586 2237 1681 2269 saciat
1711 2238 1745 2270 in
1776 2238 1824 2270 iu-

1085 2288 1169 2321 dicio
1195 2294 1225 2322 et
1251 2295 1347 2329 extra,
1367 2292 1478 2332 regula
1498 2291 1658 2323 contraria
1677 2302 1743 2324 non
1768 2292 1824 2325 ol)-

1061 2332 1063 2386 l
1084 2347 1199 2383 stante,
1227 2348 1257 2375 et
1282 2343 1368 2386 quod
1397 2344 1651 2386 praemissormn
1677 2346 1821 2378 oninium

1084 2401 1114 2427 et
1127 2395 1326 2437 singulorum
1340 2396 1553 2436 indultorum,
1563 2398 1820 2439 concessionum,

1083 2449 1267 2490 gratiarum,
1286 2449 1533 2491 derogationum
1551 2450 1656 2483 maior
1671 2457 1702 2483 et
1717 2451 1823 2484 verior

1083 2501 1279 2544 specificatio
1314 2508 1346 2535 et
1378 2503 1541 2546 expressio
1567 2503 1635 2536 fieri
1661 2505 1763 2548 possit
1788 2505 1821 2537 in

1082 2555 1198 2587 litteris
1225 2555 1251 2587 si
1276 2556 1451 2596 videbitur,
1479 2557 1510 2589 in
1537 2557 1653 2600 (piibus
1679 2558 1822 2600 singulo-

1082 2619 1150 2642 rum
1181 2609 1449 2643 conclaristarum
1482 2610 1614 2644 nomina
1648 2617 1679 2644 et
1703 2621 1823 2655 cogno·

1750 225 1792 262 99
1838 236 1888 264 An.
1906 235 1934 263 c.
1958 231 2027 264 ¹670

2055 2618 2065 2677 ακμ-
