2279 3260
250 252 290 277 An
319 252 346 276 C.
372 251 432 277 ¹67¹

278 730 374 750 Provide!
402 736 433 750 w-

251 759 335 776 eni-uati
355 759 432 782 emplo-

252 788 295 801 nnn
326 782 433 806 locurum,

252 812 284 829 ult}

482 241 546 275 ⁶248

444 300 573 337 tuimus,
590 304 621 332 et
645 310 681 332 ex
709 299 801 332 dictis
829 299 1009 332 redditibus
1035 308 1173 330 annuam

442 362 599 384 summam
632 357 798 385 scutorum
831 351 1003 384 duodecim
1039 349 1174 382 millium

442 410 589 437 monetae
604 405 643 437 ab
659 404 745 437 omni
769 415 868 437 onere
886 414 1001 447 prosus
1027 402 1173 441 liberam,

441 457 615 490 immunem
634 463 665 489 et
684 463 864 499 exemptam
885 454 1043 488 annuam¹
1063 454 1176 487 dividi-

441 518 511 541 mus
538 515 569 542 et
593 520 792 552 separamus,
811 509 963 550 illamque
982 507 1026 539 sic
1044 505 1176 539 divisam

442 566 475 594 et
499 567 678 604 separatam
706 561 810 593 cidem
836 560 933 592 Monti
966 564 998 591 et
1021 558 1107 591 illius
1132 558 1177 590 lo-

443 624 554 646 corum
580 613 692 645 suturis
709 612 909 655 emptoribus
927 611 1125 654 applicamus
1146 614 1178 642 et

445 666 701 709 appropriamus.

488 719 502 759 g*
519 718 550 750 4.
574 717 613 750 Ut
630 723 735 749 autem
754 722 946 759 emptorum,
966 714 1178 758 depositario-

445 781 513 801 ruin
539 774 570 802 et
602 769 739 802 aliorum
775 768 961 812 quorumvis
997 768 1177 804 futurorum

445 821 641 853 creditorum
667 821 783 853 Montis
802 819 999 859 huiusmodi,
1020 819 1085 862 qui,
1102 818 1177 852 dicti

446 873 534 906 ducis
560 873 657 905 Flavii
673 872 767 905 tidem
782 872 922 915 sequuti,
937 871 1089 915 pecunias
1106 881 1178 903 suas

445 926 476 958 in
502 937 539 958 eo
565 927 725 958 collocare
751 926 872 965 volunt,
897 923 1061 958 securitati
1079 923 1179 966 magis

446 978 607 1021 provisum
634 979 692 1018 sit,
721 979 869 1010 volumus
909 982 940 1010 et
975 977 1180 1010 decernimus

446 1031 534 1073 quod
567 1031 669 1063 dictus
703 1031 764 1063 dux
803 1030 930 1063 Flavius
968 1034 1115 1062 teneatur
1149 1033 1181 1061 et

446 1083 564 1115 debeat
588 1093 626 1116 ex
645 1082 825 1115 redditibus
850 1087 882 1115 et
906 1081 1117 1125 proventibus
1143 1080 1181 1112 ei-

445 1135 552 1167 vitatis
578 1141 610 1167 et
634 1135 730 1167 rastri
757 1134 1009 1177 praedictorum,
1028 1144 1086 1176 pro
1105 1143 1181 1166 con-

445 1190 525 1230 grua
542 1188 616 1221 dote
631 1188 775 1220 eiusdem
791 1187 913 1227 Montis,
928 1191 1092 1225 scutorum
1104 1186 1181 1218 duo—

445 1240 551 1273 decim
571 1239 726 1273 millium⁹
743 1245 892 1272 monetae
913 1249 1064 1272 romanae
1082 1249 1182 1281 penes

445 1294 583 1326 bancum
609 1292 797 1335 depositarii
824 1292 970 1325 eiusdem
994 1291 1107 1324 Montis
1133 1302 1181 1323 an-

445 1345 567 1378 nuatim
601 1346 765 1388 deponere
799 1346 837 1377 ad
874 1344 1021 1377 ell'ectum
1046 1343 1102 1376 illa
1125 1354 1183 1386 per

445 1397 674 1440 depositarium
691 1397 795 1440 ipsum
811 1408 869 1440 pro
884 1402 1030 1439 tempore
1046 1395 1183 1428 existen-

446 1456 509 1482 tem
537 1450 681 1483 solvendi
713 1450 876 1482 montistis
909 1455 940 1482 et
968 1449 1183 1482 creditoribus

445 1502 521 1535 dicti
547 1502 662 1535 Montis
688 1514 745 1545 pro
776 1502 931 1534 fructibus
962 1501 1047 1535 illius
1073 1502 1110 1534 ad
1137 1501 1184 1534 di-

445 1561 528 1589 ctam
552 1555 712 1588 rationein
729 1560 893 1588 scutorum
915 1560 1052 1598 quatuor
1076 1565 1184 1588 mone-

446 1614 496 1642 tae
520 1619 675 1641 romanae
692 1619 751 1651 pro
770 1608 919 1651 quolibet
943 1609 1013 1640 loeo
1035 1613 1067 1640 et
1083 1618 1180 1648 anno,

446 1661 485 1694 de
509 1660 654 1693 bimestri
685 1661 717 1692 in
742 1660 906 1699 bimestre,
933 1665 965 1693 et
989 1661 1021 1693 in
1046 1659 1109 1693 fine
1130 1670 1183 1693 cu-

445 1713 760 1753 iuslibetbimestris,
780 1714 909 1753 Romae,
928 1713 1028 1746 libere
1047 1719 1079 1746 et
1096 1713 1182 1746 omni

446 1768 535 1799 mora
566 1772 732 1806 cessante,
764 1767 900 1799 durante
933 1766 1018 1799 dicto
1054 1766 1181 1807 Monte3

446 1830 678 1862 summamque,
694 1830 729 1852 ex
756 1819 869 1862 quovis
900 1830 973 1852 casu
999 1819 1093 1852 etiam
1118 1821 1183 1853 sor-

447 1872 527 1905 tuito
542 1877 573 1904 et
601 1871 769 1915 inopinato
791 1883 828 1905 ex
848 1872 1035 1905 introitibus
1062 1878 1093 1906 et
1111 1873 1184 1905 red-

450 1924 569 1963 ditibus
594 1924 747 1967 prael'atis
766 1923 982 1965 deficientem,
995 1924 1099 1958 dictus
1121 1925 1182 1958 dux

447 1964 574 2009 Flavius
601 1976 639 2008 dc
665 1976 811 2019 proprio,
833 1981 865 2008 et
890 1987 961 2009 cum
985 1976 1055 2009 aliis
1081 1977 1183 2010 reddi-

448 2028 534 2061 tibus
553 2034 585 2061 et
597 2028 745 2071 pecuniis
760 2029 912 2072 supplere
927 2034 1085 2070 teneatur;
1101 2034 1140 2070 et,
1156 2029 1182 2062 si

448 2081 652 2123 contingeret
675 2081 838 2124 praedicta
862 2082 948 2113 bona
972 2082 1057 2114 dicto
1086 2082 1183 2115 lllonti

448 2134 612 2176 assignata
636 2133 700 2166 sive
721 2133 753 2166 in
780 2138 844 2166 toto
870 2133 936 2166 sive
962 2134 994 2166 in
1019 2140 1109 2177 parte
1135 2136 1184 2168 lo-

448 2186 528 2226 cari,
551 2191 699 2219 teneatur
724 2185 918 2219 assictuarios
942 2191 974 2218 et
998 2187 1184 2220 arrendata-

448 2240 514 2272 rios
532 2239 718 2273 huiusmodi
745 2250 804 2272 nee
821 2250 887 2271 non
905 2239 1183 2274 administratores

448 2293 542 2326 etiam
580 2293 611 2325 in
648 2293 752 2325 forma
789 2292 941 2326 Gamerae
978 2294 1182 2335 Apostolieae

449 2346 594 2387 obligare
622 2346 725 2378 facere
744 2345 776 2377 in
795 2346 934 2378 savorem
959 2346 1183 2379 montistarum

449 2405 480 2431 et
505 2398 694 2442 depositarii
720 2398 796 2431 dicti
821 2398 935 2431 Montis
960 2399 998 2431 de
1029 2400 1182 2433 solvendo

449 2452 640 2484 inmanibus
655 2451 730 2484 dicti
748 2452 934 2495 depositarii
949 2463 1087 2485 annuam
1104 2463 1183 2485 suni-

485 2534 496 2558 1
520 2532 574 2558 Vox
594 2539 725 2558 annuam
744 2531 859 2558 delenda
877 2534 914 2565 (a.
931 2533 981 2564 Τ,).

483 2576 499 2603 2
519 2575 660 2611 Oporteret
679 2577 769 2610 legere
788 2576 894 2610 utalia,
918 2576 957 2603 vel
977 2578 1057 2604 scuta
1077 2577 1182 2604 duode-

449 2623 505 2650 cim
525 2622 604 2649 ›m'tle
624 2628 660 2655 xit.
679 2622 730 2655 Τ.).

1024 250 1095 274 num
1107 250 1201 273 Anium
1226 249 1375 273 noiiANUM

1216 307 1298 328 mam
1318 296 1528 339 pecuniarum
1546 306 1604 339 pro
1630 296 1817 329 huiusmodi
1837 295 1952 329 effectu

1218 348 1398 382 debitarum
1422 353 1454 381 et
1479 349 1708 389 debcndarum,
1728 359 1830 391 usque
1844 353 1953 382 tamen

1218 401 1255 433 ad
1281 411 1438 433 summam
1460 401 1544 434 dieto
1570 401 1665 434 Menti
1691 412 1749 444 pro
1775 401 1861 434 illius
1879 401 1954 433 dote

1219 457 1250 486 et
1266 453 1431 499 *fructibus
1457 458 1492 485 ut
1514 463 1611 496 supra
1635 453 1849 496 assignatam‘,
1876 453 1955 486 alias

1219 515 1331 537 omnes
1363 505 1542 538 locationes
1574 506 1683 538 nullae
1720 505 1786 538 sint
1822 510 1855 538 et
1885 515 1956 537 csse

1219 561 1429 597 censeantur,
1455 562 1549 600 prout
1574 568 1633 590 nos
1657 558 1763 590 nullas
1789 562 1822 590 et
1845 557 1957 590 invali-

1221 609 1275 642 das
1300 620 1371 642 esse
1392 610 1604 650 decernimuS,
1627 611 1772 643 volumus
1796 615 1828 644 et
1852 611 1957 643 decla-

1220 672 1338 694 ramus.

1263 716 1278 757 g
1304 714 1335 756 5.
1355 714 1479 757 Elapsis
1496 725 1572 748 vero
1591 715 1703 758 viginti
1721 716 1814 748 annis
1831 715 1870 748 ab
1888 726 1956 749 ere-

1222 820 1282 852 dux
1298 820 1424 852 Flavius
1438 820 1622 862 praedictus
1634 820 1862 853 extinctionem
1875 820 1960 852 eius-

1223 873 1294 905 dem
1327 872 1444 904 Montis
1470 872 1615 915 incipere
1641 878 1673 904 et
1700 872 1804 904 facere
1831 871 1957 912 debeat,

1222 925 1440 967 extinguendo
1466 924 1613 967 quolibet
1636 935 1721 957 anno
1752 928 1841 957 scuta
1869 923 1962 967 quin-

1223 978 1328 1010 decim
1351 977 1450 1010 millia
1476 983 1634 1017 monetae,
1661 982 1692 1010 et
1716 977 1876 1010 restitutis
1903 976 1961 1009 sin-

1223 1031 1306 1073 gulis
1338 1030 1502 1063 montistis
1534 1031 1632 1063 scutis
1659 1035 1786 1063 centum
1810 1035 1961 1063 monetae

1224 1094 1281 1126 pro
1307 1083 1453 1126 quolibet
1477 1083 1547 1116 loco
1566 1088 1598 1115 et
1623 1083 1783 1126 portione,
1798 1083 1910 1116 liberis
1928 1088 1960 1115 et

1224 1136 1346 1178 alisque
1371 1136 1437 1168 ullo
1461 1135 1599 1176 vinculo,
1616 1136 1836 1179 praecedente
1856 1141 1959 1168 tamen

1225 1188 1340 1227 edicto,
1366 1187 1452 1220 iuxta
1475 1187 1625 1229 solitum,
1651 1193 1683 1220 et
1707 1198 1766 1231 per
1790 1187 1961 1220 extractio-

1225 1251 1308 1279 nem,
1326 1239 1467 1272 adinstar
1484 1239 1620 1272 aliorum
1638 1240 1793 1272 Montium
1807 1239 1963 1282 extingui-

1225 1293 1339 1325 bilium
1366 1292 1529 1324 Romanae
1546 1291 1668 1331 Curiae,
1691 1297 1724 1325 et
1747 1292 1792 1324 sic
1816 1291 1965 1335 quolibet

1226 1355 1310 1377 anno
1335 1345 1367 1376 in
1393 1344 1580 1377 huiusmodi
1606 1344 1837 1377 extinctionem
1862 1344 1966 1376 eonti-

1226 1408 1325 1430 nuare
1341 1408 1443 1440 usque
1465 1397 1503 1429 ad
1525 1399 1657 1430 totalem
1683 1397 1829 1430 eiusdem
1848 1396 1963 1429 Montis

1227 1449 1470 1489 extinctionem3
1487 1449 1530 1482 ita
1545 1455 1650 1482 tamen
1669 1450 1755 1493 quod
1774 1448 1961 1482 montistae¹

1226 1507 1258 1536 et
1286 1502 1467 1535 creditores
1502 1502 1636 1545 praefati
1668 1502 1898 1534 extractionem
1931 1506 1966 1534 et

1227 1555 1456 1588 extinctionem
1482 1553 1669 1587 huiusmodi
1700 1565 1875 1597 procurare
1904 1554 1964 1586 mi-

1226 1607 1310 1640 nime
1337 1612 1531 1648 teneantur,
1557 1608 1613 1640 sed
1639 1607 1747 1650 quoad
1784 1617 1840 1640 eos
1876 1606 1964 1639 Mons

1226 1661 1304 1704 ipse,
1323 1661 1427 1693 donec
1445 1660 1540 1692 suerit
1557 1659 1724 1700 extinctus,
1738 1664 1913 1703 perpetuus
1924 1659 1965 1692 sit

1226 1720 1259 1747 et
1283 1723 1353 1747 esse
1378 1718 1558 1746 censeatur.

1268 1767 1334 1810 56.
1363 1766 1468 1799 Dictus
1493 1771 1599 1799 autem
1626 1767 1687 1799 dux
1712 1765 1839 1799 Flavius
1858 1771 1964 1798 tenea-

1227 1872 1302 1906 dicti
1327 1871 1441 1905 Montis
1466 1871 1609 1915 aliquem
1628 1876 1844 1904 mercatorem
1861 1872 1914 1903 hic
1931 1871 1963 1903 in

1227 1925 1312 1958 Urbe
1341 1925 1403 1958 side
1430 1930 1462 1958 et
1487 1924 1693 1957 facultatibus
1725 1924 1898 1964 idoneum,
1923 1924 1962 1956 ad

1226 1983 1522 2020 contentamentum
1547 1977 1655 2010 dilecti
1681 1976 1736 2009 filii
1762 1977 1864 2010 nostri
1889 1977 1964 2010 Hie-

1226 2031 1352 2075 ronymi
1363 2031 1504 2064 Gastaldi
1515 2030 1619 2063 nostri
1631 2035 1661 2063 et
1671 2030 1823 2063 Gamerae
1835 2036 1963 2063 nostrae

1228 2084 1419 2118 thesaurarii
1446 2084 1608 2127 generalis
1644 2089 1676 2117 et
1700 2084 1786 2116 illius
1804 2083 1837 2116 in
1855 2083 1961 2117 officio

1227 2137 1409 2170 huiusmodi
1434 2147 1668 2176 successorum,
1694 2136 1747 2179 qui
1773 2136 1963 2180 principali-

1227 2196 1275 2224 ter
1298 2195 1330 2224 et
1355 2190 1388 2222 in
1420 2190 1559 2222 solidum
1584 2200 1617 2222 se
1643 2189 1766 2232 obliget
1789 2200 1848 2232 pro
1875 2191 1963 2223 solu-

1227 2244 1313 2277 tione
1339 2243 1496 2275 fructuum
1523 2242 1597 2275 dicti
1617 2242 1731 2275 Montis
1758 2253 1816 2285 per
1841 2253 1962 2275 noven—

1226 2297 1314 2329 nium
1340 2295 1531 2338 proximum,
1546 2295 1584 2327 ab
1610 2295 1680 2338 ipso
1707 2295 1757 2328 die
1783 2296 1960 2328 erectionis

1227 2350 1301 2383 dicti
1327 2349 1441 2382 Montis
1460 2347 1710 2389 inclioanduui²‚
1726 2353 1757 2381 et
1770 2353 1804 2380 ut
1817 2348 1963 2392 sequitur

1227 2401 1490 2438 continuandum,
1503 2400 1541 2432 dc
1555 2399 1702 2432 bimestri
1713 2399 1745 2431 in
1757 2400 1920 2440 bimestre,
1930 2405 1963 2433 et

1226 2454 1259 2486 in
1276 2453 1339 2486 fine
1364 2452 1537 2485 cuiuslibet
1552 2452 1728 2493 bimestris,
1744 2452 1845 2485 libere
1864 2453 1962 2485 etiam

1227 2506 1427 2540 cessantibus
1465 2511 1497 2538 et
1531 2506 1649 2538 exactis
1679 2506 1728 2538 vel
1753 2516 1816 2538 non
1842 2506 1961 2538 exactis

1263 2578 1273 2603 1
1296 2575 1365 2603 Edit.
1386 2576 1467 2602 Main.
1488 2575 1552 2610 legit
1573 2576 1705 2602 montis-m
1725 2576 1764 2610 (n.
1781 2576 1827 2610 ⁵12).

1261 2621 1278 2647 2
1298 2620 1365 2646 Edit.
1387 2620 1467 2646 Maiu.
1490 2620 1554 2655 legit
1574 2621 1724 2648 inchoante
1746 2622 1782 2656 (tt.
1797 2621 1846 2654 T.).

1960 247 2009 274 An.
2026 247 2055 274 C,
2079 247 2142 274 lti'll

2007 726 2085 747 Statuit
2113 733 2150 752 pro

1968 753 2060 773 eiusdem
2075 753 2150 773 nunus

1221 767 1325 800 ctione
1352 768 1539 800 huiusmodi
1569 768 1685 801 Montis
1710 768 2104 811 computandis,nuncnune.

2013 1776 2158 1802 Depositam„

1227 1824 1280 1852 tur
1301 1819 1421 1862 eligere
1448 1824 1479 1851 et
1504 1819 1658 1862 deputare
1683 1819 1714 1851 in
1733 1818 1963 1862 depositarium
1975 1803 2159 1855 {iiiiiiisspmm'
