2279 3260
205 217 252 244 ιη.
271 217 301 247 c,
326 218 390 246 imo
435 210 499 244 0-'10

228 1764 239 1788 Ε
253 1764 272 1785 3.
291 1764 319 1785 De
334 1771 346 1785 n
358 1771 384 1783 ›n-

201 1786 262 1812 nnltis
291 1791 385 1811 animad-

201 1817 308 1839 vortendts
328 1818 383 1837 circa

207 1845 269 1865 trias
285 1850 371 1870 poenas¹

976 221 1154 246 ammarum
1179 221 1331 248 nomwuttt

398 280 476 302 voce
503 275 534 302 et
558 270 628 303 loco
645 281 704 314 per
721 281 849 312 annum,
868 270 917 303 vel
941 271 973 303 in
991 269 1134 312 capitulo
1175 269 1222 302 illi
1238 270 1468 313 designaverit,
1488 278 1527 314 et,
1547 273 1760 317 proportione
1775 274 1910 315 servata,

399 324 615 366 flagellabitur
639 335 655 357 a
681 325 830 368 praeside
860 329 890 356 et
915 334 931 355 a
955 324 1018 355 tota
1050 332 1136 355 com-

398 377 563 417 munitate,
586 382 617 412 et
641 379 740 411 semel
766 376 923 410 iciunabit
948 376 979 408 in
997 385 1078 418 pane
1104 379 1136 407 ct

399 432 480 473 aqna
506 435 638 469 tantum,
665 431 748 463 acin
767 431 848 463 cella
873 429 1062 462 recludetur
1076 437 1135 471 pro

399 490 543 528 tempore
562 495 637 517 suae
656 485 766 527 culpae
785 482 1034 526 proportionum
1051 492 1058 521 ·,
1074 491 1136 524 qua

399 537 599 582 poenitentia
624 538 772 577 durante,
800 537 923 568 nullum
949 545 1022 566 reus
1047 544 1135 566 exer-

399 596 470 624 ceat
494 590 655 630 ostii-ium·y
681 590 766 633 quod
797 589 821 621 si
851 588 999 621 sacerdos
1029 586 1133 626 fixerit,

399 644 529 677 missam
550 654 614 675 non
635 642 796 682 celebret,
822 641 846 673 si
875 644 971 673 trater
995 640 1033 672 acl
1059 640 1135 671 clio-

399 708 469 729 rum
487 697 668 739 deputatus,
687 694 805 738 poterit
827 694 969 726 circulus
993 703 1134 725 coronae

399 761 459 794 pro
486 755 631 792 tempore
658 747 798 780 czn‘ceris
833 747 861 779 ei
889 747 981 786 radi,
1009 746 1035 779 si
1058 756 1134 779 vero

399 805 508 842 laicus,
522 803 609 836 indui
629 803 751 846 poterit
769 801 968 835 vestimentis
988 802 1069 834 susci
1083 812 1136 834 co·

399 858 503 897 loris;
531 867 609 900 quas
631 861 661 889 et
686 856 806 889 similes
833 866 952 899 poenas
979 855 1134 887 adhibere

397 911 514 944 valebit
538 909 745 953 provincialis
781 920 839 952 pro
872 908 1026 941 arbitratu
1063 918 1133 953 suo,

398 974 527 1006 semper
553 968 657 996 tamen
676 962 937 1006 proportionatas
963 972 1034 993 cum
1059 971 1136 1004 qua-

398 1017 542 1051 litatibus
568 1017 694 1059 culpae.

441 1080 496 1103 vii.
524 1069 623 1113 Culpa
648 1068 835 1111 gravissima
861 1074 907 1101 est
933 1066 1135 1100 committere

399 1122 564 1161 delictum,
589 1122 640 1154 cui
665 1122 697 1154 in
723 1122 792 1154 iure
818 1131 920 1163 poena
945 1119 1059 1152 mortis
1087 1120 1135 1153 rel

399 1175 578 1208 triremium
595 1174 718 1207 inflicta
735 1180 791 1213 est,
815 1173 903 1206 verbi
922 1173 1023 1215 gratia
1040 1182 1135 1215 pone-

397 1239 432 1261 re
457 1228 587 1261 libellos
614 1226 844 1265 infamatorios,
864 1226 985 1268 lingere
1004 1231 1034 1258 et
1051 1226 1135 1258 adul-

399 1286 503 1314 terare
530 1279 786 1322 subscriptiones
818 1279 868 1312 vel
902 1278 1008 1321 sigilla
1040 1288 1136 1320 supe-

399 1334 528 1372 riorum,
548 1339 674 1376 patrare
702 1333 824 1365 facinus
851 1332 982 1375 aliquod
1001 1337 1135 1374 propter

398 1387 483 1430 quod
503 1386 697 1428 delinquens
716 1385 835 1428 expelli
852 1385 980 1417 debeat.
1000 1384 1136 1427 Propter

397 1439 479 1472 haec
505 1449 521 1471 a
553 1438 737 1472 definitorio
771 1437 914 1480 generali
948 1436 1134 1480 gravissime

397 1492 572 1535 puniantur
596 1491 651 1530 rei,
678 1493 800 1523 attenta
831 1490 939 1523 delicti
968 1490 1132 1533 qualitate,

396 1545 445 1577 vel
467 1546 679 1587 expellantur,
699 1546 823 1576 servata
848 1544 948 1576 torma
973 1544 1054 1576 intra
1078 1554 1136 1587 po—

397 1598 468 1637 sita,
489 1608 560 1641 cap.
579 1607 686 1637 xxxm,
709 1597 771 1641 §Q
797 1607 887 1629 num.
913 1596 953 1637 ⁶23
988 1597 1135 1640 gravissi-

396 1661 464 1684 mas
483 1651 569 1684 enim
587 1651 697 1694 culpas
715 1650 858 1684 iudicare
874 1650 934 1684 soli
950 1649 1134 1683 definitorio

399 1704 544 1748 generali
569 1704 738 1747 competit.

442 1769 462 1791 1.
485 1757 617 1796 Quando
644 1757 676 1789 in
701 1757 822 1790 nostris
849 1757 1134 1791 constitutionibus

397 1810 529 1854 ponitur
546 1820 652 1853 poena
669 1810 892 1854 suspensionis
914 1811 963 1843 vel
980 1811 1135 1854 privatio-

398 1864 448 1897 nis
475 1863 613 1906 (etiamsi
631 1863 709 1896 inibi
729 1863 851 1896 dicatur
866 1864 936 1907 ipso
953 1864 1051 1907 sacto)
1070 1875 1134 1898 non

396 1917 598 1959 intelligatur
623 1922 697 1949 ante
714 1944 722 1957 ,
751 1917 807 1950 sed
843 1922 916 1960 post
939 1918 1133 1951 sententiam

396 1969 511 2003 iudicis
531 1980 632 2013 super
649 1970 751 2010 factm
771 1975 802 2002 et
827 1970 958 2013 quando
984 1971 1133 2005 absolute

397 2022 522 2062 dicitur,
545 2021 632 2065 quod
657 2022 772 2065 aliquis
798 2028 905 2055 careat
929 2033 1019 2063 voce,
1038 2023 1134 2056 intel-

396 2076 513 2119 ligatur
550 2075 589 2108 de
626 2077 773 2118 utraque,
799 2075 900 2108 activa
924 2076 1079 2109 nimirum
1103 2083 1133 2109 et

395 2129 531 2173 passiva.

439 2193 475 2215 11.
502 2182 532 2215 Si
554 2182 587 2215 in
605 2182 748 2226 capitulo
770 2182 956 2215 dominicali
974 2193 1131 2226 praesens

394 2235 492 2268 suerit
521 2235 637 2279 aliquis
670 2236 820 2269 sacerdos
850 2235 992 2279 privatus
1024 2247 1102 2269 voce
1123 2264 1130 2277 ,

394 2293 566 2333 postquam
592 2289 716 2331 egressi
752 2293 825 2321 sunt
860 2289 898 2322 ab
934 2289 991 2322 illo
1020 2299 1131 2322 omnes

394 2341 509 2373 fratres
535 2341 607 2374 laici
633 2346 664 2374 et
688 2341 863 2382 choristae,
886 2352 1015 2384 praeses
1033 2343 1133 2375 corri-

395 2400 448 2437 gat
474 2404 556 2432 eum,
584 2393 610 2426 si
634 2395 684 2427 vel
702 2394 770 2437 ipse
787 2395 835 2427 vel
852 2396 974 2428 zelator
991 2395 1131 2439 aliquam

395 2447 515 2479 notavit
541 2447 680 2490 culpam,
706 2452 738 2479 et
757 2447 863 2480 statim
895 2448 1078 2491 praedictus
1115 2460 1131 2482 e

396 2500 540 2543 capitulo
566 2505 661 2532 exeat
679 2511 686 2540 ;
714 2500 854 2543 privatus
876 2501 951 2534 sede
969 2511 1025 2534 seu
1046 2502 1129 2542 loco,

395 2553 421 2585 si
447 2554 601 2586 sacerdos
627 2553 678 2594 sit,
698 2553 811 2586 sedeat
831 2558 903 2597 post
921 2564 1033 2587 omnes
1049 2555 1129 2588 alios

395 2606 594 2648 sacerdotes,
618 2606 679 2640 nisi
704 2606 801 2640 alium
818 2606 1008 2642 interiorem
1024 2608 1131 2641 locum

1177 322 1330 356 similiter
1355 324 1408 357 liat
1431 335 1502 358 cum
1523 337 1588 359 non
1614 327 1848 361 sacerdotibus.

1220 386 1268 410 111.
1289 375 1421 414 Quando
1438 377 1470 410 in
1488 379 1607 411 nostris
1624 380 1911 413 constitutionibus

1177 428 1367 471 designatur
1399 440 1504 472 poena
1538 431 1727 474 privationis
1758 432 1856 466 officii
1881 438 1912 466 et

1177 481 1281 523 vocis,
1307 481 1331 514 si
1357 482 1551 525 delinquens
1576 484 1718 518 officium
1743 491 1774 519 et
1799 497 1910 520 vocem

1177 545 1240 567 non
1266 535 1399 575 habeat,
1427 535 1592 578 infligatur
1616 536 1663 570 illi
1688 538 1749 570 alia
1773 549 1912 583 propor-

1177 587 1297 620 tionata
1322 588 1534 630 poenitentia.

1221 651 1262 673 lv.
1282 640 1434 684 Suspensi
1456 641 1494 673 ab
1520 641 1624 675 officio
1659 649 1847 676 remaneant
1880 643 1911 676 iu

1176 693 1240 725 suis
1265 693 1407 736 propriis
1431 694 1594 733 domibus,
1621 693 1682 727 nisi
1707 696 1912 738 suspendens

1177 747 1224 779 vel
1250 752 1342 789 pater
1367 746 1528 789 generalis
1548 746 1628 779 alios
1644 752 1823 780 conventus
1848 748 1912 781 illis

1176 799 1319 841 assignet
1342 809 1402 842 pro
1423 803 1572 842 tempore
1597 800 1836 842 suspensionis.

1219 863 1248 885 v.
1267 851 1400 890 Quando
1426 862 1484 895 pro
1509 852 1711 895 poenitentia
1734 852 1914 896 imponitur

1177 905 1335 939 ieiunium
1350 905 1381 937 in
1403 915 1486 948 pane
1512 910 1543 938 et
1562 908 1653 949 aqua,
1672 906 1845 950 poenitens
1861 907 1915 939 ad-

1177 960 1310 1003 impleat
1335 959 1365 991 in
1391 958 1566 991 refectorio
1596 959 1635 991 ad
1664 959 1801 1002 primam
1825 970 1914 992 men-

1177 1024 1243 1046 sam
1268 1022 1399 1055 prorsus
1424 1011 1457 1044 in
1484 1014 1570 1044 terra
1594 1011 1718 1056 absque
1743 1014 1861 1056 mappa
1884 1017 1916 1045 ct

1177 1065 1319 1109 caputio.

1219 1131 1262 1153 vi.
1288 1119 1451 1158 Volumus,
1479 1119 1566 1162 quod
1590 1118 1650 1159 illi,
1676 1119 1731 1162 qui
1756 1119 1795 1152 de
1821 1130 1913 1153 more

1177 1173 1347 1206 habuerint
1374 1173 1575 1206 committere
1600 1173 1710 1216 culpas
1735 1173 1830 1214 leves,
1856 1185 1914 1217 pu-

1176 1227 1305 1259 niantur
1325 1228 1431 1270 poena
1454 1227 1568 1269 culpae
1585 1226 1724 1267 mediae,
1743 1231 1775 1259 et
1798 1227 1914 1269 quibus

1179 1291 1245 1313 uxos
1271 1279 1368 1313 suerit
1397 1279 1598 1312 committere
1635 1279 1746 1322 culpas
1780 1278 1913 1319 medias,

1177 1333 1373 1365 mulctentur
1398 1333 1502 1375 poena
1526 1332 1642 1375 culpae
1667 1331 1786 1374 gravis,
1806 1336 1837 1364 et
1868 1332 1915 1365 sic

1177 1386 1214 1419 de
1234 1385 1377 1429 reliquis,
1392 1390 1423 1417 et
1440 1385 1516 1418 dum
1535 1395 1600 1418 non
1619 1385 1825 1429 resipiscunt,
1841 1396 1915 1429 poe-

1176 1450 1216 1472 na
1233 1444 1399 1481 augeatur.
1418 1438 1441 1470 E
1458 1444 1570 1471 contra
1587 1449 1662 1471 vcro
1683 1439 1840 1482 superior,
1860 1439 1913 1482 qui

1176 1491 1409 1536 poenitentiam
1434 1491 1597 1535 imposuit,
1623 1491 1746 1535 poterit
1769 1493 1914 1536 pruden-

1178 1555 1233 1585 ter,
1255 1550 1286 1578 et
1310 1544 1441 1577 attentis
1472 1545 1733 1585 circumstantiis,
1766 1545 1913 1578 minuere

1176 1599 1266 1632 illam
1293 1598 1348 1637 eis,
1370 1597 1423 1640 qui
1441 1597 1609 1631 humiliter
1630 1597 1809 1641 adimplent
1827 1603 1858 1631 et
1874 1598 1914 1631 si-

1177 1663 1239 1695 gna
1263 1650 1501 1684 emendationis
1525 1651 1712 1684 ostendunt.

1223 1715 1276 1738 vn.
1304 1703 1413 1747 Culpis
1432 1703 1505 1743 illis,
1531 1704 1647 1746 quibus
1665 1704 1913 1738 constitutiones

1177 1762 1308 1790 nostrae
1330 1767 1452 1800 poenas
1470 1766 1535 1789 non
1552 1761 1707 1797 statuunt,
1726 1758 1914 1800 superiores

1177 1821 1235 1853 pro
1253 1820 1308 1842 suo
1326 1808 1477 1853 prudenti
1499 1808 1632 1842 arbitrio
1651 1809 1822 1852 imponant
1841 1820 1914 1853 pro-

1176 1862 1379 1906 portionatas
1396 1871 1525 1904 semper
1554 1872 1626 1894 cum
1649 1861 1777 1895 delictis
1804 1868 1834 1895 et
1851 1864 1913 1896 cir-

1176 1915 1376 1948 cumstantiis
1402 1915 1491 1947 etad
1518 1914 1762 1948 similitudinem
1780 1915 1832 1947 hic
1857 1916 1911 1949 de-

1176 1970 1387 2013 signatarum.

1219 2033 1287 2055 viu.
1314 2022 1360 2054 Ad
1397 2021 1596 2065 puniendum
1633 2021 1749 2054 delicta
1784 2032 1913 2065 semper

1175 2076 1384 2109 attendantur
1403 2085 1563 2118 personae
1581 2080 1613 2107 et
1635 2074 1909 2116 circumstantiae,

1175 2135 1208 2162 ut
1232 2129 1278 2162 sic
1295 2129 1343 2162 vel
1361 2133 1517 2171 augeatur
1538 2129 1587 2161 vel
1611 2128 1775 2160 minuatur
1789 2138 1908 2171 poena.

1218 2192 1259 2215 lx.
1287 2181 1451 2214 Praelatus
1472 2180 1607 2213 inferior
1631 2180 1672 2213 sit
1691 2180 1852 2223 obligatus
1877 2182 1912 2214 fi-

1175 2235 1247 2268 dem
1271 2235 1375 2268 sacere
1393 2233 1565 2278 superiori,
1584 2234 1723 2277 qualiter
1742 2235 1913 2277 poeniten-

1175 2288 1217 2321 tia
1229 2289 1267 2321 ab
1281 2288 1351 2331 ipso
1365 2286 1517 2330 imposita
1530 2287 1712 2320 executioni
1726 2288 1909 2321 mandetur.

1218 2352 1240 2375 1.
1268 2341 1303 2374 In
1328 2340 1480 2374 omnibus
1504 2340 1624 2373 nostris
1650 2341 1861 2375 conventibus
1881 2347 1913 2375 et
1950 2348 1994 2375 52-
2014 2347 2106 2370 Βοσπ-

1923 2380 1972 2396 care
1987 2378 2105 2397 nostrornm

1174 2394 1322 2437 collegiis
1349 2393 1388 2426 sit
1413 2394 1504 2426 locus
1522 2403 1652 2425 securus
1677 2404 1712 2425 ac
1738 2394 2071 2438 deputatusconveuzuuru.

1174 2448 1212 2481 ad
1238 2446 1419 2480 custodiam
1443 2457 1585 2487 reorum,
1607 2457 1674 2480 non
1699 2451 1808 2480 tamen
1829 2448 1910 2482 adeo

1174 2501 1339 2544 rigorosus
1363 2504 1399 2532 ut
1428 2499 1461 2532 in
1487 2499 1663 2532 discrimen
1689 2501 1796 2533 veniat
1824 2502 1910 2534 salus

1173 2553 1400 2596 religiosorum
1418 2551 1496 2584 inibi
1515 2552 1728 2594 inclusorum,
1742 2558 1773 2586 et
1789 2554 1854 2587 sint
1877 2554 1911 2588 in

1173 2617 1210 2641 eo
1229 2607 1413 2651 compedes,
1428 2606 1564 2649 vincula,
1583 2607 1709 2652 aliaque
1726 2608 1910 2644 necessaria

1916 224 1964 252 Αη.
1986 224 2015 252 C.
2038 225 2106 253 1676
