2279 3260
203 257 252 281 An.
270 255 298 281 C.
321 256 385 282 1671

237 1207 305 1227 caum
317 1209 393 1226 consu-

211 1235 304 1254 tutionis.

435 247 498 269 Q‘Q

437 262 499 279 ..1¹4

396 305 573 337 haberetur
607 305 682 348 ipsis
718 305 942 348 praesentibus
970 304 995 337 si
1027 304 1133 337 forent

396 357 559 389 exhibitae
586 358 635 389 vel
658 363 818 389 ostensae.

440 409 551 442 Datum
577 410 717 449 Romae,
749 410 833 453 apud
858 410 889 441 S.
918 409 1047 441 Mariam
1074 407 1133 439 Ma-

397 458 513 501 iorem,
541 462 598 493 sub
636 463 754 494 annulo
787 461 978 499 PiscatoriS,
1017 459 1067 491 die
1097 469 1134 491 xx

397 514 466 548 iulii
484 524 632 554 MDCLXXI,
648 514 854 557 pontificatus
874 513 974 545 nostri
993 522 1077 544 anno
1097 522 1131 544 n.

435 574 491 601 Dat.
515 574 558 601 die
578 575 612 601 20
626 574 682 601 iulii
708 575 784 606 167¹,
802 572 897 608 pontif.
913 580 984 599 anno
999 578 1026 598 ιι.

704 687 831 720 LXXIV.

401 760 523 793 Siatm't
555 758 639 801 quod
663 758 779 799 fratres
804 757 906 788 exteri
925 755 1059 789 Ordinis
1077 755 1137 787 Mi-

446 822 560 843 norum
598 810 701 841 sanem?
737 808 906 841 Francisci
942 808 978 840 (Ie
1020 808 1135 841 Obser-

444 863 554 895 vcmliaei
582 862 841 903 [testamentorum
866 861 902 892 in
931 860 1138 892 conventibus

444 916 474 948 S.
510 915 679 947 Francisce·
718 913 759 945 ad
798 913 917 955 Ripam.
954 913 1077 945 Tiberis
1111 917 1139 945 et

445 968 474 1000 S.
497 967 588 1000 Patri
606 966 640 998 iii
658 966 763 998 Monte
774 966 882 998 Aureo
897 965 933 997 cle
951 966 1032 997 Urbe
1051 965 1140 997 altra

445 1019 629 1062 quindecim
649 1018 715 1050 dies
736 1018 859 1050 morari
883 1028 948 1050 non
974 1018 1109 1050 valeant.

630 1089 763 1116 Clemens
784 1089 863 1122 Papa
883 1089 917 1119 X,

544 1134 580 1160 ad
601 1134 733 1160 futuram
752 1134 795 1160 rei
816 1133 998 1159 memoriam.

447 1196 522 1229 Cum
537 1195 638 1228 felicis
652 1194 886 1227 recordationis
900 1195 1083 1227 Alexander
1093 1195 1140 1226 Vll

405 1255 435 1281 ct
461 1250 610 1282 Clemens
636 1248 674 1281 lx
700 1248 836 1281 Romani
864 1247 1032 1280 Pontifices
1056 1258 1143 1291 prae-

406 1303 594 1335 decessores
618 1302 727 1341 nostri,
755 1307 789 1333 ut
812 1301 1042 1340 incommodis,
1060 1312 1143 1343 quae
1163 1305 1165 1312 ¹

405 1360 583 1388 conventus
613 1354 644 1387 S.
682 1354 844 1386 Francisci
883 1354 920 1385 ad
951 1353 1064 1395 Ripam
1096 1353 1144 1384 Ti-

404 1408 489 1441 beris
519 1413 549 1440 et
574 1408 603 1440 S.
638 1407 721 1439 Petri
756 1407 787 1438 in
824 1407 929 1438 Monte
964 1407 1068 1439 Aureo
1105 1406 1144 1438 de

405 1461 489 1493 l'rbe
534 1460 674 1500 fratrum
714 1459 873 1491 Minorum
912 1458 1040 1491 Ordinis
1076 1459 1145 1491 eius

406 1513 505 1545 sancti
531 1511 691 1544 Francisci
724 1512 762 1544 de

406 1572 567 1599 matorum
593 1570 852 1607 nuncupatorum
884 1575 921 1597 ex
943 1564 1144 1597 diuturnam

407 1620 452 1651 eis
477 1619 611 1651 fratrum
644 1623 828 1650 exterorum
853 1617 1018 1650 mansione
1044 1616 1146 1659 patie—
1167 1642 1168 1653 ,

406 1672 532 1711 bantur,
563 1676 780 1709 occurrerent,
805 1669 990 1712 guardianis
1016 1680 1073 1702 seu
1098 1680 1147 1701 su-

409 1776 557 1809 daverint
576 1781 609 1807 ut
634 1776 666 1807 in
690 1781 858 1819 posterum
886 1775 1001 1807 fratres
1020 1780 1146 1807 exteros

411 1830 486 1862 dicti
511 1829 638 1861 Ordinis
664 1829 704 1861 ad
730 1828 847 1860 L'rbem
880 1828 1079 1870 praedictam
1109 1839 1146 1860 ex

410 1881 582 1914 devotione
613 1882 662 1913 vel
688 1881 726 1913 ad
756 1880 886 1922 negotia
922 1881 1148 1923 pertractanda

411 1944 600 1967 accessuros
616 1960 623 1973 ‚
648 1938 703 1965 aut
736 1938 811 1964 tunc
841 1933 873 1965 in
898 1936 934 1965 ea
961 1933 1068 1965 forsan
1094 1934 1148 1966 de-

413 1991 533 2029 gentes,
556 1996 621 2018 non
646 1985 873 2028 permitterent
896 1985 928 2017 in
954 1985 1047 2017 dictis
1073 1996 1149 2018 con-

411 2039 573 2078 ventibus,
591 2049 650 2071 nec
675 2038 706 2070 in
733 2048 844 2070 eorum
870 2038 1016 2080 quolibet
1044 2049 1149 2081 respe-

413 2092 504 2130 ctive,
530 2093 615 2124 ultra
640 2090 826 2134 quindecim
851 2090 918 2122 dics
944 2092 1145 2130 commorari,

414 2145 474 2177 sub
500 2144 614 2187 poenis
642 2149 704 2175 tam
723 2143 815 2175 dictis
833 2143 1018 2185 guardianis
1037 2149 1069 2175 et
1085 2143 1149 2175 cui-

413 2197 493 2230 libet
517 2197 645 2229 illorum
670 2206 728 2238 pro
748 2201 902 2238 tempore,
921 2206 1015 2238 quam
1035 2196 1149 2229 iisdem

414 2248 580 2288 fratribus,
601 2248 627 2280 si
652 2248 834 2280 sacerdotes
861 2248 980 2287 forent,
1001 2248 1150 2290 privatio-

415 2301 464 2333 nis
491 2301 577 2333 vocis
609 2300 729 2332 activae
756 2305 787 2332 et
811 2300 955 2342 passivae
981 2305 1011 2332 et
1035 2301 1150 2333 officio-

415 2365 487 2386 rum
513 2354 583 2396 ipso
610 2353 703 2392 sacto,
726 2352 751 2384 si
777 2358 883 2385 autem
908 2353 989 2392 laici,
1010 2364 1151 2386 carcera-

416 2406 533 2445 tionis,
560 2405 696 2448 aliisque
733 2405 876 2448 ipsorum
913 2406 1085 2438 Alexandri
1119 2411 1151 2439 et

416 2458 587 2492 Clementis
601 2458 890 2501 praedecessorum
909 2459 1085 2501 respective
1105 2470 1151 2491 ar-

416 2513 512 2544 bitrio
538 2510 740 2553 infligendis,
767 2510 971 2553 procuratori
997 2521 1072 2544 vero
1098 2522 1151 2554 ge-

417 2564 518 2598 nerali
544 2564 688 2596 eiusdem
715 2563 853 2603 Ordinis
880 2562 929 2596 et¹
954 2564 993 2596 ab
1026 2564 1076 2605 iis,
1097 2565 1150 2608 qui

451 2625 463 2652 1
488 2624 578 2651 Potius
598 2625 655 2660 lege
679 2628 707 2652 ul
726 2633 774 2661 pro
794 2628 821 2651 et
840 2631 877 2659 tn.
893 2626 942 2659 T.).

797 1511 1008 1544 Observantia
1033 1511 1145 1544 Refor-
1165 1505 1166 1508 Ἰ

972 256 1151 281 BULLARIUM
1177 255 1327 281 nommant

1174 304 1304 345 negotia
1328 305 1413 338 intra
1438 305 1557 338 dictum
1589 310 1716 348 tempus
1743 304 1909 336 absolvere

1175 355 1370 398 nequirent,
1405 357 1580 400 scripturas
1611 367 1647 388 ea
1672 359 1910 388 concernentes

1175 407 1234 439 sibi
1256 408 1452 449 consignari,
1463 409 1640 451 eademque
1655 408 1784 450 negotia
1796 408 1910 439 sedulo

1176 460 1367 501 pertractari
1387 470 1422 492 ac
1437 460 1581 503 expediri
1600 465 1746 500 curaret;
1770 465 1802 492 et
1816 459 1913 502 (sicut

1177 511 1384 554 accepimus)
1420 518 1646 555 praenarratae
1689 512 1912 545 ordinationes

1177 573 1241 596 non
1252 566 1296 602 ea,
1317 565 1379 606 qua
1396 574 1452 606 par
1469 570 1528 604 est,
1547 567 1623 597 cura
1639 563 1836 605 serventur',
1855 565 1910 597 sed

1178 615 1242 648 illis
1267 616 1353 648 fraus
1379 615 1442 656 fiat,
1467 617 1618 649 fratribus
1644 617 1762 650 exteris
1786 617 1913 660 praedi-

1179 667 1247 708 ctis,
1263 673 1338 710 post
1362 678 1486 700 moram
1519 668 1705 711 quindecim
1730 668 1854 701 dierum
1880 669 1912 701 in

1180 720 1273 753 dictis
1298 721 1511 754 conventibus
1537 720 1715 763 respective
1740 726 1912 764 peractam,

1180 774 1219 806 ad
1237 779 1413 806 conventus
1439 778 1526 806 extra
1544 773 1672 813 Urbem,
1687 783 1752 805 non
1768 773 1836 806 sine
1858 774 1916 806 lio-

1180 836 1249 858 rum
1268 836 1396 868 quoque
1415 830 1631 858 conventuum
1654 824 1849 867 gravamine,
1870 835 1915 857 se-

1181 879 1372 911 cedentibus
1389 905 1396 918 ,
1423 883 1455 911 et
1490 879 1584 921 paulo
1609 883 1682 921 post
1706 878 1745 910 ad
1772 877 1916 910 eamdem

1181 930 1299 963 Urbem
1326 930 1548 970 redeuntibus,
1568 929 1658 972 quasi
1676 929 1721 961 eis
1743 939 1809 961 non
1835 933 1919 961 esset

1182 983 1390 1015 interdictum
1415 983 1447 1014 in
1473 982 1684 1015 conventibus
1710 982 1918 1024 supradictis,

1183 1045 1239 1067 seu
1264 1045 1377 1068 eorum
1402 1035 1516 1075 altero,
1543 1045 1604 1078 per
1629 1034 1709 1067 alios
1736 1033 1918 1077 quindecim

1185 1087 1253 1120 dies
1278 1098 1401 1120 moram
1426 1088 1577 1120 trahere:

1228 1141 1242 1183 ᾗ
1259 1141 1289 1172 1.
1307 1140 1387 1173 Hinc
1401 1146 1448 1173 est
1465 1141 1551 1183 quod
1566 1151 1633 1179 HOS,
1649 1140 1837 1173 eorumdem
1851 1150 1920 1173 con-

1186 1199 1337 1225 ventuum
1351 1193 1554 1226 indemnitati
1580 1200 1612 1225 et
1625 1194 1811 1226 levamento
1825 1203 1920 1236 quan-

1186 1251 1250 1278 tum
1275 1256 1347 1278 cum
1372 1246 1508 1278 Domino
1546 1256 1716 1288 possumus
1752 1246 1921 1278 consulere

1185 1298 1376 1341 cupientes,
1412 1309 1447 1330 ac
1472 1303 1723 1330 memoratorum
1749 1297 1921 1330 Alexandri

1187 1356 1218 1383 et
1248 1350 1420 1383 Clementis
1456 1351 1745 1393 praedecessorum
1780 1349 1923 1392 vestigiis

1186 1402 1402 1443 inhaerentes
1422 1408 1509 1435 motu
1534 1402 1685 1446 proprio,
1712 1413 1748 1434 ac
1775 1412 1812 1435 ex
1837 1405 1923 1435 certa

1186 1455 1320 1487 scientia
1338 1460 1369 1487 et
1385 1457 1509 1487 matura
1529 1455 1765 1487 deliberatione
1791 1454 1921 1495 nostris,

1187 1508 1294 1551 deque
1311 1508 1508 1551 apostolicae
1521 1507 1692 1551 potestatis
1710 1507 1922 1550 plenitudine,

1187 1571 1227 1593 ne
1252 1561 1291 1593 dc
1317 1565 1427 1593 cetero
1452 1560 1643 1604 quicumque
1676 1560 1790 1592 fratres
1823 1560 1924 1593 exteri

1188 1613 1265 1645 dicti
1280 1613 1418 1653 Ordinis,
1433 1614 1471 1645 ad
1486 1613 1605 1646 Urbem
1620 1613 1819 1656 praedictam
1831 1613 1925 1646 devo-

1167 1703 1168 1710 *
1188 1665 1283 1698 tionis
1300 1667 1346 1698 vel
1365 1666 1570 1708 negotiorum
1589 1668 1682 1698 causa
1699 1676 1758 1708 pro
1778 1670 1924 1709 tempore

408 1724 592 1768 perioribus
613 1723 800 1756 eorumdem
818 1727 1034 1755 conventuum
1058 1733 1147 1754 man-
1167 1714 1168 1718 ¹

1189 1720 1358 1759 accessuri,
1379 1720 1411 1752 in
1436 1719 1630 1762 supradictis
1654 1719 1684 1752 S.
1706 1719 1868 1752 Francisci
1894 1725 1926 1752 et

1188 1772 1219 1804 S.
1248 1773 1332 1805 Petri
1364 1772 1397 1804 in
1429 1772 1536 1805 Monte
1562 1773 1668 1805 Aureo
1700 1772 1924 1811 conventibus,

1188 1835 1244 1857 seu
1270 1835 1380 1857 eorum
1406 1826 1520 1865 altero,
1535 1826 1619 1857 ultra
1644 1824 1830 1867 quindecim
1855 1825 1923 1857 dies

1189 1878 1406 1917 commorari,
1439 1889 1498 1910 nec
1530 1879 1675 1920 ipsorum
1708 1883 1925 1910 conventuum

1190 1930 1358 1973 guardiani
1406 1941 1461 1963 seu
1497 1931 1681 1973 superiores
1717 1931 1923 1973 respective,

1190 1994 1276 2021 nunc
1293 1988 1325 2016 et
1344 1994 1402 2026 pro
1428 1988 1577 2026 tempore
1603 1983 1786 2022 existentes,
1801 1983 1831 2016 id
1850 1994 1925 2026 per-

1190 2036 1399 2068 mitterenllo
1418 2036 1512 2068 modo
1539 2037 1678 2069 audeant
1709 2046 1765 2068 seu
1791 2046 1925 2078 praesu-

1190 2094 1296 2128 mant,
1323 2088 1383 2120 sub
1409 2089 1533 2130 poenis,
1549 2089 1654 2130 quoad
1681 2089 1793 2121 fratres
1819 2099 1926 2121 sacer-

1191 2142 1293 2180 dotes,
1319 2151 1374 2172 seu
1400 2141 1550 2181 clericos,
1578 2152 1613 2173 ac
1637 2135 1844 2183 gimrdianos,
1869 2152 1924 2174 seu

1191 2194 1375 2236 superiores
1407 2194 1612 2237 praedictos,
1638 2205 1788 2227 eorumve
1815 2206 1926 2238 quem-

1191 2247 1280 2286 libet,
1296 2246 1485 2289 privationis
1499 2247 1582 2279 vocis
1597 2247 1715 2280 activae
1731 2253 1763 2280 et
1780 2248 1926 2290 passivae

1191 2310 1227 2331 ac
1251 2299 1428 2332 officiorum
1460 2311 1518 2343 per
1543 2310 1598 2333 eos
1623 2301 1827 2333 obtentorum
1854 2300 1924 2343 ipso

1192 2354 1274 2385 sacto
1309 2352 1546 2392 incurrendae;
1574 2353 1681 2395 quoad
1717 2352 1816 2386 laicos
1839 2363 1923 2393 vero,

1191 2417 1246 2439 seu
1259 2416 1443 2445 conversos,
1462 2406 1700 2447 carc-erationis,
1717 2406 1854 2450 aliisque
1869 2417 1926 2439 no-

1192 2464 1257 2491 stro
1282 2463 1313 2490 et
1338 2458 1473 2491 Romani
1498 2458 1664 2491 Pontificis
1688 2469 1746 2502 pro
1776 2464 1924 2502 tempore

1192 2511 1498 2544 existentisarbitrio
1511 2511 1703 2554 infligendis,
1716 2516 1827 2544 tenore
1838 2523 1926 2555 prae-

1192 2563 1329 2596 sentium
1354 2564 1565 2607 prohibemus
1590 2570 1620 2597 et
1643 2564 1878 2598 interdicimus.

1226 2626 1239 2651 1
1261 2624 1330 2652 Edit.
1352 2624 1431 2652 Main.
1452 2625 1516 2661 legit
1534 2629 1687 2654 servantur
1704 2628 1745 2661 (R.
1760 2627 1809 2661 r.).

1917 255 1967 282 An.
1983 254 2012 281 C.
2031 253 2098 280 167¹

1957 1153 2036 1171 S¹atu=t
2049 1153 2072 1171 nt
2094 1157 2114 1172 in

1931 1179 2025 1198 rubrica.
