2279 3260
235 230 419 259 An.c.1073
464 227 528 257 mli

287 971 422 992 Contu-matio

240 1003 260 1019 nt
278 1000 296 1019 in
313 999 405 1019 rubrica.

426 281 566 314 iusntodi
592 282 865 324 Cbordigerortnn
884 280 1164 314 confraternitates

427 333 457 365 in
476 334 573 366 indiis
594 340 657 366 tam
676 335 887 367 orientalibus
906 344 998 376 quain
1017 331 1165 364 occiden-

428 386 546 419 talibus
574 387 733 428 erigendi,
751 386 876 429 illisque
896 384 1113 426 indulgentias
1135 388 1165 413 ct

428 439 547 481 gratias
566 439 749 481 spirituales
766 438 965 480 supradictas
988 435 1165 467 communi-

429 492 522 524 eandi
541 493 672 524 facultas
688 502 746 534 per
761 490 958 534 posteriores
971 488 1058 520 Pauli
1077 498 1165 530 prae-

430 544 610 577 decessoris
652 545 774 576 litteras
816 542 976 585 praefatas
1013 539 1165 571 attributa

429 597 627 638 reperiatur:
649 596 741 628 nobis
760 600 930 637 propterea
949 593 1052 625 dictus
1069 592 1166 624 Fran-

430 649 535 680 ciscus
556 649 651 680 Maria
670 652 860 689 [wocurator
881 645 1048 687 generalis,
1070 644 1165 676 etiam

429 701 616 733 eorumdem
633 698 771 731 ministri
789 694 949 740 gflneralis
967 708 1001 729 ac
1019 696 1166 729 eounnis-

429 753 503 785 sarii
522 752 684 795 generalis
706 751 846 790 nomine,
867 750 1033 782 humiliter
1046 748 1167 791 suppli-

431 806 493 837 cari
533 805 605 837 feeit,
640 810 675 835 ut
711 803 741 835 in
767 803 950 846 praemissis
986 807 1166 845 opportune

431 858 604 901 providere
630 862 660 889 et
684 862 718 888 ut
743 856 823 888 infra
850 856 1016 897 indulgere
1048 856 1085 887 de
1112 855 1168 886 be-

432 909 588 951 nignitate
614 908 791 952 apostolica
816 908 1032 950 dignaremur.

477 963 491 1004 ξ
516 962 546 994 5.
567 962 630 994 Nos
648 962 755 1003 igitur,
776 961 862 1004 ipsos
882 961 1088 994 Frauciscum
1108 960 1167 992 Ma-

434 1016 511 1047 riam
537 1020 778 1058 procuratorem
805 1014 989 1056 generalen‘i
1018 1025 1053 1045 ac
1078 1012 1168 1044 mini-

434 1074 532 1101 strum
560 1073 590 1100 et
613 1067 868 1100 commissarium
888 1067 1057 1108 generales
1075 1065 1170 1108 spiri-

435 1121 575 1154 tualibus
594 1121 756 1153 favoribus
775 1126 805 1152 et
823 1120 933 1162 gratiis
950 1130 1092 1151 amittere
1118 1129 1170 1151 ro-

435 1177 549 1213 lentes,
577 1180 607 1207 et
635 1185 746 1206 eorum
772 1173 951 1215 singulares
976 1183 1127 1215 personas
1153 1184 1168 1203 a

436 1228 598 1272 quibusvis
615 1226 969 1265 excomnmnicationis,
985 1225 1170 1268 suspensio-

435 1282 484 1313 nis
511 1287 542 1314 et
566 1280 742 1319 interdicti,
777 1280 911 1322 aliisque
946 1278 1171 1311 ecclesiasticis

435 1333 614 1373 sententiis,
634 1333 778 1365 censuris
796 1336 828 1364 et
848 1332 972 1374 poenis,
987 1343 1002 1363 a
1029 1331 1097 1363 iure
1123 1332 1170 1363 vel

436 1388 474 1419 ab
502 1386 645 1425 bomine,
662 1385 772 1427 quavis
795 1384 965 1417 occasione
1001 1385 1051 1416 vel
1077 1386 1170 1415 eausa

436 1439 517 1478 latis,
536 1438 561 1470 si
581 1438 697 1480 quibus
717 1436 958 1479 quomodolibet
979 1435 1170 1468 innodatae*

437 1492 585 1529 existunt,
602 1491 638 1522 ad
666 1489 814 1521 effectum
840 1489 1060 1531 praesentium
1083 1490 1171 1521 dum-

439 1549 523 1576 taxat
541 1543 813 1585 consequendum,
831 1543 946 1574 harum
964 1541 1046 1574 serie
1070 1542 1174 1573 absol-

438 1602 548 1628 ventes
570 1601 601 1628 et
626 1595 809 1628 absolutas²
835 1595 901 1627 fore
923 1600 1102 1634 censentes,
1118 1595 1175 1626 lm-

440 1649 578 1681 iusmodi
598 1648 886 1691 supplicationibus
904 1647 1059 1686 inclinati,
1077 1648 1176 1680 facul-

440 1706 537 1733 tatem
563 1701 708 1743 erigendi
735 1706 766 1733 et
790 1701 977 1733 instituendi
1004 1701 1175 1733 confrater-

440 1754 556 1786 nitates
581 1754 856 1795 Chordigerorum
888 1754 987 1785 sancti
1014 1754 1174 1786 Francisci

440 1808 611 1850 utriusque
628 1818 721 1839 sexus
743 1807 775 1838 in
793 1807 939 1839 ecelesiis
965 1807 1092 1839 Ordinis
1117 1808 1177 1839 fra—

442 1865 524 1892 trum
542 1860 699 1892 Minorum
721 1860 866 1892 eiusdem
892 1861 992 1892 sancti
1014 1860 1174 1893 Francisci

442 1914 481 1945 de
507 1912 715 1945 Observantia
741 1919 877 1953 tantum,
901 1924 1016 1956 nempe
1042 1913 1073 1945 in
1099 1913 1176 1945 locis

442 1965 474 1997 in
500 1966 615 2007 quibus
642 1976 706 1997 non
730 1970 839 1997 extent,
863 1972 1038 1998 conventus
1061 1967 1110 1998 vel
1129 1976 1178 1997 ec-

442 2018 560 2050 clesiae
577 2017 651 2050 dicti
663 2018 789 2050 Ordinis
802 2018 959 2050 Minorum
975 2019 1177 2051 sanetiFran-

442 2070 518 2102 cisei
543 2070 817 2107 Conventualium,
839 2071 969 2114 illisque
991 2071 1035 2103 sic
1060 2072 1175 2104 erectis

443 2129 474 2155 et
497 2123 651 2155 institutis
674 2123 891 2164 indulgentias
910 2130 940 2156 et
969 2124 1086 2165 gratias
1111 2125 1177 2167 spi—

443 2175 575 2207 rituales
601 2175 811 2217 supradietaS,
839 2176 921 2207 sicut
946 2176 1174 2218 praemittitur,

442 2227 712 2268 communicandi,
731 2238 788 2269 pro
807 2234 952 2271 tempore
967 2229 1176 2262 existentibus

442 2281 590 2313 ministro
616 2281 759 2322 generali
786 2284 815 2313 et
842 2281 1059 2314 00111111is<ari0
1085 2293 1177 2324 genc-

443 2334 499 2365 rati
527 2333 670 2365 eiusdem
696 2333 822 2366 Ordinis
853 2335 986 2366 fratrum
1020 2335 1175 2367 illinorum

444 2387 481 2419 de
500 2386 707 2419 Observantia
732 2398 748 2419 a
772 2393 948 2419 memorato
970 2388 1067 2420 Paulo
1084 2399 1177 2431 prae-

444 2441 613 2472 tit5('t{·.<SOl'ss
640 2450 832 2479 concessam,
857 2446 889 2471 ut
915 2441 1109 2483 praefertur,
1127 2452 1177 2473 ex-

443 2494 631 2535 peditasque
658 2493 797 2535 desuper
820 2493 919 2535 ipsius
937 2493 1022 2525 l'auli
1042 2494 1177 2536 praede-

481 2565 488 2589 1
515 2563 583 2589 Edit.
601 2563 679 2589 Main-
696 2564 759 2597 legit
779 2564 909 2589 innodati
923 2569 960 2596 tn.
977 2564 1025 2596 T.).

478 2608 494 2627 ⁶>
514 2607 581 2633 Edit.
604 2607 681 2634 Malu.
704 2607 765 2643 legit
785 2608 912 2633 absolvas
927 2615 963 2642 ffl-
980 2610 1027 2641 T.).

1011 231 1188 257 nt'LtAntttttt
1213 231 1363 256 ROMMNUM

1953 230 2001 258 An.
2018 229 2047 257 C.
2066 229 2133 257 1673

1208 280 1347 311 cesseris
1371 279 1493 312 litteras
1510 281 1680 323 praefatas,
1701 291 1772 312 eum
1791 279 1940 312 omnibus

1208 337 1239 363 et
1262 331 1398 374 singulis
1424 331 1455 364 in
1482 333 1527 364 eis
1552 332 1723 371 contentis,
1752 331 1941 364 auctoritate

1208 384 1393 426 apostolica,
1410 389 1521 416 tenore
1540 385 1771 427 praesentium,
1783 388 1944 426 perpetuo

1209 436 1432 468 confirmamus
1458 442 1489 468 et
1512 437 1729 479 approbamus
1756 448 1791 468 ac
1816 436 1944 468 innova-

1209 498 1289 527 mus,
1316 487 1441 530 illisque
1461 489 1655 521 inviolabilis
1673 489 1874 531 apostolieae
1891 487 1943 520 tir-

1210 539 1328 572 mitatis
1354 541 1451 572 robur
1471 540 1652 573 adiicimus.

1253 594 1267 635 g
1292 593 1322 625 5.
1350 593 1400 625 Sic
1425 604 1460 625 ac
1485 593 1605 625 eisdem
1630 593 1776 626 ministro
1803 598 1834 626 et
1859 604 1942 626 com·
1997 606 2093 626 nudarat
2109 605 2138 625 οε,

1210 646 1356 678 missario
1382 647 1597 688 generalibus,
1624 656 1775 679 eorumve
1797 632 2140 685 cuilibet,{33:132l‘tfiss'l'³.'1{3'.¹.¹

1955 691 2000 705 vum
2019 691 2043 703 ua
2076 687 2139 704 ettam

1210 698 1365 731 eiusmodi
1376 699 1659 731 confraternitates
1670 698 1943 741 Cbordigerorum
1957 718 1976 731 m
2001 711 2069 740 *mins
2099 713 2139 730 :am

1210 751 1308 783 sancti
1334 751 1503 791 Francisci,
1529 751 1561 783 in
1583 751 1729 784 ecelesiis
1754 761 1865 783 eorum
1890 750 1946 782 Or·
1957 737 2140 789 113115ωὲὀέὺῶζῦ-

1211 804 1294 836 dinis
1320 809 1455 843 tantum,
1491 804 1688 846 ubicumque
1719 803 1815 835 etiam
1842 802 1874 834 in
1899 789 2041 834 ln-²³¹'¹'¹¹⁸'

1212 857 1272 890 diis
1296 863 1359 889 tam
1386 857 1598 889 orientalibus
1620 867 1713 899 quam
1741 855 1949 888 occidentali-

1212 911 1269 942 bus
1294 910 1567 949 consistentibus,
1594 909 1625 941 in
1651 909 1730 942 locis
1761 914 1869 941 tamen
1895 907 1948 940 ubi

1214 974 1275 996 non
1301 963 1365 995 sint
1389 962 1543 995 ecclesiae
1571 963 1618 994 vel
1644 966 1822 994 conventus
1858 970 1951 1003 prae-

1214 1017 1267 1048 fati
1300 1015 1428 1048 Ordinis
1461 1015 1621 1048 Minorum
1654 1014 1753 1046 sancti
1786 1013 1947 1047 Francisci

1213 1069 1486 1107 Conventualium,
1507 1068 1633 1109 erigere
1660 1072 1692 1099 et
1716 1067 1893 1105 instituere,
1914 1065 1951 1098 il-

1214 1122 1316 1164 lisque
1343 1132 1456 1153 omnes
1489 1126 1520 1153 et
1545 1121 1688 1162 singulas
1730 1118 1949 1161 indulgentias

1215 1180 1246 1207 et
1282 1180 1487 1217 peecatorum
1521 1173 1729 1205 remissiones
1769 1182 1803 1204 ac
1838 1171 1952 1215 poeni-

1216 1227 1385 1259 tentiarum
1411 1226 1627 1259 relaxationes
1654 1226 1799 1268 aliasque
1833 1224 1950 1266 gratias

1215 1279 1398 1322 spirituales
1424 1279 1598 1321 praefatas,
1618 1280 1741 1310 servata
1759 1282 1865 1309 tamen
1889 1275 1953 1308 dic-

1217 1338 1317 1364 tarum
1335 1331 1606 1363 constitutionum
1632 1330 1708 1362 Sixti
1727 1336 1758 1362 et
1781 1329 1951 1362 Clementis

1216 1395 1250 1416 ac
1264 1384 1444 1416 litterarum
1456 1383 1544 1416 Pauli
1554 1383 1844 1426 praedecessorum
1862 1392 1953 1425 prae-

1218 1438 1353 1469 fatorum
1375 1437 1475 1468 forma
1491 1441 1522 1468 et.
1536 1435 1760 1478 dispositione,
1776 1435 1955 1467 communi-

1218 1500 1290 1521 care
1310 1489 1452 1528 licuisse,
1483 1495 1514 1521 et
1539 1488 1691 1531 deinceps
1718 1487 1886 1530 perpetuis
1913 1487 1954 1519 su·

1219 1541 1296 1574 turis
1331 1541 1534 1584 temporibus
1560 1541 1674 1580 licere,
1701 1540 1890 1573 auctoritate
1923 1545 1955 1572 et

1219 1601 1331 1628 tenore
1367 1594 1540 1637 praedictis
1567 1594 1779 1626 declaramus.

1262 1648 1276 1690 ξ
1300 1647 1330 1679 6.
1358 1647 1537 1686 Praeterea,
1557 1646 1736 1678 confratres
1754 1650 1785 1678 et
1801 1655 1954 1678 consoro-
2007 1653 2149 1679 innatamus

1221 1712 1271 1733 res
1288 1699 1587 1733 confraternitatum
1602 1698 1796 1738 huiusmodi,
1811 1698 1954 1730 ubieum-
1964 1681 2104 1733 {ffr'ziffitiiii’u'
2115 1686 2148 1701 ω’

1221 1765 1282 1797 que
1307 1755 1465 1793 locorum,
1498 1753 1595 1785 etiam
1626 1752 1658 1784 in
1683 1752 1781 1784 Indiis
1814 1751 1955 1784 orienta-

1221 1807 1304 1839 libus
1330 1811 1361 1838 et
1385 1805 1650 1845 occidentalibus,
1683 1815 1744 1848 per
1772 1804 1954 1836 ministrum

1221 1861 1407 1902 generalem
1434 1864 1465 1891 et
1489 1858 1743 1891 commissarium
1766 1858 1954 1900 generalem

1221 1913 1297 1945 dieti
1329 1913 1457 1945 Ordinis
1495 1914 1629 1945 fratrum
1660 1912 1817 1944 Minorum
1852 1910 1953 1942 sancti

1220 1967 1378 1999 Francisci
1404 1967 1442 1999 de
1476 1966 1687 1998 Observantia
1718 1975 1777 2007 pro
1809 1970 1952 2007 tempore

1220 2021 1407 2060 existentes,
1427 2030 1482 2052 seu
1500 2029 1610 2052 eorum
1629 2020 1775 2057 alterum,
1797 2018 1953 2050 hactenus

1221 2074 1301 2105 sieut
1314 2073 1532 2116 praemittitur
1546 2076 1738 2111 erectarum,
1754 2077 1784 2104 et
1799 2071 1955 2113 deinceps

1221 2127 1490 2170 quandocumque
1506 2125 1743 2167 erigendarum,
1759 2124 1796 2156 ad
1815 2123 1958 2156 christia-

1222 2191 1279 2212 nae
1306 2180 1433 2223 pietatis
1459 2189 1556 2222 opera
1589 2177 1789 2220 peramplius
1824 2176 1957 2209 incitare

1221 2233 1403 2275 cupientes,
1430 2244 1466 2264 ac
1492 2232 1530 2263 de
1557 2230 1791 2273 omnipotentis
1815 2230 1870 2262 Dei
1901 2230 1960 2262 mi-

1221 2285 1393 2318 sericordia
1433 2290 1463 2316 et
1488 2284 1656 2316 beatorum
1684 2282 1767 2315 Petri
1803 2288 1834 2315 et
1870 2281 1958 2314 Pauli

1221 2339 1442 2380 apostolorum
1461 2337 1529 2369 eius
1548 2335 1738 2368 auctoritate
1754 2335 1875 2374 contisi,
1895 2345 1958 2367 om-

1221 2390 1313 2422 nibus
1350 2395 1381 2421 et
1405 2389 1538 2431 singulis
1571 2388 1756 2420 earmmlem
1783 2388 1959 2420 confrater—

1221 2443 1353 2475 nitatum
1365 2441 1581 2474 confratrilms
1598 2446 1627 2473 et
1641 2440 1872 2473 consororibus
1885 2450 1956 2472 rere

1221 2494 1462 2538 poenitentibus
1479 2500 1507 2525 ct
1527 2494 1683 2526 confessis
1702 2505 1736 2525 ae
1763 2495 1851 2525 sacra
1872 2504 1956 2525 eom-

1221 2548 1375 2579 nnmionc
1409 2548 1546 2585 rcfe‹tis‚
1581 2547 1633 2589 qui
1668 2546 1806 2589 aliquam
1841 2556 1877 2578 ex
1905 2556 1955 2577 ec-

1220 2600 1326 2632 clesiis
1368 2599 1441 2632 dicti
1470 2600 1597 2633 Ordinis
1636 2600 1770 2632 fratrum
1797 2599 1955 2632 Minorum
