2279 3260
134 250 182 276 Αη.
205 250 232 277 C.
253 251 321 278 ¹070

328 300 547 343 superioribus
563 328 570 341 ‚
607 312 642 334 ac
666 301 825 343 religiosis
858 303 1006 335 omnibus
1031 309 1062 334 et

328 353 461 395 singulis
478 354 510 386 in
528 356 563 386 ea
581 355 731 396 professis
751 355 899 387 fratribus
914 365 970 397 pro
989 360 1062 387 tem-

328 415 405 447 pore
419 406 458 438 ad
472 406 614 448 captivos
634 407 839 440 redimendos
858 407 1060 446 transmissis,
1083 414 1084 430 t

328 461 360 488 et
383 457 530 500 capitulis
555 458 771 500 generalibus,
798 459 946 501 personis
972 461 1085 500 regu-5

328 508 457 549 laribus,
476 510 614 551 novitiis,
634 511 805 550 conversis,
826 510 960 550 donans,
979 511 1062 543 obla·

329 561 376 601 tis,
404 561 581 603 ministris,
610 564 757 602 famulis,
784 563 972 606 cunctisque
1000 568 1060 595 tam

328 607 489 647 officiariis
530 625 624 657 quam
662 616 849 648 domesticis
888 621 918 648 et
952 626 1061 647 eorum
1083 642 1084 645 ,

327 667 474 699 domibus
501 667 772 706 inservientibus,
801 674 833 701 et
856 668 972 700 ceteris
999 668 1062 710 pri-

327 720 483 752 inodictae
502 720 768 763 Congregationis
788 732 823 753 ac
842 722 1011 753 domorum
1031 725 1062 752 et

327 773 526 814 regularium
540 774 681 806 locorum
696 775 845 816 personis
860 775 1061 816 quibuscum-

327 836 388 868 que
414 837 471 868 pro
499 832 645 868 tempore
677 827 908 867 existentibus,
935 837 1060 858 necnon
1083 830 1085 846 ¹

327 879 492 920 quibusvis
517 879 587 911 aliis
621 879 769 921 personis
801 891 836 911 ae
869 879 1062 911 christifide-

325 930 408 965 libus
427 931 557 963 illorum
575 931 727 963 ecclesias
747 941 803 962 seu
819 932 982 973 cappellus
1003 941 1061 972 pro

327 988 472 1025 tempore
497 983 711 1021 visitantibus,
729 988 762 1014 ut
781 983 930 1015 omnibus
951 988 981 1013 et
998 982 1061 1014 sin-

326 1035 409 1076 gulis
434 1035 621 1077 privilegiis,
649 1035 862 1075 libertatibus,
882 1035 1062 1067 immunita-

328 1088 419 1127 tibus,
438 1088 706 1130 exemptionibus,
722 1087 997 1131 praeeminemus,
1013 1098 1062 1119 an-

327 1140 554 1180 telationibus,
584 1140 869 1180 concessionibus,
906 1140 1061 1177 indultis,

326 1193 498 1232 favoribus
526 1193 748 1235 indulgentiis,
774 1193 910 1235 aliisque
935 1185 1063 1235 praero-

327 1245 438 1287 gativis
465 1250 495 1277 et
520 1245 630 1287 gratiis
663 1245 821 1277 universis
846 1250 878 1277 et
901 1245 1059 1287 singulis,

950 255 1092 279 CLEMENS
1116 257 1132 279 Χ
1158 257 1204 279 Pr.

328 1305 391 1330 tam
425 1298 645 1340 spiritualibus
681 1309 775 1340 quam
811 1297 1062 1340 temporalibus,

328 1351 465 1392 singulis
497 1350 671 1389 domibus,
697 1350 906 1382 conventibus
937 1355 968 1382 et
992 1349 1062 1382 aliis

329 1403 530 1446 regularibus
555 1403 633 1436 locis
654 1414 689 1435 ac
712 1403 861 1446 personis
887 1408 948 1435 tam
969 1414 1065 1435 cano-

330 1456 474 1489 nicorum
510 1467 605 1498 quam
641 1456 831 1488 clericorum
866 1456 1063 1498 regularium

330 1509 432 1542 ubivis
456 1509 663 1554 existentium
688 1509 851 1548 institutis,
871 1514 902 1541 et
926 1520 991 1541 non
1017 1520 1065 1542 so-

331 1563 398 1595 lum
433 1561 606 1594 Ordinibus
643 1561 828 1593 monasticis
864 1561 1066 1603 regularibus

330 1613 580 1647 Mendicantium
597 1619 628 1646 et
644 1625 707 1646 non
726 1614 983 1653 Mendicantium,
1003 1620 1065 1647 tam

332 1678 390 1711 pro
405 1666 601 1700 redimendis
619 1667 762 1709 captivis,
782 1678 877 1709 quani
894 1668 971 1699 alias
991 1678 1067 1710 quo-

332 1721 511 1754 modolibet
534 1719 660 1753 Ordini¹
679 1720 731 1752 SS.
751 1720 914 1752 Trinitatis
941 1721 1067 1753 redem-

332 1773 528 1817 demptionis
553 1773 761 1815 captivorum,
793 1773 945 1815 illiusque
972 1774 1067 1806 domi-

332 1828 399 1867 bus,
416 1826 627 1859 conventibus
646 1831 676 1857 et
697 1825 858 1865 fratribus,
876 1836 1002 1858 necnon
1016 1826 1067 1858 Or-

333 1880 399 1913 dini
425 1879 541 1912 Beatae
566 1878 681 1910 Mariae
708 1878 745 1910 de
772 1878 917 1911 Mercede
943 1881 1068 1912 redem-

325 1932 452 1976 ‘ptionis
477 1931 696 1974 captivorum,
728 1942 763 1963 ae
797 1931 891 1963 etiam
918 1933 1068 1965 omnibus

334 1992 361 2018 et
389 1985 645 2028 quibuscumque
676 1985 986 2026 congregationibus
1019 1997 1068 2018 re-

335 2038 518 2080 gularibus,
544 2042 575 2069 et
598 2037 772 2079 praecipue
804 2038 996 2070 clericorum
1023 2050 1069 2071 re-

334 2090 493 2133 gularium
518 2089 655 2122 Infirmis
679 2090 936 2131 Ministrantium,
963 2097 994 2124 et
1019 2103 1069 2124 ca-

335 2143 527 2176 nonicorum
541 2142 807 2185 Congregationis
824 2143 876 2175 SS.
896 2144 1069 2177 Salvatoris

336 2196 574 2234 Lateranensis,
602 2195 632 2227 S.
655 2195 828 2228 Salvatoris
854 2197 892 2228 de
914 2197 1067 2237 Bononia,

336 2259 373 2281 ac
397 2248 494 2280 etiam
518 2248 548 2281 S.
577 2248 658 2280 Ruffi
684 2248 857 2288 Valentiae,
884 2255 915 2281 et
940 2249 970 2282 S.
998 2250 1069 2283 Cru—

336 2302 381 2334 cis
406 2302 609 2334 Conimbriae
625 2328 633 2341 ,
660 2302 850 2335 clericorum
874 2305 1069 2345 regularium

337 2355 376 2387 de
402 2354 593 2395 Somascha,
621 2359 652 2387 et
677 2355 855 2398 pauperum
880 2357 987 2389 Matris
1013 2358 1068 2390 Dei

337 2405 395 2438 ac⁹
426 2406 615 2439 Scholarum
648 2407 796 2448 Piarum,
824 2408 968 2452 ipsisque
1002 2421 1069 2443 ino-

337 2458 467 2491 nasticis
491 2460 815 2502 congregationibus,
849 2462 944 2494 etiam
969 2462 1070 2495 Cassi-

336 2511 439 2551 nensi,
467 2511 603 2555 aliisque
629 2514 797 2546 monachis
815 2520 846 2547 et
865 2516 1069 2549 monasteriis

371 2582 383 2608 1
407 2581 476 2608 Edit.
494 2582 571 2622 Μαίη.
589 2583 655 2617 legit
670 2584 789 2610 Ordinis
809 2585 845 2618 (R.
862 2585 910 2620 T.)-

371 2625 387 2656 2
404 2626 534 2653 Particula
549 2636 581 2653 ac
597 2628 729 2654 redundat
743 2630 780 2663 (R.
793 2630 840 2664 T.).

1740 249 1803 283 131⁷»

1105 305 1135 336 S.
1164 304 1345 344 Benedicti,
1372 305 1399 338 S.
1427 306 1636 349 Hieronymi,
1663 306 1840 339 Carmelitis

1107 356 1319 396 lliscalceatis,
1336 358 1505 390 conventui
1524 360 1557 391 B.
1577 360 1691 391 Mariae
1709 360 1746 391 de
1766 359 1842 392 Gua-

1106 408 1229 450 daltipe,
1257 420 1382 441 necnon
1408 410 1559 442 Societati
1587 411 1668 449 lesu,
1699 410 1841 453 ipsisque

1106 460 1392 499 Cartlmsiensiuni,
1420 462 1783 494 Praenionstratensium
1812 469 1843 493 cst,

1106 515 1353 547 rel‘ori‘natorum
1387 514 1672 553 Cisterciensium,
1705 514 1842 547 Servita-

1106 577 1195 608 nuni,
1222 566 1460 599 olivetanorum
1486 567 1681 607 Ordinibus,
1708 567 1841 609 aliisque

1107 619 1231 651 familiis
1258 625 1290 651 et
1314 619 1520 652 societatibus
1545 618 1760 660 regularibus,
1787 619 1844 650 mi-

1106 671 1189 710 litiis⁷
1211 672 1424 714 hospitalibus
1449 671 1716 714 quilmscumque,
1733 677 1765 703 et
1782 671 1843 713 piis

1107 723 1184 755 loeis
1211 725 1422 765 regularibus,
1442 734 1476 755 ac
1496 724 1751 766 quibuscumque
1770 733 1843 765 per-

1106 776 1205 813 sonis,
1223 787 1307 808 nunc
1326 783 1357 808 et
1378 788 1435 818 pro
1456 781 1601 818 tempore
1617 775 1842 814 existentibus,

1106 829 1341 871 praedictoium
1368 834 1399 860 et
1423 828 1644 871 quorumlibet
1668 828 1842 867 Ordinuni,

1106 881 1294 913 societatum
1328 886 1358 912 et
1395 880 1680 922 congregationum
1717 881 1843 922 regula-

1106 933 1197 972 rium,
1225 944 1282 975 per
1307 944 1366 965 nos
1396 939 1427 965 et
1447 934 1561 966 sedem
1586 933 1783 976 praedictam
1809 944 1844 966 ac

1106 986 1187 1018 alios
1225 996 1444 1028 quoscumque
1484 986 1750 1028 praedecessores
1786 997 1844 1019 no-

1106 1044 1190 1070 stros
1218 1038 1376 1070 Rrununos
1402 1038 1583 1077 Pontifices,
1612 1048 1736 1071 necnon
1763 1039 1845 1070 eius-

1107 1092 1178 1123 dem
1196 1092 1226 1123 S.
1250 1092 1286 1123 R.
1307 1091 1470 1123 Ecclesiae
1489 1091 1669 1124 cardinales
1688 1092 1726 1124 de
1744 1093 1844 1124 latere

1108 1145 1241 1185 legatos,
1257 1148 1287 1175 et
1306 1143 1434 1186 quosvis
1452 1143 1543 1176 Sedis
1561 1144 1745 1186 praedictae
1764 1155 1845 1176 nun-

1107 1196 1187 1235 cios,
1206 1197 1256 1228 vel
1277 1195 1371 1227 etiam
1396 1201 1458 1227 tam
1483 1196 1663 1238 apostolica
1681 1197 1846 1238 praedicta

1108 1260 1202 1291 quam
1238 1248 1401 1280 ordinaria
1426 1254 1457 1280 et
1482 1248 1570 1290 regia
1605 1250 1654 1281 vel
1684 1248 1844 1291 imperiali

1107 1301 1351 1333 auctoritatibus
1375 1301 1566 1343 respective,
1594 1306 1647 1333 aut
1671 1301 1748 1334 alias
1767 1312 1846 1344 quo-

1108 1353 1300 1391 modolibet,
1318 1353 1576 1396 quibuscumque
1598 1353 1768 1385 verborum
1796 1364 1847 1386 ex-

1108 1405 1328 1449 pressionibus
1354 1411 1386 1437 et
1412 1406 1587 1445 tenoribus,
1605 1405 1636 1437 in
1658 1416 1778 1448 genere
1798 1407 1846 1438 vel

1108 1459 1140 1491 in
1166 1458 1282 1501 speeie,
1302 1470 1336 1490 ac
1362 1458 1609 1500 particulariter,
1628 1465 1690 1490 tam
1707 1469 1764 1501 per
1784 1470 1847 1491 mo·

1110 1512 1184 1543 dum
1208 1511 1508 1544 communicationis
1541 1517 1572 1543 et
1602 1511 1820 1554 ampliationis
1837 1538 1845 1551 ,

1110 1575 1204 1606 quam
1230 1563 1383 1605 simplicis
1409 1569 1439 1595 et
1464 1563 1649 1596 individuae
1676 1574 1712 1596 ac
1748 1564 1848 1606 parti-

1110 1617 1226 1649 cularis
1241 1621 1272 1647 ct
1285 1616 1434 1658 specialis
1452 1616 1682 1656 concessionis,
1697 1628 1733 1649 ac
1752 1617 1846 1649 etiam

1112 1675 1198 1701 motu
1223 1669 1355 1712 proprio
1383 1674 1468 1701 etex
1498 1672 1585 1701 certa
1602 1669 1734 1702 scientia
1755 1675 1787 1701 et
1807 1671 1846 1702 de

1111 1722 1308 1765 apostolicae
1334 1722 1501 1764 potestatis
1521 1722 1733 1765 plenitudine,
1753 1723 1848 1755 etiam

1112 1776 1233 1808 iteratis
1259 1775 1396 1814 vicibus,
1423 1774 1588 1807 concessis
1617 1776 1771 1808 haetenus
1798 1777 1846 1809 vel

1112 1828 1307 1861 confirmatis
1324 1833 1380 1859 aut
1393 1827 1590 1870 approbatis,
1607 1832 1637 1859 et
1655 1828 1772 1870 quibus
1790 1829 1846 1869 illi,

1113 1888 1175 1914 tam
1200 1881 1232 1913 in
1257 1881 1320 1913 vita
1345 1890 1440 1922 quam
1475 1880 1506 1912 in
1542 1880 1654 1913 mortis
1687 1881 1845 1921 articulo,

1112 1935 1207 1968 etiam
1232 1933 1316 1966 circa
1342 1937 1546 1975 peccatortmi
1571 1933 1791 1974 remissiones,
1818 1940 1850 1967 et

1112 1989 1328 2020 iniunctarum
1369 1986 1643 2029 poenitentiarum
1679 1987 1849 2020 relaxatio-

1112 2052 1179 2080 nes,
1199 2045 1253 2071 aut
1270 2039 1346 2071 alias
1362 2039 1607 2081 quomodolibet
1624 2040 1662 2071 de
1682 2040 1761 2080 iure,
1778 2052 1848 2080 usu,

1113 2099 1166 2125 aut
1189 2092 1358 2135 privilegio
1384 2093 1433 2124 vel
1458 2092 1693 2124 consuetudine
1719 2103 1849 2135 quomo-

1113 2146 1236 2179 dolibet
1261 2150 1414 2185 utuntur,
1437 2144 1598 2184 fruuntur,
1620 2145 1787 2188 potiuntur
1817 2150 1850 2178 et

1113 2199 1262 2241 gaudent,
1284 2208 1320 2229 ac
1345 2198 1402 2237 uti,
1430 2197 1500 2238 frui,
1526 2198 1623 2241 potiri
1650 2203 1681 2230 et
1706 2199 1848 2240 gaudere

1113 2256 1247 2295 possunt
1283 2257 1314 2283 et
1348 2256 1504 2293 poterunt
1536 2251 1781 2294 quomodolibet
1816 2252 1849 2284 in

1113 2307 1262 2344 futurum,
1282 2305 1425 2347 quamvis
1449 2303 1504 2336 illa
1528 2304 1591 2336 sint
1615 2304 1748 2347 speciali
1774 2308 1850 2337 nota

1114 2359 1220 2401 digna,
1239 2357 1442 2400 difficilisque
1464 2357 1692 2398 cont-essionis,
1712 2363 1743 2389 et
1767 2369 1849 2401 quae

1112 2411 1145 2443 in
1166 2411 1309 2453 generali
1342 2411 1553 2443 concessione
1591 2421 1655 2443 non
1687 2411 1846 2452 veniunt,

1114 2475 1178 2497 non
1203 2465 1309 2496 solum
1339 2474 1397 2507 per
1426 2464 1709 2507 participationem
1730 2491 1737 2504 ,
1765 2475 1849 2497 com-

1114 2517 1375 2556 municationem,
1402 2516 1531 2550 illorum
1556 2517 1790 2557 extensionem,
1818 2522 1850 2549 ct

1114 2570 1153 2602 ad
1178 2569 1307 2602 illorum
1331 2569 1445 2610 instar,
1468 2570 1524 2602 sed
1549 2569 1716 2612 speciatim
1737 2575 1769 2601 et
1796 2580 1850 2602 no·

1114 2622 1277 2663 minatim,
1302 2623 1517 2666 parisormiter
1546 2628 1575 2655 et
1601 2634 1703 2665 aeque
1729 2622 1849 2666 princi-

1852 259 1900 283 Αη.
1923 257 1950 282 C.
1970 257 2036 282 ¹670
