2279 3260
136 247 185 272 An.
207 245 236 272 C.
255 245 322 272 1672

165 726 264 751 Exceptio
285 731 321 751 pro

138 752 268 778 pruucipibus
301 754 322 771 et.

140 780 248 804 praetatis.

181 1305 245 1325 Liber
259 1311 271 1324 Α
282 1305 326 1324 'no-

142 1334 170 1351 tat
183 1337 244 1351 enum
267 1333 325 1350 aetn-

143 1361 218 1378 [arum.

172 2577 188 2599 Q
198 2578 275 2596 mestus
288 2581 333 2602 pro·

146 2603 237 2624 bibetur.

966 243 1108 267 CLEMENS
1131 244 1148 266 Χ
1174 243 1221 265 PP-

330 299 395 326 tum
427 295 602 337 Gasparem
641 294 838 326 cardinalem
873 292 1067 325 modernum

329 358 384 379 seu
418 359 475 391 pro
513 354 657 389 tempore
691 347 881 378 existentem
916 343 1067 377 vicarium

328 400 573 432 connncndetur
597 398 764 438 ccclesiae,
792 410 851 441 pro
877 409 939 440 qua
955 402 1068 440 petun-

328 458 401 490 tur,
428 451 588 493 dignitas,
615 456 831 493 testatumque
864 450 918 482 liat
949 460 1067 491 operae

329 503 471 546 pretium
497 514 565 536 esse
588 502 695 545 petitis
714 502 904 535 Sanctorum
923 500 1067 544 reliquiis

330 556 503 588 ecclesiam
527 556 615 588 illam
646 556 773 595 donari,
801 561 833 588 et
858 555 900 587 ibi
928 555 1068 587 futurum

331 616 366 642 ut
386 612 422 642 ca
449 621 512 653 qua
538 610 630 642 decet
666 609 826 651 religione
847 608 1070 641 custodiantur

332 668 364 696 et
388 664 546 695 colantur.

375 716 390 758 ἓ
415 715 446 748 Ji.
473 715 688 758 Excipiendos
708 721 814 748 tamen
839 716 987 748 volumus
1006 725 1070 747 nia—

333 779 412 810 gnos
437 768 612 812 principes,
638 775 669 801 et
693 769 883 812 praecipuos
907 768 1069 800 Ecclesiae

332 822 513 864 praelatos,
541 832 612 853 cuin
645 822 760 864 quibus
785 821 949 854 liberalius
974 831 1071 862 agen-

334 875 409 906 dum
427 875 498 907 erit.
518 875 555 906 Et
575 886 614 907 ne
640 880 822 907 ceterorum
841 885 970 917 quoque
996 873 1072 905 tide-

333 927 412 959 lium
438 927 541 970 pietas
562 928 624 960 hoc
644 933 755 959 saneto
780 937 916 959 munere
937 926 1070 958 omnino

333 980 495 1023 privetur,
522 980 628 1012 minus
653 980 799 1021 insignes
824 979 981 1022 reliquiae
1006 978 1070 1011 illis

333 1033 564 1065 concedentur.
589 1032 624 1064 In
648 1032 799 1064 omnibus
817 1037 924 1064 autem
940 1031 1071 1063 modum

333 1085 453 1117 servari
488 1085 657 1123 iubemus,
684 1085 838 1127 quoniam
868 1095 946 1127 prae
979 1083 1072 1127 copia

333 1137 462 1180 saepius
481 1137 599 1170 accidit
615 1144 649 1169 ut
673 1138 836 1170 sanctiora
854 1147 999 1179 quaeque
1018 1136 1072 1168 ini-

333 1201 393 1222 nus
418 1189 450 1222 in
476 1190 580 1232 pretio
606 1189 795 1230 habeantur,
821 1190 908 1232 quod
932 1189 1071 1222 maxime
1092 1186 1094 1212 ¹,

334 1243 511 1275 cavendum
537 1248 594 1275 est.

379 1296 394 1338 ἓ
420 1295 450 1327 5.
478 1294 671 1328 Conficiatur
695 1295 791 1327 etiam
818 1295 919 1335 liber,
950 1295 982 1327 in
1009 1305 1094 1338 quot

335 1359 426 1380 sacra
450 1359 588 1391 corpora
616 1354 648 1381 et
680 1348 837 1391 reliquiae
866 1359 883 1380 a
915 1354 1073 1381 coemete-

336 1401 392 1433 riis
409 1401 583 1444 praedictis
601 1407 761 1433 extractae
780 1401 985 1440 adnotentur,
1006 1406 1072 1433 tuni

335 1453 467 1486 nomina
491 1453 635 1494 illorum,
663 1453 778 1496 quibus
805 1454 960 1497 reliquiae
986 1453 1073 1496 ipsae

337 1506 538 1546 distributae,
568 1512 599 1538 et
626 1506 847 1545 ecclesiarum,
868 1517 928 1549 pro
959 1507 1074 1549 quibus

337 1559 529 1602 impetratae
563 1559 692 1591 suerint.
723 1559 842 1599 Porro,
873 1559 927 1601 qui
958 1565 1075 1592 ornant

338 1618 370 1644 et
411 1612 556 1644 vendunt
591 1613 760 1654 capsulas,
792 1612 903 1644 thecas
934 1617 966 1644 et
1001 1623 1074 1644 vasa

338 1664 454 1707 quibus
471 1663 626 1707 reliquiae
643 1664 833 1696 Sanctorum
854 1664 1073 1706 includuntur,

338 1717 483 1760 reliquiis
501 1717 563 1749 alia
583 1727 622 1749 ne
648 1717 833 1749 adscribant
857 1717 996 1757 nomina,
1012 1718 1073 1750 nisi

339 1780 422 1813 quae
437 1780 454 1801 a
468 1769 553 1802 dicto
578 1768 719 1812 Gasparo
738 1770 893 1802 cardinali
918 1770 1073 1803 moderno

338 1833 396 1855 seu
421 1833 479 1865 pro
505 1828 649 1865 tempore
669 1822 827 1854 existente
845 1823 962 1855 vicario
977 1823 1076 1866 impo-

339 1881 478 1915 nentur,
505 1875 564 1908 sub
594 1874 706 1917 viginti
738 1875 878 1918 quinque
909 1881 1075 1909 scutorum

339 1933 502 1967 monetae,
527 1927 663 1970 aliisque
689 1928 803 1970 poenis
828 1928 974 1961 ciusdem
1000 1929 1076 1962 vica-

340 1981 379 2014 rii
404 1981 537 2014 arbitrio
562 1980 759 2023 infligendis.
782 1982 896 2024 Atque,
916 1987 950 2013 ut
973 1982 1077 2015 omnis

342 2036 471 2068 tollatur
489 2034 614 2067 occasio
633 2035 736 2077 turpis
752 2041 914 2077 quaestus,
929 2035 977 2075 iis,
998 2047 1077 2078 quo-

339 2098 411 2120 rum
435 2097 566 2131 operam
583 2092 614 2119 et
631 2087 845 2119 ministerium
866 2087 899 2120 in
925 2088 1078 2121 effodien-

339 2141 389 2174 dis
428 2146 460 2173 et
501 2140 710 2173 extrahendis
750 2141 848 2173 sacris
886 2142 1076 2184 corporibus

340 2195 428 2227 idem
457 2193 578 2236 Gaspar
609 2193 780 2226 cardinalis
819 2195 995 2227 modernus
1021 2206 1076 2228 seu

341 2258 399 2290 pro
419 2253 565 2289 tempore
584 2247 724 2280 existens
745 2247 880 2280 vicarius
898 2248 1074 2289 adhibebit,

342 2301 382 2334 de
406 2300 553 2344 pecuniis
584 2305 615 2333 et
639 2301 872 2344 eleemosynis,
899 2312 982 2344 quae
1015 2302 1076 2344 piis

341 2353 493 2397 operibus
512 2353 724 2396 applicandae
746 2354 859 2393 forent,
874 2355 919 2387 et'
936 2355 975 2387 de
993 2365 1076 2387 man-

341 2408 417 2441 dato
450 2406 551 2449 ipsius
576 2406 708 2447 vicarii,
734 2406 895 2450 accipient
920 2413 1077 2451 quantum

341 2471 481 2504 aequum
504 2460 601 2492 suerit
624 2470 681 2502 pro
706 2461 853 2503 expensis
878 2461 1028 2494 omnibus
1047 2467 1078 2495 et

341 2514 429 2546 iuxta
454 2524 567 2546 eorum
591 2514 787 2546 mercedem.

387 2568 402 2611 g
426 2567 457 2599 6.
477 2567 643 2599 Postremo
661 2566 719 2599 sub
737 2568 1077 2601 excommunicationis

380 2631 392 2657 1
414 2629 569 2656 Coniunctio
589 2632 615 2655 et
635 2628 768 2656 redundat
785 2631 824 2662 (a.
840 2630 889 2664 T.).

430 2684 509 2715 Ball.
531 2684 614 2710 Itum.
636 2698 669 2702 —-
696 2684 752 2712 l'ol.
774 2683 882 2712 XVIII.
1026 2684 1059 2710 38

1111 291 1192 322 latae
1219 288 1397 321 sententiae
1425 290 1529 330 poena
1556 299 1614 330 per
1633 293 1849 328 transgresso-

1111 353 1161 374 res
1186 342 1255 384 ipso
1282 342 1362 373 t'acto
1389 341 1582 372 ineurrcnda
1608 339 1750 371 districte
1779 350 1850 381 pro-

1111 395 1269 433 hibemus,
1297 405 1337 427 ne
1364 394 1395 426 in
1421 393 1586 425 tradendis
1612 392 1709 424 sacris
1735 403 1850 434 corpo—

1111 447 1198 479 ribus
1235 453 1267 480 et
1302 446 1468 490 reliquiis,
1500 451 1529 478 et
1555 457 1613 488 pro
1647 444 1850 477 confectione

1112 502 1291 539 litterarum
1318 499 1497 543 patentium
1517 499 1657 541 desuper
1675 496 1850 539 exl‘wdien-

1112 555 1236 594 darum,
1262 564 1439 595 earumque
1462 552 1579 595 sigillo,
1599 550 1731 593 aliquid,
1753 549 1849 582 etiarn

1113 607 1287 645 modicum,
1307 607 1373 638 ullo
1394 616 1536 648 unquam
1556 608 1736 647 praetextu,
1754 602 1850 635 ctiam

1113 671 1129 692 a
1153 665 1269 702 sponte
1288 658 1451 698 dantibus,
1471 657 1656 700 accipiatur.

1156 713 1170 755 f}
1195 712 1226 744 7.
1252 712 1470 743 Decernentes
1502 710 1631 742 easdem
1660 713 1998 766 praesentesrapsa-cretum
2018 725 2045 739 π-

1114 764 1234 796 littcras
1266 774 1395 806 semper
1427 762 1543 802 firmas,
1558 761 1679 793 validas
1698 766 1730 793 ct
1746 760 1850 792 effica-

1113 828 1165 850 ces
1186 817 1324 849 existere
1353 821 1384 848 et
1417 816 1495 855 sore,
1515 825 1654 857 suosque
1683 813 1849 856 plenarios

1113 875 1145 902 et
1169 870 1314 911 integros
1341 868 1471 901 effectus
1497 867 1606 900 sortiri
1633 872 1665 899 et
1690 865 1851 905 obtinere,

1113 934 1149 955 ac
1174 923 1212 954 ab
1238 922 1309 961 illis,
1325 922 1364 954 ad
1391 932 1470 963 quos
1497 925 1623 963 spectat
1640 925 1672 952 et
1697 929 1754 962 pro
1774 924 1853 951 tem-

1114 986 1193 1018 pore
1214 974 1388 1018 spectabit,
1408 974 1438 1005 in
1458 973 1607 1005 omnibus
1625 977 1657 1004 et
1669 982 1727 1015 per
1745 971 1855 1004 onmia

1114 1027 1345 1061 inviolabiliter
1379 1026 1565 1065 observari,
1585 1026 1696 1068 sicque
1730 1030 1761 1057 et
1790 1034 1855 1057 non

1114 1082 1208 1114 aliter
1228 1082 1261 1113 in
1281 1079 1471 1124 praemissis
1490 1090 1550 1122 per
1571 1089 1794 1122 quoscumque
1814 1078 1855 1109 iu-

1115 1135 1203 1168 dices
1222 1134 1407 1168 ordinarios
1426 1138 1458 1165 ct
1475 1134 1652 1174 delegatos,
1672 1131 1768 1164 etiam
1784 1141 1856 1163 cau·

1115 1200 1224 1221 sarum
1249 1187 1359 1231 palatii
1381 1186 1552 1230 apostolici
1592 1184 1779 1223 auditores,
1820 1194 1856 1216 ac

1115 1242 1145 1275 S.
1180 1242 1216 1274 R.
1252 1242 1286 1274 E.
1322 1240 1528 1280 cardinales,
1557 1239 1654 1271 etiam
1687 1238 1725 1270 de
1752 1238 1853 1269 latere

1116 1296 1260 1338 legatos,
1295 1293 1416 1326 aliosve
1454 1291 1620 1335 quoslibet
1650 1300 1853 1333 quacumque

1116 1347 1373 1392 praeeminentia
1398 1351 1429 1379 et
1453 1349 1612 1388 potestate
1634 1344 1804 1385 fungentes
1823 1347 1855 1374 et

1117 1402 1293 1441 suncturos,
1312 1400 1439 1432 sublata
1460 1399 1505 1431 eis
1532 1404 1564 1431 et
1588 1407 1701 1430 eorum
1722 1395 1857 1428 cuilibet

1116 1455 1209 1487 aliter
1234 1453 1399 1486 iudicandi
1430 1457 1462 1485 et
1486 1449 1725 1494 interpretandi
1759 1449 1859 1481 sacul-

1118 1514 1180 1541 tate
1210 1513 1242 1540 et
1273 1507 1483 1546 auctoritate,
1508 1504 1643 1537 iudicari
1673 1508 1706 1535 et
1731 1501 1857 1534 definiri

1117 1562 1254 1601 debere,
1281 1571 1318 1593 ac
1348 1559 1474 1591 irritum
1511 1563 1544 1590 et
1577 1558 1672 1589 inane
1707 1556 1732 1587 si
1763 1565 1856 1587 secus

1117 1624 1214 1656 super
1242 1613 1291 1645 his
1327 1623 1344 1644 a
1375 1621 1552 1654 quoquam,
1579 1608 1690 1652 quavis
1716 1607 1856 1639 auctori-

1118 1671 1192 1705 tate,
1217 1665 1357 1698 scienter
1387 1665 1438 1696 vcl
1460 1663 1657 1706 ignoranter,
1684 1659 1856 1702 contigerit

1118 1724 1279 1751 attentari.

1161 1773 1176 1815 g
1200 1771 1230 1804 8.
1258 1771 1326 1803 Non
1347 1769 1551 1803 obstantibus
1565 1766 1852 1801 constitutionibus
1866 1774 1984 1821 natifsswu
1998 1779 2048 1795 eon-

1119 1832 1151 1858 et
1175 1824 1435 1858 ordinationibus
1453 1821 1649 1865 apostolicis,
1677 1831 1723 1860 ae,
1745 1826 1855 1862 quate-

1119 1889 1177 1911 nus
1199 1888 1279 1920 opus
1297 1878 1348 1917 sit,
1377 1875 1564 1919 quarumvis
1590 1873 1799 1906 ecclesiarum
1825 1878 1856 1905 et

1118 1932 1350 1970 basilicarum,
1386 1929 1497 1961 aliisve
1535 1926 1718 1970 quibusvis,
1759 1926 1857 1958 etiam

1119 1985 1324 2022 iuramento,
1364 1981 1614 2015 confirmatione
1652 1979 1855 2022 apostolica,

1119 2039 1167 2070 vel
1193 2036 1304 2080 (plavis
1330 2034 1483 2067 firmitate
1503 2033 1565 2066 alia
1590 2032 1770 2071 roboratis,
1793 2037 1857 2063 sta-

1121 2090 1198 2122 tutis
1239 2095 1271 2122 et
1307 2086 1604 2121 consuetudinibus
1630 2113 1638 2125 ,
1674 2085 1855 2128 privilegiis

1119 2154 1261 2188 quoque,
1287 2142 1423 2174 indultis
1454 2146 1486 2173 et
1511 2140 1629 2172 litteris
1655 2138 1857 2182 apostolicis,

1120 2195 1284 2240 quibusvis
1309 2194 1459 2238 personis
1478 2198 1509 2226 et
1525 2193 1617 2231 locis⁷
1636 2193 1694 2225 sub
1716 2191 1854 2234 quibus-

1119 2260 1256 2292 cumque
1282 2249 1454 2281 verborum
1482 2246 1650 2279 tenoribus
1677 2250 1709 2278 et
1733 2244 1855 2283 formis,

1119 2314 1154 2335 ac
1189 2313 1261 2335 cum
1293 2300 1457 2344 quibusvis
1501 2299 1598 2332 etiam
1636 2297 1858 2339 derogatoria-

1120 2367 1189 2388 rum
1219 2354 1460 2396 derogatoriis,
1497 2352 1634 2394 aliisque
1670 2350 1858 2383 efficaciori-

1119 2409 1188 2448 bus,
1214 2406 1442 2441 efficacissimis
1472 2411 1503 2438 et
1530 2403 1670 2437 insolitis
1696 2403 1856 2443 clausulis,

1119 2460 1388 2503 irritantibusque
1418 2464 1450 2491 et
1478 2458 1548 2491 aliis
1573 2457 1720 2495 decretis,
1747 2456 1779 2488 in
1804 2467 1860 2498 ge-

1120 2526 1197 2548 nere
1213 2515 1264 2546 vel
1292 2514 1324 2545 in
1352 2512 1469 2555 specie,
1496 2517 1528 2544 et
1552 2511 1630 2543 alias
1656 2509 1858 2553 quomodoli-

1121 2569 1176 2601 bet
1200 2568 1232 2600 in
1257 2565 1455 2599 contrarium
1490 2563 1743 2607 praemissorum
1780 2572 1857 2593 con-

1121 2620 1228 2661 cessis,
1255 2618 1452 2652 confirmatis
1479 2623 1510 2651 et
1533 2615 1710 2656 innovatis;
1739 2614 1855 2658 quibus

1740 229 1803 262 297
1850 238 1900 263 An.
1922 236 1950 262 c.
1970 237 2040 262 ww
