2279 3260
172 235 225 260 An.
242 231 273 262 C.
297 235 364 264 ¹676

186 1619 196 1645 5
208 1619 225 1640 l.
241 1619 271 1639 De
285 1619 343 1645 eapi-

158 1646 204 1692 iim,
215 1648 343 1667 conventua-

434 288 564 320 nanum
587 298 680 320 CAPUT
702 290 810 321 XXVII.
831 309 869 314 —
892 292 1040 333 Pignora

388 347 455 367 uon
476 339 638 379 accipiant
659 344 689 370 et
712 340 896 381 depositum
918 342 1000 381 nuri,
1023 346 1082 373 ete.

368 404 457 444 Caput
479 414 567 435 xxvn.
593 424 627 428 —
654 405 817 438 Prohibetur
844 410 943 439 nostris
968 409 1103 448 religiosis

445 455 592 493 acceptatio
611 456 759 494 pignorum
780 461 804 486 et
825 458 1018 497 depositorum.

410 519 572 564 Praecipit
607 523 717 564 regula
761 528 871 556 nostra
904 524 1009 566 capite
1041 525 1103 557 isto

366 582 406 604 ne
432 572 567 615 pignora
590 585 652 607 nec
677 575 826 618 deposita
851 576 918 608 auri
934 603 941 617 ,
967 577 1102 619 argenti,

364 626 415 657 vel
458 626 615 669 pecuniae
653 640 669 660 a
710 629 830 661 nostris
865 629 1100 672 suscipia11tur;

364 688 462 720 quare
481 679 535 722 qui
557 681 802 722 contravenerit,
830 687 991 725 tamquam
1009 683 1101 715 viola-

366 735 417 763 tor
441 733 573 774 regulae
599 733 763 775 puniatur.

383 800 512 831 Rectum
549 811 641 832 CAPUT
680 803 802 834 xxvtu.
839 822 878 826 —
915 805 952 834 Si
988 805 1077 845 quod

421 849 537 879 vitium
558 851 591 879 in
612 861 661 887 re,
685 862 768 891 quae
790 852 955 889 venditur,
978 857 1039 883 etc.

381 914 471 955 Caput
494 925 592 946 xxvm.
613 935 651 940 ——
667 917 853 957 Praecipitar,
874 920 943 957 quod
960 920 1079 954 defectus

460 966 503 994 rei
526 966 651 994 venditae
669 968 860 1005 manifestetur
875 968 999 1006 emptori.

404 1038 559 1081 Religiosi
595 1040 698 1072 nostri
731 1041 874 1073 veritatis
901 1046 932 1074 et
955 1042 1097 1076 iustitiae

358 1096 519 1124 amatores
555 1102 625 1124 csse
660 1093 799 1133 debent;
837 1093 911 1127 ideo
947 1095 1096 1128 manifes-

357 1148 427 1177 tent
451 1145 591 1188 emptori
622 1145 745 1187 vitium,
771 1147 797 1179 si
823 1147 954 1190 aliquod
982 1154 1095 1182 notum

356 1197 464 1237 suerit,
486 1197 518 1230 in
543 1209 577 1231 re
604 1210 698 1242 quam
723 1200 864 1233 vendere
889 1202 1012 1242 volunt,
1036 1202 1095 1235 sub

356 1252 464 1293 poena
500 1251 604 1293 gravis
645 1253 760 1295 culpae
795 1252 989 1296 infligendae
1029 1265 1094 1288 non

357 1303 525 1337 indicanti.

357 1383 487 1413 REGULAE
504 1392 597 1414 CAPUT
611 1384 707 1414 XXIX.
724 1403 762 1408 ——
775 1385 964 1426 Capitulum
979 1388 1007 1417 si
1022 1387 1094 1418 fleri

354 1431 461 1471 possit
475 1432 615 1472 siugulis
630 1433 803 1463 dominicis
819 1435 935 1464 diebus
950 1436 1017 1472 fiat,
1034 1441 1092 1466 etc.

375 1497 466 1537 Caput
488 1507 567 1528 xxix,
593 1516 628 1521 —
652 1500 690 1529 De
717 1501 837 1539 capitulo
859 1503 1030 1533 conventuali
1049 1507 1074 1533 et

547 1549 715 1578 consiliariis
744 1555 900 1580 conventus.

398 1624 420 1647 1.
448 1613 569 1655 Nullus,
593 1615 654 1648 nisi
673 1617 870 1657 sacerdotes,
887 1622 918 1650 et
935 1624 1010 1661 post
1026 1624 1092 1652 tres

353 1677 456 1700 annos
475 1678 492 1700 a
511 1668 728 1711 professione,
740 1670 977 1704 votumhabeat
994 1671 1027 1704 in
1044 1682 1093 1705 ca-

353 1720 459 1763 pitulo
478 1722 693 1755 conventuali.

396 1784 432 1807 11.
459 1773 605 1816 Quando,
624 1775 711 1809 iuxta
731 1781 876 1810 nostram
894 1780 1041 1821 regulam
1059 1784 1092 1812 et

352 1826 610 1868 constitutiones,
629 1839 680 1861 res
695 1829 803 1873 aliqua
820 1842 837 1863 a
853 1831 994 1874 capitulo
1016 1843 1092 1865 con-

351 1880 495 1912 ventuali
519 1881 650 1914 decerni
682 1881 789 1923 de'bet,
826 1885 977 1927 superior
1001 1886 1088 1918 illam

351 1932 577 1966 communitati
610 1941 771 1977 proponat
796 1936 847 1969 die
873 1938 1088 1980 antecedenti,

351 1991 383 2019 et
414 1985 447 2018 in
478 1987 629 2030 sequenti
663 1988 834 2022 definiatur
868 2001 928 2034 per
963 1997 1089 2026 secreta

351 2038 505 2082 suffragia
530 2050 548 2073 a
572 2042 718 2084 praelato
752 2047 784 2075 et
816 2044 1009 2078 consiliariis
1041 2056 1090 2079 re-

351 2093 503 2134 golanda.

395 2155 444 2178 m.
470 2145 511 2178 Ut
534 2156 664 2190 semper
696 2153 821 2182 constet
850 2161 1007 2193 quaenam
1038 2163 1090 2186 res

353 2195 503 2231 definitae
535 2204 566 2231 et
601 2200 835 2235 determinatae
861 2208 935 2236 sunt
965 2215 981 2237 a
1006 2207 1090 2249 capi-

352 2250 420 2282 tulo
445 2254 660 2293 conventuali,
693 2253 725 2286 ln
752 2255 898 2298 quolibet
929 2264 1089 2291 conventu

353 2307 385 2334 et
416 2304 555 2346 collegio
589 2305 630 2338 sit
664 2308 853 2342 secretarius
890 2311 1012 2344 electus
1050 2313 1087 2345 de

352 2364 489 2398 corpore
514 2356 615 2399 ipsius
640 2359 770 2402 capituli
792 2366 823 2394 et
847 2362 885 2394 ab
907 2364 1019 2396 eodem
1038 2376 1090 2397 ca-

351 2406 454 2450 pitulo
480 2419 551 2441 cum
581 2412 716 2445 consilio
742 2419 773 2446 et
797 2425 928 2448 assensu
959 2417 1089 2459 provin-

352 2459 465 2500 cialis;
493 2461 547 2504 qui
571 2463 704 2506 quidem
730 2468 922 2501 secretarius
947 2468 978 2501 in
1004 2470 1087 2503 libro

352 2513 391 2545 ad
417 2513 447 2545 id
473 2514 633 2549 destinato
670 2519 790 2552 scribat
823 2521 931 2554 omnia
956 2523 1088 2556 decreta

997 245 1139 271 CLEMENS
1161 247 1180 271 X
1203 247 1251 271 1³1³.

1146 295 1261 338 legerit
1284 295 1346 339 ipsi
1372 297 1521 340 capitulo,
1555 299 1701 333 minister
1725 305 1755 333 et
1779 300 1883 333 consi-

1146 348 1228 382 liarii
1255 349 1469 391 subscribant,
1493 352 1608 395 etipse
1630 364 1761 397 quoque
1778 364 1882 388 secrc-

1146 401 1247 435 tarius
1266 408 1427 447 tamquam
1445 409 1614 438 attestans.

1189 465 1232 488 1v.
1258 455 1302 488 De
1328 456 1477 489 omnibus
1497 457 1574 491 actis
1604 469 1641 491 ac
1659 459 1880 493 determinatis

1146 507 1177 539 in
1202 508 1343 552 capitulo
1379 520 1508 553 semper
1543 512 1742 545 custodiatur
1774 524 1881 546 secre-

1145 565 1223 593 tum.
1252 561 1281 594 Si
1308 562 1384 604 quid
1410 573 1486 595 vero
1516 564 1632 607 aliquis
1664 565 1734 598 aliis
1760 567 1881 599 revela-

1145 614 1228 646 verit
1261 614 1422 657 religiosis
1459 627 1523 649 non
1562 617 1802 660 capitularibus,
1828 621 1879 652 vel

1143 667 1373 708 saecularibus,
1400 668 1536 702 maxime
1558 671 1688 713 quando
1713 672 1878 714 praelatus

1143 724 1306 752 secretum
1343 723 1592 763 commendavit,
1632 724 1671 756 ad
1710 724 1879 757 arbitrium

1141 772 1348 814 provincialis
1373 774 1519 816 privetur
1542 787 1619 809 voce
1646 777 1745 809 activa
1770 777 1802 809 in
1828 788 1879 810 ca-

1141 824 1244 867 pitulo
1269 827 1485 868 conventuali,
1506 828 1592 862 iuxta
1616 829 1878 863 inconvenientia

1142 888 1178 910 ex
1198 879 1395 912 revelatione
1414 881 1596 915 subsecuta.

1184 942 1205 964 1.
1233 933 1266 964 In
1287 933 1433 976 quolibet
1457 940 1616 967 conventu
1653 947 1709 969 seu
1738 937 1876 980 collegio
1915 948 1958 974 52.
1977 948 2005 969 ιη
2022 954 2071 969 00„-

1888 975 1973 994 siin-riis
1982 981 2071 995 couvi-1,-

1139 989 1232 1026 pater
1256 985 1459 1027 provincialis
1477 987 1625 1030 designet
1646 994 1785 1032 quatuor
1805 1001 2071 1023 con-tamtoommtm·

1887 1028 1943 1049 ficio,

1138 1036 1288 1078 siliariOS‚
1316 1048 1350 1070 ex
1373 1039 1489 1081 quibus
1523 1040 1586 1073 duo
1612 1041 1709 1084 primi
1735 1042 1875 1075 officium

1139 1096 1318 1131 exerceant,
1335 1096 1366 1124 et
1382 1091 1414 1123 in
1433 1102 1546 1125 eorum
1564 1094 1708 1127 absentia
1725 1096 1778 1128 alii
1797 1096 1873 1136 duo;

1139 1147 1170 1174 et
1194 1153 1267 1176 cum
1289 1148 1361 1176 actu
1379 1146 1605 1179 exercentibus
1624 1149 1768 1180 consulat
1784 1159 1877 1192 prae-

1137 1196 1219 1228 latus
1245 1207 1358 1230 omnes
1382 1208 1434 1230 res
1458 1199 1497 1231 ad
1523 1205 1698 1233 conventus
1724 1201 1876 1234 adminis-

1137 1249 1309 1283 trationem
1333 1251 1549 1294 pertinentes,
1579 1253 1719 1296 exceptis
1751 1254 1875 1296 gravio-

1137 1301 1224 1335 ribus
1248 1302 1445 1346 maiorisque
1470 1305 1646 1348 ponderis;
1675 1306 1755 1340 istae
1788 1308 1873 1340 enirn

1136 1365 1196 1397 per
1220 1355 1376 1388 maiorem
1409 1363 1536 1400 partem
1569 1359 1700 1402 capituli
1733 1371 1875 1394 conven-

1137 1408 1231 1441 tualis
1250 1409 1381 1441 decerni
1403 1410 1533 1443 dehent.

1179 1471 1214 1494 11.
1242 1461 1275 1494 In
1308 1462 1443 1505 singulis
1471 1465 1682 1498 conventibus
1715 1472 1746 1499 et
1775 1468 1874 1500 colle-

1136 1514 1197 1556 giis
1223 1514 1369 1557 singulae
1400 1516 1463 1548 sint
1487 1527 1545 1560 pro
1571 1519 1792 1553 custodiendis
1818 1531 1873 1564 pen

1136 1567 1238 1600 cuniis
1263 1578 1353 1600 arcae
1379 1568 1474 1601 trium
1501 1571 1650 1611 clavium,
1668 1583 1804 1615 quarum
1830 1575 1874 1607 al*

1136 1625 1238 1654 teram
1269 1622 1430 1665 superior,
1464 1624 1542 1657 duas
1579 1625 1658 1658 alias
1695 1627 1872 1660 consiliarii

1134 1674 1272 1707 officium
1292 1681 1479 1709 exercentes
1507 1678 1656 1719 habeant,
1676 1685 1708 1712 et
1731 1680 1799 1714 sine
1825 1692 1874 1714 as-

1134 1727 1280 1761 sistentia
1319 1734 1511 1763 cunctorum
1555 1730 1649 1764 trium
1685 1732 1872 1777 neutiquam

1133 1790 1205 1813 arca
1222 1780 1283 1813 ista
1303 1782 1480 1824 aperiatur.

1177 1844 1224 1867 111.
1252 1834 1285 1866 In
1311 1835 1394 1868 dicta
1430 1838 1503 1869 arca
1536 1838 1579 1870 sit
1608 1839 1699 1878 liber,
1737 1840 1770 1872 in
1809 1852 1872 1884 quo

1133 1887 1294 1920 scribatur
1317 1889 1422 1922 omnis
1448 1891 1584 1933 pecunia
1615 1902 1696 1935 quae
1717 1894 1874 1937 recipitur

1133 1945 1164 1973 et
1184 1941 1388 1984 expenditur,
1417 1947 1449 1975 et
1473 1953 1509 1976 ex
1535 1955 1599 1987 quo
1624 1946 1795 1988 procedit3
1831 1947 1872 1979 sit

1132 1993 1229 2026 etiam
1253 1995 1334 2027 alter
1364 1995 1466 2037 liber,
1492 1996 1525 2028 in
1551 2008 1615 2040 quo
1641 1998 1727 2031 clare
1760 2004 1791 2031 et
1824 2000 1871 2032 di-

1133 2047 1248 2080 stinete
1279 2047 1437 2081 scribatur
1473 2051 1637 2092 quomodo
1671 2052 1871 2085 satisfactum

1133 2105 1181 2132 est
1214 2101 1367 2134 oneribus
1404 2102 1592 2145 missarum,
1631 2104 1868 2147 suffragiorum,

1132 2159 1374 2197 ceterarumque
1390 2155 1626 2198 obligationum
1640 2165 1871 2202 perpetuarum

1133 2211 1164 2239 et
1191 2208 1429 2250 temporalium,
1455 2220 1535 2251 quae
1562 2216 1737 2243 conventus
1764 2212 1871 2253 habet,

1132 2264 1164 2292 et
1189 2260 1329 2302 qualiter
1353 2261 1448 2293 etiam
1468 2262 1507 2294 sit
1533 2263 1727 2297 satisfactum
1761 2264 1869 2298 missis

1133 2317 1165 2344 et
1180 2311 1339 2355 suffragiis
1364 2324 1423 2356 pro
1450 2316 1567 2347 nostris
1586 2316 1748 2359 religiosis
1769 2323 1800 2350 et
1818 2318 1872 2351 deo

1133 2365 1266 2406 sunctis;
1295 2366 1335 2399 sit
1359 2378 1488 2411 quoque
1520 2369 1602 2401 liber
1631 2371 1721 2411 alter,
1748 2371 1779 2404 in
1806 2383 1868 2415 quo

1132 2418 1354 2461 exprimantur
1379 2421 1570 2463 quantitates
1604 2422 1711 2464 tritici,
1738 2424 1867 2466 bordei,

1131 2471 1205 2512 vini,
1232 2472 1306 2512 olei,
1333 2478 1363 2505 et
1381 2473 1543 2514 similium,
1562 2486 1642 2518 quae
1661 2487 1869 2521 quocumque

1131 2524 1225 2558 titulo
1242 2526 1450 2569 recipiuntur,
1469 2532 1501 2559 et
1519 2528 1550 2560 in
1572 2536 1731 2562 conventu
1750 2541 1869 2574 expen-

350 2566 509 2608 praedicti
542 2568 681 2611 capituli,
715 2573 968 2615 approbationes
1001 2577 1088 2609 ordi·
1132 2578 1269 2619 duntur;
1296 2589 1332 2611 ac
1358 2579 1496 2622 denique
1530 2581 1570 2613 sit
1594 2581 1676 2614 liber
1700 2584 1781 2616 alius
1807 2595 1868 2627 pro

350 2619 546 2662 nandorum,
574 2626 605 2654 et
629 2622 764 2666 similia;
792 2631 823 2659 et
854 2633 1025 2672 postquam
1051 2640 1087 2664 ea
1132 2631 1354 2676 redemptione
1380 2633 1592 2677 captivorum,
1618 2640 1652 2667 ut
1676 2635 1795 2670 dictum
1820 2644 1870 2673 est

1779 241 1843 276 637
1890 249 1940 277 An.
1961 249 1990 278 c.
2009 250 2076 278 1070
