2279 3260
222 221 318 249 An.c.
341 222 408 250 1671
454 216 517 249 [178

416 273 531 306 clesiac
568 275 678 308 infelix
715 277 881 310 dissidium
918 281 950 310 ct
974 278 1075 308 nialus
1100 286 1149 307 ci·-

416 335 468 357 ror
493 326 642 360 abduxit!
670 327 769 365 Quam
794 329 933 361 libenter
957 338 1068 361 omnes
1093 338 1149 369 pa-

417 382 509 410 terno
522 379 593 411 sinu
608 381 892 423 complctercmur!
912 380 1048 417 Quantas
1062 378 1146 411 Patri

415 431 709 466 misericordiarum
729 434 846 476 gratias
863 443 1046 476 ageremus,
1061 432 1147 474 quod

417 483 484 516 dics
510 490 639 517 nostros
654 486 691 517 ad
708 491 769 517 tani
784 496 876 527 grave
898 484 1021 517 scnium
1038 488 1148 526 protu-

417 536 514 577 lisset,
541 543 576 569 ut
598 538 781 570 videremus
810 538 948 569 salutare
970 536 1036 576 Dei,
1058 541 1147 568 antc-

419 599 511 631 quain
536 589 567 621 in
586 601 665 632 pace
686 589 861 622 dimitteret
883 600 1008 621 servum
1034 589 1144 621 suuni!

261 651 405 674 Μυηοῑτοω
459 640 522 684 §2
546 642 606 674 Vos
632 646 750 681 autem,
775 641 929 673 carissimi
963 641 993 673 in
1018 641 1146 674 Christo

222 679 481 732 iiai'ii'e‘ia‘iii'iiuiiifilii,
504 688 602 735 ¹reges
627 698 658 725 et
681 693 854 736 principos,
888 693 1058 725 luminaria
1082 704 1147 725 ma-

221 732 244 776 51
257 732 404 780 3ζῖᾋῖῗὲἶῖ
416 756 476 787 gna
493 745 652 778 Ecclesiae
675 746 729 777 Dci
752 756 811 788 per
832 756 929 788 quem
947 746 1100 788 regnatis,
1120 746 1146 778 si

221 787 278 828 iil*
301 787 556 830 com“¹⁰⁸³‘conditio
582 802 762 840 temporum
789 808 854 830 non
875 799 994 841 patitur
1010 809 1076 837 vos,
1094 799 1147 841 pia

414 849 568 882 maiorum
594 849 796 882 nostrorum'
816 851 921 883 studia
938 852 1145 891 aemulantes,

412 912 537 934 sacrum
562 902 625 934 hoc
652 902 713 934 iter
744 902 929 944 instituite²‚
957 903 1016 936 de⁸
1044 904 1147 936 subic-

412 954 469 987 ctis
496 954 611 988 vestris
636 955 774 998 aliisque
799 955 933 989 Romam
958 957 1145 1000 petentibus

412 1012 522 1050 parate
547 1008 629 1040 viam
654 1008 796 1050 Domini,
831 1010 987 1053 praebete
1023 1015 1091 1043 tuta
1116 1016 1147 1043 et

411 1065 523 1103 pacata
547 1060 672 1100 itinera,
698 1067 730 1094 et
759 1062 864 1095 omnis
900 1064 1028 1105 generis
1058 1074 1147 1096 com-

411 1118 545 1153 meatus,
563 1123 603 1146 110
625 1113 746 1156 alioqui
759 1101 900 1157 lugeant
916 1115 983 1148 viae
1001 1115 1086 1157 Sion,
1106 1127 1145 1149 eo

411 1166 496 1207 quod
521 1176 585 1198 non
610 1166 651 1198 sit
675 1166 729 1209 qui
754 1167 862 1199 veniat
889 1168 929 1200 ad
958 1168 1146 1201 solemnita—

411 1223 484 1251 tem.
512 1218 545 1250 ln
570 1218 685 1261 primis
713 1230 798 1260 vero,
824 1221 909 1263 quod
935 1231 994 1254 nos
1019 1221 1145 1265 iampri-

411 1271 483 1303 dem
501 1271 588 1303 omni
605 1273 779 1315 pastoralis
796 1273 1023 1306 sollicitudinis
1042 1280 1074 1307 et
1090 1285 1145 1317 pa-

410 1328 519 1356 ternae
537 1324 701 1357 charitatis
721 1325 826 1358 officio
847 1331 912 1358 tum
936 1338 953 1359 a
976 1327 1065 1359 vobis
1087 1337 1145 1369 per

410 1375 533 1409 litteras
558 1382 590 1409 et
612 1378 749 1410 nuncios
774 1383 903 1411 nostros
925 1384 991 1412 tum
1016 1391 1033 1412 a
1056 1380 1144 1422 pxacis

410 1433 540 1461 auctore
558 1429 623 1462 Deo
642 1429 706 1472 iugi
726 1441 822 1473 prece
851 1432 1072 1474 efflagitamuS,
1086 1443 1144 1476 po-

409 1480 475 1513 nite
500 1481 675 1524 aliquando
702 1483 772 1523 iras,
788 1484 918 1526 populis
938 1485 1052 1517 vestris
1073 1496 1144 1527 gra-

408 1544 473 1574 ves,
495 1534 543 1567 rei
568 1535 764 1568 christianae
789 1537 939 1579 publicae
964 1538 1140 1571 luctuosas.

409 1585 655 1629 Congregamini
673 1599 745 1620 cum
759 1588 824 1621 Deo
839 1589 1011 1630 Abraham,
1027 1596 1059 1623 et
1075 1591 1143 1624 bel-

409 1640 439 1671 la
463 1639 588 1673 Domini
613 1640 827 1682 praeliantes,
854 1642 968 1675 vertite
993 1654 1082 1675 arma
1109 1643 1141 1675 in

408 1690 564 1724 immanes
587 1693 754 1733 barbaros,
776 1693 887 1727 inclito
913 1695 1068 1728 Poloniae
1092 1695 1143 1729 re-

409 1754 471 1785 gno
503 1743 611 1777 aliisve
641 1745 824 1778 christianis
849 1747 1023 1790 provinciis
1057 1752 1141 1782 terra

408 1795 553 1840 marique
577 1797 795 1832 imminentes
822 1800 884 1833 Eos
909 1801 994 1834 enim
1019 1802 1139 1843 clades,

408 1850 613 1891 quantumvis
637 1862 766 1894 inagna,
792 1849 1141 1898 iiicinorabilisqiie‚ad

408 1902 522 1945 Tyr-am
548 1914 673 1936 amnem
708 1915 815 1948 nuper
838 1912 978 1950 accepta,
1004 1908 1142 1942 irritavit

408 1955 518 1997 potius
545 1966 639 1999 quam
663 1957 784 1999 fregit,
817 1959 879 1991 nisi
909 1962 1067 2003 perculsis
1092 1962 1140 1994 in-

408 2012 470 2040 stet
485 2008 585 2041 victor
601 2009 759 2042 exercitus
777 2015 809 2042 et
836 2012 1007 2055 triumphis
1032 2025 1140 2047 assue-

409 2065 469 2099 tus,
490 2071 626 2104 nosque,
641 2067 715 2104 post
739 2073 833 2105 opem
859 2065 998 2098 divinam
1023 2067 1078 2099 diu
1103 2069 1139 2101 a'c

408 2113 598 2155 suppliciter
636 2115 838 2157 imploratam
854 2143 861 2157 ,
903 2120 1139 2162 quamprimum

408 2173 611 2198 communem
638 2177 783 2208 causam,
820 2180 988 2204 commune
1015 2173 1141 2215 pericu-

407 2217 495 2258 lum,
527 2219 752 2253 communibus
789 2232 917 2265 quoque
951 2226 1064 2258 studiis
1090 2238 1141 2259 ar-

408 2269 533 2313 misque
558 2277 717 2305 tueamur.

213 2323 397 2373 ,ffssssssssflssssssfi'f‘gg
453 2323 467 2365 ,ξ
488 2322 506 2354 ’ξὶ
537 2323 600 2355 Nos
626 2324 733 2366 igitur,
749 2336 807 2368 per
831 2328 982 2362 traditam
1005 2332 1099 2365 nobis
1124 2344 1142 2365 a

214 2379 396 2399 ¹¹¹¹·verffl101'11b1·
408 2375 483 2415 Deo,
511 2377 565 2418 qui
589 2375 715 2409 infirma
740 2379 851 2412 mundi
877 2381 967 2423 eligit
992 2388 1028 2415 ut
1046 2384 1141 2418 fortia

214 2403 230 2423 la
236 2409 282 2424 eum
293 2405 339 2425 anni
351 2411 397 2425 saii-

214 2431 250 2450 cu-
408 2438 555 2471 quaeque
580 2430 765 2471 confundat,
802 2434 865 2465 una
889 2444 961 2469 cuni
985 2437 1141 2470 sollicitu-

443 2506 453 2531 t
479 2505 578 2532 Forsan
598 2506 742 2540 legendum
763 2512 919 2537 vestrorum
939 2513 980 2544 (n.
997 2513 1046 2546 τ.).

440 2549 458 2575 2
477 2549 588 2576 Videtur
607 2550 748 2585 legendum
767 2552 918 2581 instituere
936 2561 973 2588 ffl-
994 2557 1041 2587 r.).

440 2592 457 2618 3
476 2592 623 2628 Praeposit.
644 2595 677 2622 cle
697 2595 811 2623 delenda
829 2597 930 2624 videtui·
949 2602 986 2634 (11.
1002 2601 1050 2634 τ.).

991 228 1170 253 niiLLimiiiM
1192 227 1342 253 ROMANUM

1926 229 1977 257 An.
1994 230 2022 258 C.
2044 231 2114 259 1674

1191 276 1265 307 dine
1291 276 1433 309 omnium
1451 278 1671 317 ecclesiarum,
1686 279 1808 321 ligandi
1827 283 1923 321 atque

1190 329 1334 360 solvendi
1359 334 1570 372 potestatem,
1599 342 1680 374 quae
1706 332 1737 364 in
1769 329 1923 373 indigno¹

1190 380 1331 413 haerede
1357 392 1421 414 non
1447 383 1561 423 deficit,
1595 384 1806 417 sanctissimis
1832 394 1924 427 prae-

1190 433 1394 465 decessorum
1420 440 1605 468 nostrorum
1643 437 1786 480 vestigiis
1810 436 1924 470 inhae-

1188 489 1509 529 1·01u,cs,e0riinique
1546 489 1706 522 laudabile
1741 489 1922 522 institutum

1189 543 1347 579 tenentos,
1375 539 1414 571 de
1441 541 1674 573 venerabilium
1706 542 1839 574 fratrum
1866 553 1923 575 no-

1189 587 1328 623 strorum
1354 591 1385 623 S.
1416 591 1453 623 R.
1480 591 1515 624 E.
1543 593 1753 626 cardinalium
1774 606 1920 635 assensu,

1189 642 1381 675 universalis
1406 647 1438 675 ct
1461 644 1589 677 maximi
1616 645 1746 682 iuhilaei
1783 648 1924 680 celebra-

1189 695 1310 727 tionem
1340 706 1356 727 a
1381 696 1494 738 primis
1520 698 1664 740 vesperis
1688 699 1815 741 vigiliae
1839 700 1926 732 Nati-

1188 746 1291 779 vitatis
1322 747 1449 779 Domini
1475 748 1578 781 Nostri
1605 750 1675 783 Iesu
1701 751 1819 784 Christi
1849 763 1925 795 pro-

1190 800 1291 832 ximae
1309 800 1435 833 futurae
1453 800 1682 844 inchoandam,
1701 809 1733 836 et
1749 815 1807 847 per
1824 809 1924 838 totum

1189 863 1309 884 annum
1334 853 1519 894 finiendam,
1539 855 1730 889 auctoritate
1748 857 1805 889 Dei
1824 858 1925 890 omni-

1188 904 1329 946 potentis
1346 909 1377 937 et
1392 905 1562 938 beatorum
1585 909 1811 950 apostolorum
1835 909 1923 942 Petri

1189 962 1220 989 et
1235 957 1323 990 Pauli
1341 968 1376 990 ac
1390 961 1508 998 nostra,
1526 960 1666 993 maximo
1680 971 1750 994 cuni
1764 961 1862 994 animi
1872 973 1924 995 no-

1188 1010 1245 1042 stri
1264 1010 1390 1052 gaudio,
1413 1011 1452 1043 ad
1477 1011 1577 1054 ipsius
1603 1012 1658 1045 Dei
1685 1014 1833 1055 gloriam,
1852 1025 1924 1047 san-

1188 1066 1257 1094 ctae
1284 1062 1446 1095 Ecclesiae
1480 1065 1723 1105 exaltationem,
1751 1065 1923 1100 haeresum

1189 1116 1449 1158 extirpationem,
1476 1117 1711 1151 catholicorum
1736 1119 1923 1163 principum

1188 1169 1402 1209 concordiam,
1428 1169 1742 1214 christianorumque
1779 1173 1923 1206 omnium

1188 1222 1384 1264 populorum
1405 1221 1556 1254 solatium
1574 1228 1605 1255 et
1623 1223 1921 1267 sanctificationem,

1188 1273 1361 1306 indicimus
1395 1279 1427 1306 et
1457 1276 1711 1317 promulgamus.
1749 1275 1815 1313 Quo
1852 1277 1922 1320 ipS'o

1187 1326 1318 1359 iubilaci
1344 1336 1428 1359 anno
1460 1326 1606 1367 durante,
1631 1328 1782 1361 omnibus
1806 1329 1924 1363 utrius-

1187 1390 1249 1422 que
1275 1389 1368 1411 scxus
1394 1378 1680 1421 christifidelibus,
1711 1391 1786 1414 vere
1810 1382 1924 1425 poeni-

1188 1431 1331 1464 tentibus
1358 1436 1390 1464 et
1414 1431 1580 1473 confessis,
1599 1432 1653 1475 qui
1678 1433 1849 1467 beatorum
1866 1435 1923 1468 Pe-

1188 1485 1227 1516 tri
1263 1490 1295 1517 et
1330 1484 1417 1517 Pauli
1453 1486 1675 1528 apostolorum
1704 1497 1830 1519 necnon
1864 1487 1922 1520 La-

1186 1535 1413 1569 teranensem²
1446 1542 1478 1569 et
1509 1537 1539 1570 S.
1578 1538 1693 1571 Mariae
1724 1538 1852 1572 Maioris
1882 1540 1921 1572 de

1186 1589 1269 1622 Urbe
1294 1589 1443 1622 basilicas
1468 1591 1566 1623 semel
1593 1592 1707 1624 saltem
1731 1591 1764 1624 in
1788 1592 1838 1625 die
1863 1603 1922 1635 per

1185 1642 1315 1685 triginta
1331 1642 1503 1675 continuos
1532 1648 1586 1676 aut
1610 1644 1823 1687 interpolatos
1841 1645 1921 1687 dies,

1184 1696 1210 1728 si
1234 1695 1360 1728 romani
1392 1697 1441 1728 vel
1473 1696 1599 1729 incolae
1629 1697 1744 1739 Urbis,
1783 1699 1809 1731 si
1844 1709 1920 1732 vero

1183 1749 1349 1792 peregrini
1375 1754 1428 1781 aut
1452 1749 1531 1782 alias
1559 1751 1683 1783 externi
1707 1751 1836 1792 fuerint,
1861 1762 1921 1795 per

1184 1801 1372 1844 quindecim
1398 1802 1510 1834 saltem
1535 1802 1615 1842 dies,
1638 1803 1751 1836 devote
1775 1804 1921 1838 visitave-

1183 1855 1257 1896 rint,
1277 1860 1308 1888 et
1330 1866 1389 1898 pro
1413 1859 1543 1888 sanctae
1566 1856 1731 1890 Ecclesiae
1757 1858 1920 1891 0113113110-

1182 1918 1235 1949 110,
1249 1899 1423 1941 haeresum
1441 1908 1664 1951 extirpatione,
1683 1910 1918 1943 catholicorum

1182 1962 1366 2005 principum
1383 1962 1607 2003 concordia‚et
1623 1964 1792 1996 christiani
1804 1965 1916 2008 populi

1182 2016 1285 2048 salute
1321 2021 1352 2048 et
1387 2015 1619 2058 tranquillitate
1655 2016 1724 2058 pias
1753 2017 1794 2050 ad
1817 2017 1918 2050 Deum

1182 2078 1295 2111 preces
1319 2067 1499 2108 effuderint,
1525 2067 1746 2111 plenissimam
1771 2070 1916 2103 omnium

1182 2126 1392 2164 peccatorum
1428 2131 1562 2153 suorum
1597 2121 1842 2164 indulgentiam,
1866 2133 1917 2156 re-

1182 2173 1371 2206 missionem
1396 2183 1432 2206 ae
1454 2172 1581 2206 veniam
1612 2173 1867 2209 misericorditer
1883 2176 1917 2211 in

1182 2225 1318 2259 Domino
1343 2225 1550 2259 concedimus
1576 2231 1608 2258 et
1631 2225 1846 2269 impartimur.
1879 2227 1918 2260 Et

1183 2278 1335 2321 quoniam
1360 2277 1489 2311 evenire
1513 2283 1621 2321 potest
1644 2284 1678 2311 ut
1707 2290 1743 2312 ex
1769 2279 1833 2321 eis,
1860 2281 1917 2323 qui

1184 2332 1244 2363 hac
1268 2331 1307 2363 de
1332 2333 1429 2363 causa
1453 2330 1512 2363 iter
1537 2331 1679 2373 aggressi
1711 2332 1839 2373 fuerint,
1865 2334 1917 2367 vel

1183 2385 1222 2416 ad
1247 2383 1365 2417 Urbem
1390 2394 1422 2416 se
1449 2385 1656 2425 contulerint,
1678 2385 1776 2429 aliqui
1800 2385 1834 2419 in
1857 2387 1916 2428 via,

1183 2441 1238 2468 3111
1262 2437 1358 2469 etiam
1383 2437 1415 2469 in
1437 2437 1506 2480 ipsa
1530 2437 1624 2479 Urbe,
1642 2439 1757 2476 morbo
1783 2440 1833 2473 vel
1854 2441 1917 2474 alia

1182 2489 1325 2532 legitima
1347 2493 1440 2523 causa
1460 2491 1615 2534 impediti,
1635 2497 1689 2525 aut
1704 2486 1807 2527 morte
1825 2503 1917 2537 prae-

1219 2560 1229 2585 1
1252 2559 1321 2586 Edit.
1342 2560 1421 2588 Main.
1436 2561 1501 2596 legit
1520 2562 1607 2597 [liquo
1626 2564 1663 2598 (n.
1683 2564 1734 2598 Τ.).

1216 2602 1233 2628 2
1251 2602 1320 2629 Edit,
1338 2602 1416 2630 Illaiii.
1433 2605 1498 2640 legit
1514 2607 1717 2636 Latet-ailensis
1730 2608 1772 2643 (R.
1787 2609 1836 2643 T.)-
