2279 3260
17 797 28 815 t·

183 242 232 272 tin.
250 241 279 273 C.
300 241 375 274 1670

217 623 365 647 Transuuipto·

185 656 228 670 rum
245 650 304 669 tides.

207 1894 330 1917 Exordium.

376 296 414 329 de
440 307 505 330 non
528 298 746 331 comedendis
772 299 982 342 indulgentiis
1008 301 1045 332 ad
1065 300 1112 332 in-

374 355 451 390 star,
470 351 607 394 aliisque
634 352 917 385 constitutionibus
935 358 962 385 et
983 353 1111 386 ordina-

373 404 514 436 tionibus
541 404 737 447 apostolicis,
757 416 885 437 necnon
909 406 1057 438 omnibus
1083 412 1112 438 et

373 456 511 499 singulis
538 456 619 496 illis,
648 468 729 499 quae
755 458 786 489 in
819 458 971 500 praetatis
998 458 1112 491 litteris

375 509 563 552 apostolicis
588 520 743 542 concessa
769 516 843 542 sunt
873 521 938 543 non
964 512 1112 551 obstare,

377 562 559 605 ceterisque
585 563 756 595 contrariis
782 563 1052 606 quibuscumque.

422 615 436 657 ξ
466 614 496 647 5.
530 615 681 649 Volumus
715 622 820 648 autem
845 621 880 648 ut
904 617 1045 659 ipsarum
1065 616 1112 648 lit-

378 674 518 701 terarum
536 670 822 713 transumptis,seu
834 670 1001 713 exempliS,
1019 670 1112 702 etiam

376 722 550 764 impressis⁷
570 733 668 754 manu
694 723 832 755 alicuius
855 723 973 755 notarii
994 722 1114 765 publici

376 774 570 817 subscriptis
587 801 594 813 ,
622 781 654 807 et
678 775 786 818 sigillo
812 785 972 818 personae
1008 775 1040 807 in
1066 785 1114 807 ec-

375 827 553 860 clesiastiea
573 827 729 871 dignitate
755 829 949 861 constitutae
969 828 1113 867 munitis,

376 881 490 913 eadem
523 892 656 924 prorsus
689 881 769 914 tides
804 882 1007 922 adhibeatur,
1033 892 1110 924 qua(

374 933 601 976 praesentibus
632 934 844 967 adhiberetur
874 935 898 966 si
935 935 1039 968 forent
1064 944 1111 966 ex-

375 985 497 1019 hibitae
520 987 570 1019 vel
598 992 760 1020 ostensae.

417 1039 530 1071 Datum
555 1040 693 1081 Romae,
713 1041 796 1084 apud
818 1041 849 1073 S.
870 1040 998 1073 Mariam
1019 1040 1115 1073 Maio-

373 1102 450 1133 rem,
469 1092 527 1124 sub
545 1094 664 1126 annulo
678 1093 857 1133 Piscatoris,
877 1093 928 1125 die
945 1104 1016 1126 xxxi
1033 1098 1115 1126 octo-

374 1145 441 1178 bris
466 1155 603 1187 MDchx,
629 1145 833 1191 pontificatus
854 1146 955 1179 nostri
981 1157 1065 1179 anno
1090 1157 1112 1180 1.

432 1250 434 1252 v
777 1209 799 1242 1.
823 1209 859 1242 G.
883 1209 1023 1242 SLcsms.
1047 1203 1052 1208 ⁵

409 1270 467 1297 Dat.
485 1271 530 1297 die
550 1271 584 1298 30
603 1271 724 1298 octobris
742 1271 819 1304 1670,
837 1272 936 1306 pontif.
958 1280 1003 1297 an.
1026 1277 1043 1298 Ι.

409 1332 576 1367 Reyistrata
591 1335 620 1360 in
636 1334 801 1361 Secrelaria
818 1333 903 1360 Brev.
922 1334 951 1359 in
969 1334 1017 1359 lib.
1037 1342 1113 1360 men-

373 1377 413 1404 sis
431 1378 606 1411 novembris,
626 1379 677 1412 fol.
700 1379 761 1405 156.

695 1509 797 1545 XLlll.

375 1591 479 1624 Bulla
493 1591 750 1633 confirmationis
764 1596 792 1625 et
806 1591 1034 1635 ampliationis
1049 1592 1114 1634 pri-

402 1645 597 1688 vileyiorum
615 1645 806 1678 auditorum
822 1646 940 1679 Sacrae
955 1645 1083 1679 Rotae‘.

584 1724 718 1751 clemens
738 1725 907 1759 episcopus,

570 1776 676 1796 servus
691 1777 844 1796 servorum
865 1770 928 1804 Dei,

489 1814 525 1840 ad
545 1817 724 1847 perpetuam
746 1815 791 1841 rei
816 1816 1000 1842 memoriam.

419 1884 558 1917 Romani
576 1884 741 1917 Pontificis
758 1891 913 1918 consueta
929 1885 1114 1929 benignitas

377 1948 422 1978 ea,
443 1948 524 1981 quae
550 1948 609 1980 per
633 1939 902 1981 praedecessores
921 1951 1005 1980 suos,
1024 1951 1114 1983 prac-

375 1990 487 2023 sertim
512 2001 727 2034 personarum
755 2002 819 2024 non
839 1993 943 2024 solum
962 2004 1022 2036 pro
1042 1994 1113 2037 ipso

375 2043 521 2077 Romano
541 2043 705 2084 Pontitice,
722 2045 776 2079 sed
799 2045 894 2077 etiarn
910 2056 969 2089 pro
983 2047 1114 2079 univer-

376 2097 435 2129 sali
450 2096 592 2129 Ecclesia
608 2107 644 2129 ac
661 2097 752 2130 Sedis
768 2098 972 2140 Apostolicae
989 2100 1112 2132 honore

377 2155 409 2182 et
433 2151 581 2193 personis
611 2151 649 2183 ad
678 2150 765 2183 illam
792 2151 825 2183 in
851 2151 919 2184 dies
950 2153 1114 2185 confluen-

377 2202 477 2243 tibus,
503 2202 556 2235 in²
586 2203 710 2235 iustitia
735 2204 988 2237 administranda
1015 2207 1114 2238 conti-

377 2266 459 2289 nuos
474 2261 505 2289 et
516 2256 698 2290 indefessos
713 2258 841 2289 labores
857 2258 1111 2301 impendentium

378 2310 584 2341 commodum
614 2314 646 2341 et
669 2309 839 2342 utilitatem
867 2313 1113 2352 concernentia,

377 2371 533 2394 concessa
555 2366 640 2402 sunt,
665 2368 700 2394 ut
718 2362 807 2395 firma
828 2369 986 2406 perpetuo
1005 2370 1036 2396 et
1052 2364 1115 2397 illi-

375 2415 450 2446 bata
474 2414 660 2461 persistant,
688 2415 831 2448 libenter
848 2418 1017 2460 approbat,
1038 2418 1113 2450 alia-

376 2478 439 2510 que
454 2467 550 2500 etiam
564 2467 644 2510 ipsis
660 2469 809 2501 concedit
821 2475 919 2512 prout
932 2470 963 2502 in
979 2470 1112 2504 Domino

376 2519 552 2553 salubriter
576 2521 734 2564 prospicit
760 2523 926 2565 expedire.
954 2523 1029 2556 Cum
1054 2525 1113 2556 ita-

414 2591 425 2617 1
449 2590 523 2617 Nunc
541 2591 657 2626 primum
677 2592 816 2627 impressa.

413 2636 430 2663 2
443 2637 540 2672 Praep.
558 2637 588 2663 in
604 2645 652 2664 nos
667 2637 789 2665 addimus
802 2640 839 2673 (n.
855 2639 904 2675 12).

1009 245 1152 276 emmens
1175 253 1193 279 x
1217 251 1265 278 1³1³.

1155 311 1215 343 que
1246 301 1387 334 felicium
1424 305 1686 338 recordationum
1715 307 1813 339 lulius·
1848 308 1891 348 ll,

1156 354 1219 387 Leo
1244 355 1281 395 X,
1306 355 1454 388 Clemens
1479 357 1537 396 Vll,
1565 358 1680 390 Paulus
1702 359 1738 391 lll
1766 365 1797 391 et
1818 361 1891 392 Ale-

1155 408 1278 440 xander
1306 408 1355 440 Vll
1382 408 1514 442 Romani
1542 410 1727 451 Pontifices,
1755 414 1891 454 praede-

1157 471 1303 493 cessores
1321 461 1435 501 nostri,
1454 462 1581 495 dilectis
1602 462 1674 494 tiliis
1693 465 1890 506 cappellanis

1158 514 1277 545 nostris
1306 525 1477 547 causarum
1510 515 1619 558 palatii
1645 517 1813 558 apostolici
1840 528 1894 549 au-

1158 566 1372 605 ditoi·ibus,·ac
1387 578 1496 600 eorum
1513 569 1808 601 locumtenentilms
1821 575 1895 602 tune

1158 623 1189 650 et
1215 629 1274 661 pro
1301 625 1447 663 ternpore
1469 621 1694 661 existentibus,
1713 632 1893 665 eorumque

1158 672 1306 713 collegio,
1334 673 1430 705 buius
1450 673 1544 706 Urbis
1566 680 1660 717 atque
1686 675 1768 707 adeo
1794 675 1893 706 totius

1158 724 1326 757 christiani
1352 726 1441 758 orbis
1467 737 1621 770 supremo
1648 727 1821 766 tribunali,
1849 728 1895 760 di-

1158 786 1251 808 versa
1270 779 1436 821 perampla
1453 778 1635 821 pr1vilegia,
1655 779 1895 819 concessiones,

1159 830 1390 871 exemptiones,
1403 832 1625 871 antelationes,
1641 832 1894 875 praerogativas,

1159 880 1336 923 libertates,
1365 882 1542 923 facultates,
1571 885 1688 926 gratias
1714 896 1749 917 ac
1775 886 1897 917 indulta

1158 939 1234 966 tunc
1259 945 1413 978 expressa
1448 936 1589 979 benigne
1618 938 1839 970 concesserint
1865 944 1896 970 et

1158 987 1391 1028 approbarint:

1202 1041 1216 1081 ἓ
1241 1039 1272 1071 1.
1298 1038 1381 1080 Nos,
1409 1041 1593 1075 auditorum
1616 1047 1648 1073 et
1672 1043 1897 1075 locumtenen-
1934 1057 2029 1077 Panum
2047 1064 2091 1078 nm-

1906 1084 1940 1104 uia
1954 1084 2010 1103 dieta
2027 1086 2090 1109 priri-

1159 1090 1236 1123 tium
1262 1092 1517 1135 praedictorum,
1545 1105 1682 1136 quorum
1707 1095 1824 1127 assidui
1851 1097 1895 1127 la—

1157 1143 1256 1177 bores
1282 1145 1427 1188 quotidie
1452 1147 1632 1189 probantur
1657 1153 1688 1179 et
1708 1147 1895 1190 incorrupta

1158 1197 1278 1230 iustitia
1311 1199 1381 1231 orbi
1414 1200 1591 1233 christiano
1623 1201 1747 1241 elucet,
1773 1202 1895 1234 meritis

1159 1250 1377 1293 invigilantes,
1405 1263 1440 1284 ac
1465 1263 1520 1285 eos
1545 1253 1759 1296 amplioribus
1786 1254 1896 1286 favori-

1158 1302 1215 1335 bus
1241 1309 1272 1336 et.
1299 1305 1410 1346 gratiis
1435 1306 1587 1348 prosequi
1608 1307 1768 1347 volentes,
1787 1307 1895 1339 omnia

1158 1362 1189 1388 et
1214 1357 1342 1400 singula
1367 1359 1546 1401 privilegia,
1573 1360 1806 1402 exemptiones,
1840 1372 1896 1392 an-

1157 1411 1343 1451 telationes,
1368 1413 1625 1455 praerogativas,
1652 1414 1893 1454 concessiones,

1157 1464 1287 1505 gratias,
1316 1464 1500 1505 libertates,
1529 1466 1717 1507 facultates,
1743 1466 1869 1499 litterzi's
1887 1493 1894 1507 ,

1155 1527 1191 1549 ac
1216 1516 1341 1550 indulta
1378 1517 1562 1551 huiusmodi
1588 1529 1647 1561 per
1671 1518 1773 1553 dictos
1799 1530 1894 1562 prae-

1157 1570 1348 1603 decessores
1371 1570 1493 1603 eisdem
1510 1571 1712 1604 auditoribus
1730 1577 1762 1604 et
1780 1573 1895 1605 locum-

1156 1623 1353 1663 tenentibus,
1372 1635 1407 1656 ac
1429 1634 1539 1656 eorum
1566 1625 1710 1667 singulis,
1726 1626 1758 1657 in
1776 1636 1894 1667 genere

1156 1677 1205 1709 vel
1231 1676 1263 1708 in
1289 1676 1408 1719 specie,
1426 1687 1588 1717 concessa,
1615 1688 1838 1720 quaecumque
1864 1684 1896 1710 et

1157 1728 1405 1772 qualiacumque
1432 1729 1504 1770 sint,
1531 1740 1566 1762 ac
1591 1729 1821 1772 cuiuscumque
1848 1736 1895 1763 te-

1156 1781 1245 1814 noris
1272 1787 1303 1814 et
1327 1782 1545 1815 continentiae
1564 1783 1710 1823 existant,
1739 1783 1893 1826 quorum¹

1157 1834 1301 1867 omnium
1336 1835 1454 1868 formas
1485 1841 1515 1868 ct
1548 1841 1699 1876 tenores,
1726 1847 1761 1869 ac
1795 1836 1819 1868 si
1855 1838 1894 1869 de

1157 1888 1255 1920 verbo
1273 1888 1311 1920 ad
1336 1889 1469 1920 verbum
1488 1889 1718 1930 insererentur,
1739 1900 1895 1932 praesen-

1156 1941 1242 1973 tibus
1267 1951 1326 1984 pro
1352 1942 1514 1984 expressis
1536 1942 1702 1981 babentes,
1730 1953 1801 1974 cum
1827 1954 1895 1975 om·

1157 1993 1250 2026 nibus
1277 1999 1309 2026 et
1333 1994 1469 2036 singulis
1491 1994 1768 2036 derogationibus,
1785 1996 1895 2028 decre-

1157 2047 1196 2078 tis
1222 2052 1253 2079 et
1278 2046 1431 2079 clausulis
1457 2046 1488 2078 in
1514 2047 1560 2079 eis
1586 2047 1755 2087 contentis,
1777 2048 1809 2080 iu
1827 2060 1894 2081 oni-

1157 2099 1251 2132 nibus
1276 2105 1308 2131 et
1332 2109 1391 2142 per
1415 2099 1533 2139 omnia,
1552 2104 1640 2132 motu
1662 2101 1806 2143 proprio,
1829 2111 1891 2133 non

1157 2152 1195 2184 ad
1222 2152 1365 2194 ipsorum
1396 2152 1579 2185 auditorum
1609 2158 1640 2185 et
1670 2154 1893 2185 locumtenen-

1157 2205 1235 2236 tium
1260 2206 1308 2237 vel
1334 2205 1472 2238 aliorum
1504 2216 1563 2248 pro
1596 2206 1642 2238 eis
1673 2206 1766 2238 nobis
1795 2217 1894 2249 super

1157 2259 1219 2291 hoc
1234 2259 1361 2291 oblatae
1380 2258 1546 2301 petitionis
1567 2259 1760 2297 instantiam,
1779 2260 1833 2291 sed
1853 2260 1891 2292 de

1156 2313 1265 2343 nostra
1282 2313 1368 2343 mera
1385 2312 1627 2352 deliberatione,
1643 2319 1674 2344 et
1690 2316 1776 2345 certa
1794 2313 1892 2345 scien-

1158 2365 1206 2403 tia,
1234 2375 1270 2396 ac
1296 2365 1333 2396 de
1353 2365 1548 2408 apostolieae
1567 2366 1732 2408 potcstatis
1757 2366 1892 2408 plenitu-

1157 2418 1241 2458 dine,
1260 2423 1372 2450 tenore
1394 2419 1611 2461 praesentium
1627 2419 1844 2461 approbanms
1860 2425 1891 2451 et

1156 2471 1391 2509 confirmamus,
1410 2472 1538 2514 illisque
1554 2472 1746 2504 inviolabilis
1765 2478 1890 2515 aposto-

1155 2525 1235 2557 licae
1261 2526 1340 2565 vim,
1366 2525 1467 2558 robur
1491 2530 1522 2557 et
1546 2526 1719 2558 efficaciam
1744 2526 1890 2568 adiungi—

1192 2596 1201 2621 1
1222 2595 1265 2621 Vel
1282 2595 1342 2622 beic
1357 2596 1458 2622 horum
1478 2603 1523 2630 pro
1538 2604 1662 2630 quorum
1678 2596 1830 2629 legendum,
1849 2595 1888 2622 rel

1157 2640 1235 2676 paulo
1251 2644 1311 2675 post
1326 2641 1462 2667 habemus
1477 2650 1524 2674 pro
1540 2641 1674 2668 habentes
1688 2648 1726 2675 tlt.
1743 2642 1790 2674 T.).

1789 249 1852 283 tao
1900 261 1948 286 Αη.
1967 260 1994 287 c.
2017 257 2089 288 1070

1907 1111 1963 1134 tegna
1974 1114 2030 1130 motu
2045 1117 2091 1136 pro-

1906 1137 1952 1162 priu
1964 1138 2080 1159 confirmat.
