2279 3260
227 323 275 347 An.
297 322 323 347 C.
348 323 408 348 ttl'll

265 1332 362 1357 Exempla
383 1337 413 1352 ΓΘ-

232 1358 334 1379 feruutur.

258 2282 308 2301 Eius
319 2280 419 2300 concives

236 2311 356 2327 &antevortit
390 2313 407 2325 11

237 2337 278 2353 iam
291 2334 417 2359 amplectun-

237 2363 276 2381 tur.

459 313 522 346 ῡ,210

422 371 652 404 conversiones
679 372 803 405 scilicet
828 376 1055 415 peccatorum,
1077 379 1159 412 quae

422 434 439 455 a
464 424 528 456 Deo
552 425 702 467 precibus
733 425 826 457 liuius
850 423 983 466 virginis
1008 423 1159 455 obtentae

422 475 565 517 insignes
591 478 731 509 fuerunt.
760 477 804 509 Ad
831 477 933 509 solum
955 474 1040 507 enim
1066 473 1161 516 virgi-

423 529 474 561 nei
490 530 671 573 corpusculi
684 534 866 562 contactum
881 528 912 560 in
925 528 1043 559 feretro
1055 537 1160 569 quam-

423 582 554 625 plurimi
588 582 765 625 repentinis
804 579 1065 623 compunctionis
1106 578 1161 611 sti-

424 634 518 667 mulis
540 634 582 667 ita
607 635 696 666 fuere
716 633 867 676 perculsi,
886 638 920 664 ut
941 631 1048 664 statim
1068 631 1161 664 elatis

424 686 555 718 vocibus
589 686 737 718 detestati
774 684 892 717 fuerint
930 694 987 716 sua
1017 684 1158 722 scelera,

423 744 673 783 prorumpentes
694 738 725 770 iu
752 739 965 781 lacrymosam
990 735 1161 768 criminum

423 791 672 829 confessionem,
690 790 852 829 audiente,
873 793 1040 832 spectante
1059 793 1089 821 et
1105 787 1163 820 mi-

424 849 515 876 rante
534 843 670 875 maxima
688 842 962 875 circumstantium
981 841 1083 873 turba.
1102 841 1163 872 Ma-

424 902 474 929 ter
495 896 640 938 virginis,
661 895 757 927 Maria
779 895 817 927 de
840 894 939 936 Oliva,
956 905 1065 926 coram
1084 893 1164 925 iudi-

424 948 514 981 cibus
530 948 692 981 recensuit
714 952 785 990 post
806 947 959 990 exequias
974 946 1058 979 filiae
1076 956 1163 979 com-

423 1003 535 1044 plures
555 1001 592 1033 ad
611 1011 644 1033 se
664 1001 796 1033 devotas
814 999 988 1032 accessisse
1006 1009 1162 1042 personas

425 1055 519 1087 etiam
554 1053 723 1096 religiosas
755 1058 850 1085 antea
880 1052 1006 1095 ignotas
1038 1051 1163 1084 liberali

425 1107 570 1140 subsidio
597 1117 687 1138 suam
713 1111 889 1148 egestatem
911 1105 1116 1137 sublevantes
1134 1108 1165 1136 et

425 1159 617 1204 profitentes
651 1170 685 1191 50
720 1159 838 1190 tributa
872 1158 1015 1201 pendere
1049 1156 1163 1199 virgini

427 1213 544 1252 Rosae,
569 1211 657 1244 cuius
674 1210 963 1243 intercessionibus
980 1210 1061 1242 vitae
1087 1220 1164 1241 suae

427 1267 583 1309 optimam
600 1265 812 1297 mutationem
832 1265 949 1297 debere
969 1263 1125 1296 sciebant.

470 1320 484 1361 g
509 1318 562 1351 48.
591 1318 859 1350 Bartholomaeus
884 1316 1165 1358 Martinez‚quon-

427 1373 499 1404 dam
514 1371 608 1403 huius
628 1370 759 1412 virginis
778 1369 1006 1409 confessarius,
1026 1380 1061 1401 ex
1080 1370 1166 1400 certa

426 1424 560 1457 scientia
595 1423 721 1466 aperuit
757 1423 789 1454 in
825 1421 964 1466 iudicio,
996 1422 1166 1464 quemdam

425 1478 617 1521 profligatae
650 1476 730 1508 vit-‘ic
766 1475 952 1515 hominem,
979 1474 1167 1517 longissima

426 1539 583 1562 annorum
610 1529 692 1561 serie
718 1527 876 1570 sacrilege
910 1528 1167 1570 frequentantem

425 1588 637 1622 sacramenta,
656 1582 759 1613 Rosae
778 1580 841 1613 iam
868 1582 1040 1613 tumulatae
1065 1581 1168 1623 preci-

425 1636 484 1668 bus
512 1635 771 1667 commendatum
798 1633 904 1673 fuisse,
922 1639 953 1665 et
978 1644 1050 1666 mox
1076 1633 1167 1665 illum

426 1688 564 1721 sensisse
592 1687 718 1719 divinae
746 1687 868 1726 maitiae
894 1686 1085 1727 motionem,
1106 1697 1167 1729 qua

427 1751 483 1774 cor
509 1741 579 1773 cius
605 1741 788 1782 liquescens
809 1740 996 1781 generalem
1016 1739 1168 1771 1011115νί-

427 1787 478 1826 lae
501 1792 753 1835 exomologesim
782 1792 980 1824 amarissime
1010 1791 1165 1835 perfecit,

428 1851 460 1878 et
477 1846 557 1878 adeo
580 1843 810 1878 conscientiam
836 1843 905 1876 eius
928 1843 1025 1876 timor
1041 1843 1167 1876 Domini

426 1897 592 1942 pervasit,
630 1902 666 1929 ut
704 1897 910 1939 postmodum
947 1906 1166 1939 quoscumque

429 1951 575 1985 defectus
602 1954 765 1992 tamquam
792 1949 989 1992 pergrandes
1019 1959 1167 1982 excessus

429 2005 538 2035 eluere
552 2002 730 2034 festinaret.
748 2001 878 2033 Constat
897 2001 992 2034 etiam
1006 2002 1084 2033 duas
1099 2012 1169 2044 pro-

430 2057 546 2088 brosae
570 2055 651 2086 vitae
678 2053 875 2097 peccatrices
890 2054 929 2086 ad
954 2054 1056 2086 Rosae
1074 2054 1168 2086 liuius

429 2108 626 2141 odoriferam
664 2108 778 2139 samam
818 2112 1025 2150 compunctas
1060 2107 1168 2150 iugum

430 2160 625 2205 impuritatis
640 2159 781 2193 feliciter
799 2160 979 2192 excussisse
994 2159 1070 2192 etin
1089 2161 1168 2193 calle

429 2214 555 2246 virtutis
582 2217 770 2245 constanter
787 2211 891 2243 fixisse
914 2212 1042 2254 pedem.

475 2266 568 2310 gliti.
596 2266 763 2298 Limenses
799 2270 831 2297 et
866 2265 918 2297 alii
955 2265 987 2296 in
1020 2265 1170 2298 universa

432 2322 577 2353 Pei-uana
596 2319 728 2361 regione
747 2318 986 2350 sacramentalis
1003 2319 1170 2361 poeniten-

434 2380 494 2405 tiae
512 2372 657 2411 ministri,
672 2371 917 2407 communicatis
928 2371 1065 2409 indiciis,
1078 2382 1169 2414 genc-

431 2427 525 2458 ratim
553 2430 706 2468 stupuere
734 2425 771 2457 de
794 2426 879 2456 tanta
904 2424 1079 2457 mutatione
1105 2435 1171 2457 mo-

432 2491 503 2512 rum
518 2480 549 2511 in
567 2480 689 2521 populo
708 2489 724 2510 a
743 2477 793 2509 die
826 2488 887 2520 qua
903 2478 987 2510 Rosa
1006 2478 1037 2510 in
1058 2478 1168 2521 sponsi

431 2534 478 2566 sui
497 2533 646 2577 paradiso
668 2536 796 2574 recepta
821 2531 897 2571 fuit;
925 2543 998 2564 nam
1023 2532 1169 2565 certatim

433 2586 594 2625 feminae,
622 2585 748 2618 abiecto
780 2584 915 2618 vestium
940 2586 1026 2626 luxu,
1048 2586 1171 2629 simpli-

433 2639 528 2673 cioris
553 2639 728 2673 modestiae
759 2638 902 2671 habitum
933 2639 1054 2683 ubique
1086 2650 1170 2672 sum-

434 2700 590 2740 pserunt,
625 2693 820 2737 regularium
858 2694 994 2726 claustra
1029 2693 1169 2727 cruentis

1002 322 1099 346 nULLA
1105 323 1179 345 RH'M
1204 321 1268 345 ROM
1276 320 1355 347 lNUM

1941 324 1993 350 An.
2014 323 2044 351 C.
2065 324 2127 352 1671

1203 369 1530 411 ssagellorumietibus
1543 372 1688 415 undique
1696 371 1938 414 poenitentiam

1203 422 1413 455 resonabant.
1436 424 1572 467 Fuitque
1591 429 1652 456 tam
1678 424 1809 467 publice
1827 429 1939 457 notum

1204 475 1267 507 1100
1291 475 1496 518 prodigium,
1521 481 1557 508 ut
1581 477 1613 509 in
1638 476 1792 509 tribunali
1817 476 1940 509 iureiu-

1204 527 1306 559 rando
1329 533 1487 561 assertum
1513 529 1630 569 fuerit,
1658 540 1675 561 a
1700 534 1847 572 tempore
1874 540 1938 572 quo

1203 579 1337 611 Peruvia
1357 579 1475 612 nostris
1501 581 1628 614 detecta
1653 580 1719 621 fuit,
1740 581 1864 613 nullum
1880 591 1940 613 un-

1204 641 1298 673 quam
1327 630 1369 663 ibi
1395 631 1547 665 claruisse
1573 632 1835 665 concionatorem
1851 659 1858 673 ‚
1885 632 1938 675 qui

1204 688 1253 715 tot
1274 694 1311 716 ac
1328 683 1424 716 tantis
1441 684 1580 717 stimulis
1598 689 1710 727 gentes
1727 685 1797 717 illas
1818 684 1941 717 adwir-

1205 739 1305 768 tutem
1324 736 1490 780 impulerit
1507 741 1538 769 et
1554 741 1618 769 tam
1635 737 1848 770 universalem
1867 748 1943 781 poe-

1204 787 1357 821 nitentiae
1389 789 1537 832 spiritum
1564 794 1596 821 et
1620 789 1799 823 devotionis
1833 790 1944 822 incen-

1206 840 1293 873 dium
1310 841 1466 881 excitarit,
1485 847 1519 874 ut
1544 841 1629 875 Rosa
1653 842 1720 875 suis
1744 842 1941 886 aspectibus,

1205 893 1406 927 contactibus
1424 899 1456 926 et
1474 894 1638 937 precibus.

1249 947 1263 989 ἓ
1287 946 1340 979 50.
1368 947 1538 979 Francisco
1565 952 1596 979 et
1619 947 1803 979 Alexandro
1830 947 1868 980 de
1885 947 1944 980 Co·
1967 988 1970 992 ⁴
1989 962 2035 982 nia
2051 967 2138 982 convor-

1205 1000 1290 1033 loma
1314 1000 1475 1043 germanis
1500 1000 1650 1032 fratribus
1675 1004 1851 1032 matertera
1875 994 2036 1042 eratfflffum
2068 994 2138 1009 mm*

1206 1053 1303 1086 Maria
1335 1054 1374 1086 de
1406 1053 1511 1086 Xuara
1543 1053 1660 1086 mulier
1689 1054 1860 1097 opulenta,
1886 1054 1945 1086 sed

1208 1106 1313 1138 animo
1338 1105 1589 1149 implacabiliter
1608 1105 1641 1138 in
1662 1111 1817 1148 cognatos
1837 1116 1947 1149 quam-

1206 1159 1252 1191 vis
1277 1159 1502 1202 pauperrimos
1535 1160 1668 1192 adverso
1700 1164 1731 1191 et
1759 1158 1944 1202 implicato,

1208 1222 1343 1254 quorum
1361 1212 1483 1255 primus
1509 1213 1615 1245 alebat
1632 1212 1699 1244 suis
1720 1211 1875 1254 impensis
1890 1222 1947 1245 sex

1208 1265 1421 1298 consobrinas
1454 1271 1485 1297 et
1518 1266 1599 1297 duos
1630 1264 1859 1298 consobrinos.
1886 1264 1948 1297 lm-

1208 1317 1371 1360 pendebat
1386 1317 1515 1360 utrique
1536 1316 1716 1350 necessitas
1737 1316 1948 1360 proficiscen-

1209 1370 1241 1402 di
1266 1374 1297 1402 01
1333 1369 1538 1413 relinquendi
1570 1371 1719 1413 parvulos
1753 1369 1786 1402 in
1820 1371 1947 1402 summa

1210 1428 1366 1466 egestate.
1379 1423 1569 1456 Franciscus
1584 1423 1733 1456 sacerdos
1747 1427 1824 1464 erat,
1843 1423 1948 1456 Rosae

1210 1476 1425 1520 patrocinium
1435 1477 1598 1520 implorat,
1610 1475 1766 1519 postridie
1775 1480 1949 1509 matertera

1211 1530 1300 1563 illum
1321 1529 1466 1569 accersit,
1484 1540 1580 1573 quem
1598 1535 1666 1562 toto
1691 1529 1802 1562 decem
1828 1534 1858 1562 et
1875 1534 1949 1562 octo

1211 1593 1370 1615 annorum
1387 1582 1489 1625 spatio
1505 1582 1617 1615 videre
1643 1583 1810 1622 abnuerat,
1835 1592 1951 1615 conso-

1210 1635 1320 1668 brinos
1345 1635 1549 1669 calamitosos
1574 1635 1664 1668 iubet
1688 1635 1814 1675 adduci,
1831 1639 1863 1668 et
1887 1635 1945 1667 ad-

1210 1694 1321 1721 vocato
1336 1688 1471 1729 notario,
1493 1688 1631 1725 rescisso
1647 1687 1747 1731 priori
1770 1687 1950 1720 inofficioso

1212 1747 1416 1783 testamento,
1432 1740 1800 1784 gratificatoFraneisco‚
1812 1740 1952 1773 instituit

1210 1795 1360 1838 parvulos
1389 1793 1604 1827 consobrinos
1631 1804 1666 1826 ex
1692 1803 1763 1826 asse
1777 1793 1949 1834 haeredes,

1211 1852 1241 1880 et
1258 1847 1363 1880 Rosae
1381 1847 1509 1880 debitae
1528 1851 1632 1889 grates
1649 1847 1888 1889 persolvuntur.

1255 1901 1269 1943 ἓ
1295 1900 1346 1933 51.
1374 1900 1533 1933 Ludovica
1550 1900 1653 1932 Barba
1677 1899 1824 1933 audierat
1840 1909 1857 1931 a
1873 1909 1950 1932 con·
1982 1911 2144 1932 Etusvatirinia

1213 1953 1345 1986 fessario
1358 1953 1474 1986 Rosam
1488 1953 1692 1985 vaticinatam
1707 1952 1805 1984 fuisse
1819 1962 1853 1984 se
1867 1938 2116 1985 asse-⁰⁰¹¹s's¹¹¹³¹¹m‘'

1212 2012 1355 2039 caturam
1370 2006 1515 2038 habitum
1529 2005 1719 2048 religiosum
1733 2005 1833 2037 sancti
1848 2005 1949 2037 Domi-

1212 2058 1286 2099 nici,
1312 2069 1406 2102 quem
1433 2058 1502 2101 ipsa
1527 2058 1750 2097 horrescebat,
1774 2057 1827 2090 diu
1860 2058 1949 2100 parvi

1213 2112 1287 2145 fecit
1313 2112 1432 2144 dictum
1452 2110 1602 2153 virginis,
1628 2111 1693 2143 imo
1719 2111 1950 2143 adversabatur

1213 2170 1363 2198 eventum
1381 2165 1476 2197 huius
1495 2165 1631 2205 oraculi,
1652 2165 1782 2196 tandem
1800 2163 1948 2197 caelestis

1214 2217 1385 2260 religiosae
1410 2217 1492 2249 vitae
1518 2217 1686 2260 inspiratio
1716 2228 1783 2249 eam
1808 2216 1948 2257 invasit,

1214 2271 1313 2303 Rosae
1329 2272 1513 2313 sepulcrum
1527 2270 1614 2310 adiit⁷
1630 2270 1658 2302 ei
1673 2280 1801 2302 causam
1815 2271 1948 2313 supplex

1213 2323 1430 2363 commendat,
1445 2328 1579 2365 repente
1598 2322 1683 2355 illius
1702 2322 1791 2355 cordi
1811 2322 1948 2365 ignitum

1213 2377 1294 2408 sacri
1318 2376 1444 2409 habitus
1463 2376 1660 2409 dominicani
1682 2375 1878 2409 desiderium
1897 2376 1948 2408 im-

1213 2429 1359 2471 mittitur,
1374 2430 1406 2462 in
1425 2440 1593 2462 numerum
1612 2440 1774 2462 sacrarum
1792 2429 1949 2462 tertiaria-

1214 2494 1285 2516 rum
1303 2483 1503 2523 adscribitur,
1519 2483 1633 2515 divinis
1652 2483 1776 2516 solatiis
1792 2483 1948 2525 repletur,

1215 2537 1276 2569 hoc
1293 2547 1393 2568 unum
1411 2537 1525 2569 dolens
1543 2536 1626 2579 quod
1646 2536 1765 2568 tamdiu
1784 2537 1880 2569 corde
1899 2536 1950 2568 ol)-

1213 2589 1330 2621 stinato
1357 2594 1476 2621 tantam
1503 2589 1688 2621 felicitatem
1714 2588 1902 2632 respuisset..

1257 2643 1271 2685 g
1297 2641 1349 2673 5⁶2.
1378 2642 1535 2674 Ludovica
1560 2643 1598 2674 do·
1625 2642 1780 2674 ltlcudoza
1804 2641 1948 2674 encomia
1974 2665 2083 2685 1„,.„„„„
2095 2671 2142 2686 m-

1213 2695 1390 2728 sanctitatis
1431 2695 1526 2727 liuius
1559 2694 1691 2738 virginis
1723 2705 1783 2727 nec
1814 2694 2054 2728 01·edere⁶²·¹“¹²¹⁰
2072 2693 2142 2714 “⁰⁵³⁶
