2279 3260
160 272 211 295 Αιι.
233 270 262 294 (3.
281 270 347 295 1672

189 1645 272 1664 Potitio.

185 2434 278 2452 Pontia-z
290 2440 348 2459 prae-

166 2461 207 2480 saia
219 2461 296 2480 tridulfi.
305 2460 348 2479 ¹310·-

167 2489 242 2505 ιιικιιίις
264 2486 308 2506 Vlll
329 2495 338 2504 ν

167 2513 224 2532 Pauli
233 2513 246 2531 V
256 2512 349 2532 exten-lit

166 2539 191 2558 ad
223 2539 290 2559 numia
314 2539 346 2558 th·

165 2570 286 2590 spautatunl
319 2571 349 2586 re·

167 2597 213 2617 W*

980 268 1121 292 (tttzruiirx's

351 318 382 350 in
409 329 520 351 corum
554 323 585 349 et,
619 328 692 349 suae
730 316 886 350 ecclcsiae
912 318 1081 349 flomelien-

351 370 393 401 sis
412 376 583 413 patronum
601 371 821 411 agnoscebant
838 375 870 401 ct
890 370 1087 401 veneraban-

354 428 414 460 tur,
431 433 467 454 ae
488 422 572 454 illius
590 421 759 464 proprium
780 421 921 453 officium
942 421 992 453 die
1008 422 1087 453 festo

352 475 452 518 ipsius
477 475 510 506 Β.
538 473 650 506 Iuliani
684 479 715 506 et
739 485 796 516 per
821 479 916 506 totam
944 478 1088 506 octavam

351 528 497 559 eiusdem
516 527 586 559 festi
605 527 637 558 in
651 526 779 559 civitate
795 531 826 559 et
844 526 983 559 dioecesi
1002 537 1090 569 prae-

352 579 445 612 dietis
471 579 599 611 recitari
626 584 657 611 et
681 579 838 612 celebrari
859 590 953 622 posse
979 578 1090 621 cupie-

352 632 445 664 bant:
472 631 575 663 dictus
608 631 723 664 Paulus
757 631 990 674 praedecessor
1022 630 1091 663 offi-

352 683 436 715 cium
463 685 643 726 praefatum
660 694 732 715 cum
751 683 819 716 eius
842 686 953 715 octava
971 683 1002 714 in
1020 683 1089 715 eius

352 737 469 769 litteris
495 736 661 776 insertum,
680 737 765 780 qnod
784 748 801 769 a
819 736 1002 770 memoratis
1022 746 1090 768 car—

353 788 518 821 dinalibus
544 789 760 831 approbatum
780 789 894 829 suerat,
912 789 951 821 de
968 798 1090 820 eorum-

353 842 426 875 dem
444 842 655 874 cardinalium
680 841 830 881 consilio,
851 841 934 874 dicta
954 840 1091 873 auctori-

355 898 419 926 tate
445 899 603 936 perpetuo
620 893 821 926 confirmavit
839 899 869 926 et
888 893 1089 936 approbavit,

353 951 453 989 utque
472 946 504 978 in
523 946 649 978 civitate
677 951 709 978 et
741 946 880 979 dioecesi
906 946 1089 979 Concbensi

354 998 394 1030 ab
419 999 574 1041 episcopo
599 1004 631 1030 et
655 999 796 1041 capitulo
833 1010 869 1031 ae
903 1003 970 1031 toto
1000 999 1089 1031 clero

355 1050 511 1082 eeclesiae
530 1055 561 1082 et
579 1050 752 1083 dioecesis¹
767 1050 968 1083 Conchensis
986 1050 1091 1082 liuius-

354 1103 442 1135 modi
468 1103 596 1136 recitari
628 1109 659 1136 et
687 1104 844 1136 celebrari
877 1108 987 1147 posset
1014 1114 1091 1137 con-

355 1155 450 1188 cessit
475 1156 596 1198 pariter
616 1162 646 1189 et
672 1157 821 1197 indulsit3
841 1163 872 1190 et
890 1158 976 1196 alias,
993 1163 1091 1201 prout

354 1208 386 1241 in
411 1210 598 1242 eorumdem
629 1209 802 1243 Clementis
828 1217 859 1243 et
883 1211 972 1243 Pauli
999 1221 1091 1253 prae-

354 1261 562 1294 decessorum
577 1261 692 1295 litteris
708 1263 1003 1306 (lesuperinf01·ma
1018 1264 1092 1295 Bre-

354 1314 399 1346 vis
425 1314 476 1346 die
501 1324 580 1347 xvni
606 1316 748 1348 octobris
775 1326 891 1349 noxfflv
909 1321 940 1348 et
965 1316 1016 1349 die
1041 1327 1089 1349 xm

354 1366 428 1398 maii
455 1377 579 1400 nncxni
605 1368 782 1410 respective
810 1368 987 1410 expeditis,
1015 1379 1092 1411 qua-

356 1430 424 1451 rum
458 1411 586 1452 tenores
607 1421 831 1463 praesentibus
852 1432 912 1464 pro
938 1422 1033 1464 plene
1060 1428 1091 1455 et

355 1472 551 1505 sufficienter
587 1474 750 1516 expressis
783 1486 819 1506 ac
856 1475 894 1508 de
920 1476 1019 1507 verbo
1053 1476 1089 1508 ad

354 1526 486 1557 verbum
505 1526 634 1558 insertis
654 1527 765 1559 baberi
783 1528 940 1569 volumus,
957 1527 1090 1560 uberius
1113 1521 1114 1560 ἶ

355 1579 553 1611 continetur.

399 1633 414 1675 ἓ
438 1632 469 1664 4.
492 1632 568 1665 Cum
587 1638 703 1673 autem,
721 1634 804 1666 sicut
821 1634 959 1666 dilectus
981 1639 1092 1667 noster

355 1686 492 1718 Ioannes
512 1686 688 1718 Everardus
707 1687 851 1719 eiusdem
873 1688 901 1719 S.
921 1687 943 1718 R
974 1687 1008 1719 E.
1028 1698 1092 1719 car-
1112 1695 1113 1699 ¹

355 1738 472 1771 dinalis
497 1738 681 1771 Nidbardus
706 1745 909 1781 nuncupatus
935 1739 1091 1772 carissimi

353 1791 385 1823 in
407 1791 535 1823 Christo
556 1791 611 1824 lilii
629 1791 732 1824 Caroli
754 1792 979 1834 Hispaniarum
1005 1793 1089 1835 regis

353 1843 504 1876 catholici
530 1844 661 1876 nomine
686 1844 779 1876 nobis
805 1855 908 1887 nuper
932 1845 1090 1887 exposuit,

355 1902 418 1928 tam
444 1897 512 1939 ipse
538 1896 670 1929 Carolus
693 1907 757 1935 rex,
778 1908 872 1940 quam
894 1908 1006 1930 omnes
1026 1899 1091 1930 fere

354 1949 556 1982 venerabiles
578 1949 691 1981 fratres
717 1950 955 1993 archiepiscopi
977 1956 1007 1982 et
1024 1951 1091 1993 epi-

356 2001 468 2045 scopi,
498 2012 534 2034 ac
560 2001 668 2034 dilecti
695 2002 751 2034 filii
776 2003 915 2046 capitula
939 2003 1091 2046 plurima-

356 2065 427 2086 rum
453 2055 671 2093 eeclesiarum,
693 2066 820 2088 necnon
846 2056 1092 2088 communitates

356 2111 388 2140 et
408 2107 559 2139 homines
585 2108 816 2151 plerarumque
841 2108 1005 2141 civitatum
1043 2120 1092 2141 re—

355 2170 492 2202 gnorum
514 2160 761 2202 Hispaniarum,
791 2161 845 2204 pio
871 2172 947 2203 erga
970 2173 1093 2195 memo-

356 2218 461 2245 ratum
487 2219 631 2246 sanctum
656 2214 814 2247 Iulianum
840 2215 1022 2248 devotionis
1050 2217 1092 2249 af-

356 2267 439 2298 fectu
466 2266 573 2306 ducti,
599 2267 723 2300 indulta
751 2269 896 2311 praefata
920 2269 959 2301 ad
985 2269 1093 2302 omnia

357 2319 585 2362 Hispaniarum
617 2330 717 2362 regna
745 2321 931 2354 huiusmodi
964 2322 1092 2355 extendi

359 2383 564 2414 summopere
590 2373 816 2406 desiderent²z

403 2425 417 2468 g
443 2424 473 2457 5.
490 2425 563 2464 Nos,
583 2425 729 2459 eiusdem
744 2427 803 2469 piis
817 2427 921 2460 Caroli
939 2428 1023 2470 regis
1041 2439 1094 2461 vo-

1109 528 1117 545 μ

1765 257 1827 290 53:37

1130 325 1230 346 nuere
1255 314 1436 357 cupientes,
1464 314 1628 355 dictosque
1655 314 1867 356 arehiepisco—

1131 377 1209 408 pos,
1236 366 1409 409 episcopos
1435 372 1466 397 ct
1491 366 1631 408 capitula
1668 371 1699 397 ct
1725 377 1867 397 cominu-

1132 419 1248 451 nitates
1267 424 1299 452 et
1318 419 1467 451 homines
1486 418 1680 461 specialibus
1708 418 1866 450 favor-ibn>¹

1132 477 1164 503 et
1187 472 1298 514 gratiis
1320 472 1473 515 prosequi
1505 473 1671 510 volentes,
1699 476 1730 503 et
1755 482 1866 503 eorum

1132 524 1313 567 singulares
1337 535 1494 568 personas
1511 536 1528 557 a
1554 524 1716 566 quibusvis
1742 534 1869 556 excom-

1132 577 1372 618 municationis,
1391 576 1613 620 suspensionis
1638 582 1670 609 et
1694 576 1868 616 interdicti,

1133 629 1269 672 aliisque
1296 630 1523 663 ecclesiasticis
1547 629 1728 668 sententiis,
1756 640 1870 661 cst-nsu-

1134 682 1177 714 ris
1197 688 1229 715 et
1250 683 1372 725 poenis,
1389 694 1406 715 a
1424 683 1492 715 iure
1508 683 1557 715 vel
1579 682 1618 714 ab
1637 682 1778 721 bomine,
1796 693 1870 724 qua-

1133 734 1178 766 vis
1204 735 1373 767 occasione
1401 736 1449 767 vel
1476 737 1571 767 causa
1596 735 1676 774 latis,
1703 735 1728 766 si
1755 734 1870 777 quibus

1134 788 1380 829 quomodolibet
1394 787 1584 820 innodatae¹
1604 787 1757 827 existunt,
1773 788 1811 819 ad
1826 788 1871 819 ef-

1134 840 1248 872 fectum
1263 840 1481 882 praesentium
1496 841 1661 873 dumtaxat
1674 851 1872 883 consequen-

1134 893 1218 931 dum,
1238 893 1351 925 barum
1375 893 1460 926 serie
1486 894 1703 932 absolventes,
1722 898 1754 925 et
1778 893 1872 925 abso-

1134 945 1241 977 lutas²
1266 946 1332 977 fore
1358 951 1548 984 censentes,
1575 945 1872 988 supplieationilms

1134 997 1268 1040 praefati
1295 997 1422 1029 Ioannis
1447 998 1600 1030 Ererardi
1625 998 1799 1030 cardinalis
1816 1008 1872 1030 no-

1133 1049 1182 1081 bis
1207 1059 1305 1092 super
1321 1050 1385 1082 boc
1402 1049 1571 1082 humiliter
1595 1050 1753 1092 porrectis
1779 1050 1872 1083 incli-

1134 1103 1218 1143 nati,
1253 1103 1292 1135 de
1318 1102 1549 1135 venerabilium
1587 1103 1720 1135 fratrum
1745 1109 1872 1136 nostro-

1135 1166 1204 1187 rum
1240 1155 1271 1188 S.
1305 1155 1341 1187 R.
1376 1155 1410 1187 E.
1450 1156 1616 1198 praefatae
1660 1155 1873 1188 cardinalium

1134 1208 1232 1241 sacris
1267 1208 1383 1240 ritibus
1425 1208 1685 1251 praepositorum
1720 1209 1870 1249 consilio,

1134 1260 1269 1301 indulta,
1296 1261 1403 1304 quoad
1421 1261 1577 1293 orationis
1598 1260 1748 1303 propriae
1771 1266 1804 1293 et
1828 1263 1874 1294 le-

1135 1313 1277 1346 ctionum
1305 1325 1341 1346 ac
1365 1314 1459 1346 officii
1480 1313 1511 1346 S.
1531 1313 1644 1346 Iuliani
1671 1324 1741 1345 cum
1762 1316 1874 1347 octava

1136 1367 1320 1400 huiusmodi
1352 1367 1577 1400 recitationem
1613 1372 1645 1399 et
1674 1367 1870 1400 celebratio-

1135 1430 1208 1452 nem
1234 1420 1423 1462 respective,
1443 1425 1507 1453 tam
1538 1420 1588 1453 die
1618 1421 1699 1454 festo
1729 1420 1873 1453 eiusdem

1146 269 1161 291 X
1188 269 1234 290 [Ψ.

1113 1509 1114 1512 ¹
1135 1473 1165 1505 S.
1194 1473 1320 1513 Iuliani,
1354 1484 1449 1516 quam
1475 1473 1526 1506 die
1552 1473 1872 1506 commemorationis

1136 1526 1234 1565 illius,
1255 1527 1407 1569 episcopo
1438 1531 1469 1559 et
1500 1526 1643 1569 capitulo
1676 1533 1708 1558 et
1727 1527 1814 1559 clero
1835 1527 1874 1558 ci-

1135 1578 1240 1611 vitatis
1264 1584 1304 1611 'et
1335 1579 1494 1612 dioecesis
1529 1579 1729 1612 Conchensis
1758 1590 1774 1611 a
1807 1590 1874 1611 me-

1136 1632 1271 1665 moratis
1290 1632 1454 1665 Clemente
1473 1638 1504 1665 et
1518 1632 1616 1665 Paulo
1639 1633 1874 1675 praedecesse-

1136 1685 1225 1718 ribus
1249 1696 1413 1724 concessa,
1434 1690 1469 1716 ut
1493 1685 1685 1728 praefertur,
1707 1685 1745 1717 ad
1766 1685 1873 1717 omnia

1112 1746 1113 1774 ἕ
1135 1742 1166 1770 ct
1189 1738 1317 1780 singula
1350 1738 1576 1780 Hispaniarum
1615 1748 1722 1780 regna,
1749 1740 1873 1770 servata

1112 1814 1113 1826 2
1137 1797 1243 1824 tamen
1268 1792 1435 1834 ceteroqui
1455 1791 1633 1824 litterarum
1656 1792 1872 1834 praefatarum

1135 1845 1311 1887 respective
1332 1845 1430 1877 forma
1456 1850 1487 1877 et
1511 1844 1734 1887 dispositione,
1761 1845 1872 1876 eadem

1134 1898 1333 1938 auctoritate,
1354 1903 1465 1930 tenore
1479 1898 1711 1940 praesentium,
1729 1897 1872 1929 extendi-

1135 1961 1203 1982 mus
1229 1956 1261 1983 et
1284 1951 1487 1993 ampliamus.

1177 2000 1235 2043 §67
1252 2001 1467 2033 Decernentes
1480 2001 1607 2033 easdem
1623 2006 1811 2043 praesentes
1825 2001 1870 2033 lit-

1136 2059 1218 2086 teras
1236 2064 1364 2096 semper
1387 2054 1511 2093 firmas,
1533 2053 1653 2086 validas
1674 2059 1706 2086 et
1726 2054 1870 2086 efficaces

1112 2099 1274 2147 {existere
1301 2111 1333 2140 et
1358 2107 1447 2146 fore,
1474 2109 1616 2149 suosque
1648 2107 1813 2149 plenarios
1840 2113 1872 2139 et

1113 2200 1114 2204 Ἰ
1134 2161 1278 2203 integros
1303 2159 1434 2193 effectus
1460 2160 1568 2193 sortiri
1595 2165 1627 2192 et
1651 2160 1812 2199 obtinere,
1836 2171 1873 2192 ac

1135 2213 1216 2252 illis,
1244 2214 1282 2245 ad
1308 2224 1387 2256 quos
1421 2218 1545 2256 spectat
1571 2218 1602 2245 et
1632 2223 1690 2256 pro
1726 2219 1871 2256 uffinpore

1136 2265 1407 2308 quandocumque
1432 2265 1603 2309 spectabit,
1623 2265 1655 2297 in
1673 2265 1822 2297 omnibus
1842 2270 1873 2297 et

1136 2329 1194 2361 per
1219 2319 1326 2351 omnia
1346 2318 1534 2361 plenissime
1552 2317 1717 2360 suffragari
1735 2345 1742 2357 ,
1761 2318 1871 2360 sicque

1114 2406 1115 2410 ,
1136 2371 1168 2403 in
1194 2371 1380 2415 praemissis
1412 2381 1471 2414 per
1503 2381 1722 2413 quoscumque
1748 2370 1870 2402 iudices

1137 2423 1318 2458 ordinarios
1344 2428 1376 2456 et
1399 2424 1574 2465 delegatos,
1594 2423 1690 2455 etiam
1704 2433 1873 2454 causarum

361 2478 399 2509 tis
418 2478 477 2510 bac
495 2478 526 2509 in
549 2488 581 2509 re
607 2484 763 2520 quantum
781 2490 851 2512 cum
868 2480 1004 2513 Domino
1023 2492 1095 2524 pos·
1113 2475 1115 2496 ¹
1138 2477 1250 2521 palatii
1279 2477 1447 2520 apostolici
1472 2477 1648 2516 auditores,
1665 2487 1701 2509 ac
1726 2476 1756 2508 S.
1780 2476 1816 2507 P..
1837 2476 1870 2507 E.

360 2541 471 2562 sumus
498 2535 632 2572 paterno
658 2530 770 2563 affeetu
796 2532 1017 2565 favorabiliter
1041 2543 1095 2565 an-

396 2601 407 2627 1
430 2601 498 2626 Edit.
518 2601 596 2627 Main.
614 2601 679 2636 legit
694 2602 813 2630 dioecesi
827 2603 868 2636 (R,
884 2608 931 2629 ΤΛ.

394 2646 410 2671 Ξ
431 2644 499 2671 Edit.
521 2645 597 2671 Maia.
620 2645 683 2680 legit
702 2646 867 2672 desiderant
886 2649 924 2681 (ni
940 2647 989 2681 T.).

464 2700 540 2730 Ball.
561 2701 636 2728 Rom.
655 2716 688 2720 —
711 2702 765 2727 t'vl.
786 2701 890 2730 XVIII.
1035 2702 1068 2733 43

1139 2531 1329 2570 cardinales,
1348 2531 1443 2563 etiam
1460 2531 1499 2563 de
1517 2531 1618 2562 latere
1637 2530 1772 2572 legatos,
1791 2529 1875 2571 Apo-

1174 2602 1186 2628 1
1209 2601 1280 2628 Edit.
1302 2601 1384 2627 Main.
1406 2601 1472 2636 legit
1489 2601 1624 2628 innodati
1642 2602 1682 2633 (n.
1699 2602 1748 2630 T.).

1175 2646 1190 2672 *2
1213 2646 1280 2672 Edit.
1302 2645 1370 2673 main
1403 2646 1463 2681 legit
1485 2646 1625 2672 absolutos
1647 2646 1685 2681 (R.
1701 2645 1750 2679 Τ.),

1877 266 1922 289 An.
1946 265 2060 290 ‹111172‘

1909 2011 2019 2030 [iporeium
2039 2016 2066 2029 n·-

1881 2041 1954 2057 ulau&
