2279 3260
229 237 279 263 Λη.
303 237 331 264 C.
352 238 418 265 ¹672
465 231 530 263 atr»
1012 245 1190 269 ntftLAnttssM
1216 247 1366 272 nonnum

423 287 546 328 ctione,
576 294 611 320 ut
647 300 712 323 non
743 296 952 334 praesumant
982 292 1163 335 procaciter

1955 252 2002 279 Αη.
2020 253 2047 279 C.
2073 255 2139 281 tr-7v.

1248 295 1263 337 5
1288 294 1320 327 3.
1346 296 1419 338 Nos,
1437 297 1538 340 ipsius
1564 299 1702 343 Dionysii
1725 301 1941 343 procuratoris
1954 313 2061 360 “Aspuna
2078 318 2100 335 «η
2120 321 2140 334 m

2016 346 2049 360 Gi).

262 1832 349 1853 Potitio.

424 342 599 375 defendere
634 344 720 386 quod
753 345 799 376 eis
826 344 928 376 visum
962 344 1078 383 fuerit,
1106 345 1161 377 scd

423 397 526 439 magis
561 397 593 429 in
627 398 753 430 abbatis
786 398 928 441 pendeat
966 398 1113 438 arbitrio,
1133 404 1164 431 et

426 450 512 492 quod
527 449 685 482 salubrius
703 461 773 481 esse
792 450 991 488 iudicaverit,
1007 450 1035 482 ei
1054 451 1162 483 cuncti

426 502 580 534 obediant
596 514 624 543 »3
643 507 675 535 et
700 503 731 535 in
752 502 969 544 explicatione
988 502 1083 534 huius
1103 507 1164 534 ter-

427 555 459 586 tii
485 555 614 598 capituli
640 555 680 587 sit
704 555 811 598 praxis
835 555 1006 587 observata
1038 560 1069 587 et
1102 560 1165 588 sta-

426 608 516 641 bilita
533 618 592 651 per
609 608 857 640 constitutiones
884 608 1072 640 auctoritate
1090 618 1166 651 apo-

426 661 538 693 stolica
573 660 765 702 approbatas
797 660 828 691 in
861 660 1165 702 congregationibus

425 714 457 745 S.
486 713 648 745 Benedicti
683 718 744 745 tam
773 713 947 756 Hispaniae
975 724 1070 756 quam
1096 713 1166 746 Gal·

427 767 499 804 liae,
527 766 612 808 quod
645 766 779 798 abbates
805 766 960 798 dictarum
986 777 1166 809 cougrega-

429 819 551 850 tionum
577 818 760 861 suffragium
779 819 997 862 qualificatum
1023 820 1166 852 habeant.

427 876 491 904 tam
515 872 547 903 in
572 871 760 914 receptione
795 877 827 904 et
851 872 1086 915 approbatione
1110 883 1167 905 no-

427 925 578 957 vitiorum
605 934 698 967 quam
719 924 752 956 in
772 924 843 957 aliis
869 925 1012 967 agendis,
1039 925 1082 958 ita
1106 925 1166 957 sci-

426 970 515 1017 lieet,
534 982 569 1008 ut
594 977 625 1009 in
643 977 932 1009 deliberationibus
960 977 1015 1010 illa
1039 982 1166 1011 senten-

429 1029 469 1061 tia
488 1031 684 1072 praevaleat,
698 1030 833 1073 eiusque
852 1031 1053 1063 conclusioni
1065 1042 1167 1063 assen-

427 1082 548 1114 tiantur
572 1093 706 1121 omnes,
733 1082 783 1115 eui
818 1083 914 1116 fuerit
943 1083 1167 1127 siufragiorum

428 1135 596 1177 pluralitas
629 1145 725 1178 supra
759 1135 989 1176 medietatem,
1025 1141 1096 1175 aut,
1135 1136 1166 1168 in

428 1188 636 1231 aequalitate,
655 1199 672 1220 a
692 1199 754 1231 qua
771 1193 832 1221 stet
848 1189 964 1228 abbas;
991 1200 1026 1221 ac
1050 1189 1082 1221 in
1100 1190 1167 1231 ple-

428 1241 537 1284 risque
563 1241 633 1273 aliis
659 1243 791 1283 regulae
823 1242 986 1284 praefatae
1019 1242 1166 1284 capitulis

429 1294 626 1327 concedatur
650 1294 820 1326 abbatibus
846 1295 944 1337 plena
970 1300 1002 1326 et
1022 1295 1168 1327 absoluta

430 1347 560 1380 facultas
578 1347 704 1389 agendi,
723 1346 876 1389 illiusque
901 1347 1087 1390 praeceptis
1105 1358 1167 1379 om-

428 1409 486 1432 nes
510 1400 654 1438 obedire,
671 1404 702 1432 et
718 1400 844 1441 agenda
869 1400 909 1431 ab
929 1399 1017 1432 illius
1035 1400 1167 1432 arbitrio

428 1454 572 1496 pendere
598 1453 717 1485 debere
744 1459 871 1485 cautum
898 1452 1095 1496 reperiatur)
1120 1453 1168 1484 ni-

429 1505 606 1538 hilominus
646 1506 752 1537 solent
787 1504 886 1547 aliqui
923 1506 1056 1537 abbates
1092 1506 1167 1538 dicti

429 1557 556 1591 Ordinis
591 1558 810 1591 Cistercieusis
851 1558 884 1590 in
924 1558 1168 1602 receptionibus

430 1611 627 1644 novitiorum
643 1638 650 1650 ,
678 1615 741 1642 tam
766 1610 805 1642 ad
837 1610 983 1643 habitum
1009 1622 1103 1653 quam
1129 1611 1167 1643 ad

429 1663 678 1707 professionem,
704 1668 789 1696 stare
820 1664 933 1695 maiori
960 1664 1043 1706 parti
1059 1663 1169 1696 suifra-

429 1716 563 1758 giorum,
582 1716 664 1754 licet,
684 1717 796 1749 habito
821 1717 967 1755 consilio,
984 1716 1104 1749 decisio
1129 1717 1168 1749 ab

430 1769 493 1801 illis
518 1769 669 1812 pendeat,
694 1773 729 1800 ut
753 1780 790 1801 ex
815 1770 928 1811 regula
952 1774 1050 1812 patet.

475 1823 489 1865 g
514 1822 545 1854 ⁶2.
572 1822 649 1854 Cum
672 1822 885 1862 autem‚sicut
909 1823 1021 1854 eadem
1042 1822 1169 1865 exposi-

430 1877 474 1908 tio
513 1875 749 1917 subiungebat,
784 1875 817 1906 in
857 1875 1166 1918 congregationibus

429 1928 666 1961 monachorum
699 1927 826 1959 Ordinis
864 1928 967 1960 sancti
1003 1929 1167 1961 Benedicti

429 1986 492 2014 tam
530 1980 650 2013 Galliae
691 1991 787 2023 quam
826 1981 998 2023 Hispaniae
1038 1981 1168 2015 abbates

430 2034 645 2077 qualificatum
668 2033 731 2066 sive
758 2034 875 2076 duplex
900 2033 1087 2077 suffragium
1114 2035 1168 2067 lia-

429 2087 538 2125 beant,
552 2086 595 2117 ita
611 2091 646 2118 ut
662 2086 793 2129 quando
809 2085 959 2128 suffragia
974 2092 1048 2119 sunt,
1065 2087 1164 2130 paria,

431 2139 457 2172 si
483 2150 535 2171 sex
557 2138 590 2170 in
614 2140 690 2176 una,
707 2143 738 2170 ct
755 2148 809 2170 sex
834 2138 867 2169 in
892 2140 991 2171 altera
1016 2144 1107 2182 parte
1124 2140 1167 2172 in-

430 2193 608 2232 veniantur,
629 2192 726 2224 etiam
746 2197 917 2225 numerato
939 2192 1092 2235 suffragio
1118 2194 1166 2225 ab-

432 2245 525 2284 batis,
551 2245 606 2277 illa
630 2255 703 2288 pars
727 2246 915 2288 praevaleat
939 2251 969 2278 et
996 2252 1167 2279 censeatur

429 2299 545 2338 maior,
565 2298 813 2341 executionique
831 2299 969 2341 proinde
984 2300 1167 2333 mandanda

428 2352 476 2391 sit,
503 2363 561 2394 pio
587 2362 648 2394 qua
679 2356 740 2383 stat
765 2351 864 2383 abbas
890 2357 1050 2394 tamquam
1075 2363 1167 2395 prae-

428 2415 494 2443 ss·s;
515 2405 678 2447 praefatus
694 2414 770 2437 vero
787 2404 957 2447 Dionysius
975 2411 1166 2448 procurator

432 2456 592 2500 generalis
611 2457 715 2489 simile
736 2456 951 2499 qualificatum
972 2468 1029 2490 seu
1047 2459 1164 2501 duplex

428 2509 616 2551 suffragium
652 2509 823 2541 abbatibus
863 2509 999 2552 praefati
1039 2510 1165 2543 Ordinis

428 2561 649 2596 Cisterciensis
667 2572 685 2595 a
697 2562 792 2595 nobis
809 2562 943 2596 concedi
961 2573 1164 2607 summopere

431 2615 608 2650 desideret:

1207 348 1371 387 generalis
1388 349 1469 382 votis
1492 351 1551 383 hac
1577 351 1609 384 in
1630 363 1673 392 re,
1693 358 1847 395 quantum
1869 364 1942 386 cum

1207 398 1339 432 Domino
1361 411 1539 444 possumus,
1561 404 1780 437 favorabiliter
1796 415 1943 437 annuere

1207 452 1372 491 volenteS,
1400 464 1534 497 eumque
1567 466 1584 488 a
1616 456 1783 499 quibusvis
1819 468 1946 489 excom-

1207 504 1444 545 municationis,
1464 508 1688 550 suspensionis
1715 514 1747 541 et
1771 510 1946 550 interdicti,

1207 553 1343 596 aliisque
1375 556 1603 590 ecclesiasticis
1629 559 1812 599 sententiis,
1833 571 1947 592 censu-

1208 607 1250 637 ris
1268 611 1299 637 et
1316 607 1442 649 poenis,
1467 618 1483 640 a
1501 608 1570 641 iure
1584 611 1633 642 vel
1648 610 1686 642 ab
1705 611 1849 652 homine,
1873 623 1947 654 qua-

1207 658 1252 691 vis
1277 659 1448 692 occasione
1474 662 1522 693 vel
1552 664 1645 694 causa
1665 663 1751 703 latis,
1779 663 1804 695 si
1831 664 1946 707 quibus

1208 712 1455 753 quomodolibet
1473 712 1646 745 innodatus
1673 715 1790 755 existit,
1809 716 1847 748 ad
1873 716 1948 748 etl'e-

1208 768 1293 796 ctum
1318 765 1538 807 praesentium
1557 766 1720 798 dumtaxat
1744 778 1948 811 consequen—

1210 818 1295 857 dum,
1322 818 1436 850 harum
1462 819 1545 852 serie
1572 820 1775 853 absolventes
1800 826 1830 853 et
1856 822 1950 854 abso-

1210 871 1312 902 lutum
1345 870 1414 903 fore
1445 876 1627 912 censentes,
1654 872 1948 915 supplicationibus

1210 922 1280 954 eius
1306 923 1436 955 nomine
1462 924 1557 956 nobis
1584 935 1683 967 super
1700 925 1763 957 hoc
1784 925 1950 958 humiliter

1210 974 1366 1017 porrectis
1392 975 1550 1017 inclinati,
1572 977 1610 1009 de
1636 977 1870 1010 venerabilium
1888 979 1951 1010 fra-

1211 1032 1294 1059 trum
1319 1033 1504 1060 nostrorum
1529 1028 1559 1061 S.
1595 1029 1632 1061 R.
1667 1029 1701 1062 E.
1734 1030 1947 1063 cardinalium

1210 1079 1349 1122 negotiis
1367 1085 1398 1111 et
1412 1081 1705 1114 consultationibus
1722 1082 1950 1125 episcoporum

1211 1137 1242 1164 et
1265 1133 1462 1174 regularium
1491 1135 1752 1177 praepositorum
1785 1136 1922 1169 consilio
1940 1163 1947 1177 ,

1211 1187 1297 1229 quod
1315 1186 1347 1218 in
1365 1192 1539 1229 posterum,
1558 1188 1828 1231 quandocumque
1844 1189 1951 1222 decla-

1210 1238 1352 1271 rationes
1377 1240 1570 1282 capitulares
1600 1241 1633 1272 in
1666 1242 1872 1274 monasteriis
1897 1241 1952 1274 Or-

1212 1292 1295 1324 dinis
1307 1293 1441 1334 praefati
1456 1292 1678 1325 Cisterciensis
1692 1294 1862 1326 habendae
1876 1294 1949 1333 sint,

1212 1354 1249 1375 ea
1273 1355 1348 1386 pars
1373 1345 1404 1376 in
1434 1345 1570 1387 paritate
1597 1345 1826 1388 suffragiorum
1852 1357 1948 1389 prae-

1211 1397 1316 1429 valere
1350 1402 1381 1429 ct
1412 1398 1571 1440 praeferri
1604 1398 1745 1439 debeat,
1773 1399 1822 1431 cui
1851 1399 1950 1431 abbas

1212 1450 1399 1482 monasterii
1424 1461 1603 1483 consensus
1621 1451 1670 1483 sui
1695 1452 1951 1494 praerogativam

1213 1504 1431 1546 superaddere
1449 1505 1598 1544 voluerit,
1616 1504 1808 1537 auctoritate
1827 1511 1952 1548 aposto-

1214 1556 1292 1596 lica,
1327 1561 1439 1589 tenore
1479 1557 1716 1599 praesentium,
1749 1558 1951 1590 declaramus

1213 1613 1306 1651 atque
1332 1609 1547 1642 decernimus.

1256 1662 1270 1704 ξ
1294 1661 1325 1694 3.
1352 1662 1574 1694 Decernentes
1599 1663 1732 1696 easdem
1757 1669 1951 1706 praesentes

1214 1714 1340 1746 litteras
1362 1725 1489 1758 semper
1504 1714 1627 1755 firmas,
1652 1716 1775 1749 validas
1795 1721 1826 1749 et
1845 1717 1952 1750 effica-

1213 1778 1267 1799 ces
1293 1767 1434 1800 existere
1461 1772 1492 1799 et
1518 1769 1600 1808 fore,
1620 1779 1765 1812 suosque
1782 1770 1950 1812 plenarios

1213 1824 1245 1852 et
1268 1820 1415 1862 integros
1442 1820 1575 1853 affin-tus
1594 1822 1706 1853 sortiri
1732 1827 1764 1854 et
1788 1823 1951 1862 obtinere,

1214 1884 1249 1905 ac
1270 1873 1308 1904 ab
1333 1873 1408 1912 iltis,
1427 1874 1465 1905 ad
1485 1884 1567 1916 quos
1594 1879 1721 1917 spectat
1739 1879 1769 1906 et
1795 1885 1855 1917 pro
1874 1880 1952 1908 tem-

1214 1936 1290 1968 pore
1315 1926 1585 1969 quandocumque
1603 1927 1777 1969 spectabit,
1797 1928 1829 1959 in
1849 1929 1952 1960 omni-

1212 1979 1270 2011 hus
1296 1985 1327 2011 et
1350 1990 1409 2022 per
1433 1980 1540 2012 onmia
1566 1980 1755 2022 plenissime
1770 1981 1950 2014 etinviola-

1211 2032 1321 2064 biliter
1334 2032 1506 2072 observari,
1521 2032 1633 2076 sieque
1649 2044 1708 2076 per
1722 2045 1948 2078 quoscumque

1212 2085 1337 2117 iudices
1365 2085 1553 2118 ordinarios
1579 2091 1609 2118 et
1643 2087 1823 2129 delegatos,
1851 2088 1948 2120 etiam

1211 2148 1384 2171 causarum
1411 2139 1524 2181 palatii
1557 2139 1731 2181 apostolici
1768 2140 1948 2181 auditores,

1210 2191 1348 2223 iudicari
1374 2196 1406 2223 et
1431 2190 1559 2223 definiri
1586 2192 1721 2232 debere,
1749 2204 1785 2225 ae
1818 2193 1948 2227 irritum

1211 2248 1243 2276 et
1265 2244 1361 2276 inane
1381 2244 1407 2275 si
1425 2254 1520 2276 secus
1539 2255 1640 2287 super
1661 2242 1712 2277 his
1731 2256 1747 2277 a
1767 2257 1946 2290 quoquam,

1211 2297 1322 2340 quavis
1348 2297 1556 2338 auctoritate,
1573 2298 1778 2332 scientervel
1792 2299 1948 2342 ignoran-

1210 2356 1270 2390 ter,
1286 2350 1463 2393 contigerit
1488 2351 1656 2384 attentari.

1253 2404 1319 2447 §Aa
1346 2404 1416 2436 Non
1441 2405 1645 2437 obstantibus
1678 2406 1882 2449 praemissis,
1910 2418 1946 2441 ae

1209 2456 1493 2490 constitutionibus
1523 2463 1555 2490 et
1582 2458 1843 2493 ordinationibus
1867 2471 1946 2504 apo-

1208 2510 1342 2550 stolicis,
1361 2520 1500 2551 necnon,
1519 2516 1678 2554 quatenus
1695 2523 1777 2556 opus
1795 2513 1845 2553 sit,
1867 2513 1944 2546 dicti

1208 2563 1336 2595 Ordinis
1360 2563 1595 2605 Cistereiensis,
1626 2565 1759 2608 eiusque
1784 2571 1945 2599 monaste-

1204 2617 1327 2651 rIOrum
1340 2626 1627 2661 quorumcumque,
1639 2619 1733 2651 etiam
1746 2618 1941 2663 iuramento,

1988 1678 2100 1699 Deci-otum
2119 1686 2146 1700 u·-

1961 1708 2035 1726 rttdus.

2025 2417 2141 2441 ner-maun

1956 2445 2118 2465 contrariorum.
