2279 3260
243 264 340 291 amc.
363 263 430 291 ¹670
474 254 538 288 tot>
1014 265 1191 290 mmmmm

436 323 500 345 non
526 322 620 356 posse
644 312 855 347 baccalauros
873 324 937 347 non
964 314 1168 354 sacerdotes,

435 366 558 398 etiamsi
586 366 704 398 suerint
728 368 902 399 multarum
931 367 1111 399 litterarum
1140 367 1192 397 et}

433 418 587 460 probatae
614 419 791 458 doctrinae,
819 419 856 451 ad
883 419 1020 461 collegia
1037 428 1172 451 concur-

434 480 517 510 rere,
534 476 565 503 et
583 472 683 504 multo
697 471 801 503 minus
816 471 854 503 ad
872 471 926 503 illa
940 470 1075 503 admitti.
1093 469 1171 507 Quia

434 533 510 556 vero
534 523 782 562 controversiae,
801 523 885 555 eirca
911 522 1170 566 praecedentiam

435 574 519 607 inter
537 576 723 618 collegiales
742 581 772 607 et
789 576 959 617 magistros
979 575 1086 606 denuo
1104 574 1172 606 lau-

435 633 541 660 reatos
565 634 705 667 exortae,
727 628 941 672 plurimarum
967 628 1055 660 fuere
1076 638 1171 660 causa
1191 623 1193 636 ¹

434 681 722 724 perturbationum,
741 681 904 724 praesenti
920 682 1051 714 decreto
1066 681 1172 713 statui-

435 744 504 766 mus
531 735 793 777 praecedentiam
821 745 950 777 semper
983 734 1102 766 debere
1128 739 1173 766 at-

435 787 523 819 tendi
542 798 557 819 a
577 788 627 819 die
653 787 817 829 ingressus
842 787 880 819 ad
907 787 1053 829 collegia,
1081 787 1169 827 itaut,
1191 791 1193 816 ἐ

436 839 489 882 qui
514 840 545 871 in
573 840 685 871 eodem
711 850 795 871 anno
821 839 958 881 ingressi
984 844 1066 879 sunt,
1088 838 1193 876 inter,

436 903 492 924 eos
525 893 699 935 praecedat
730 892 782 934 qui
814 891 903 934 prius
933 891 1194 941 professionemA

436 945 553 977 emisit.
573 945 643 977 Pari
669 945 766 977 modo
784 945 838 988 qui
855 955 915 988 per
932 945 1034 978 Breve
1051 945 1170 978 Summi

434 997 598 1030 Pontificis
616 998 752 1030 laureati
768 1003 852 1038 suut,
871 999 977 1030 locum
995 998 1110 1031 cedere
1124 999 1172 1031 de·
1192 1034 1193 1037 Ἴ

434 1050 514 1083 bent
537 1051 672 1092 cunctis,
692 1051 746 1094 qui
764 1051 878 1084 eodem
906 1056 1053 1094 tempore
1079 1056 1173 1084 erunt

435 1104 622 1146 collegiales
657 1104 829 1146 adscripti,
863 1104 939 1137 lieet
973 1104 1025 1137 isti
1050 1105 1082 1137 in
1107 1103 1171 1136 sine

435 1155 566 1188 triennii
593 1156 729 1189 laureati
755 1156 884 1189 suerint.

640 1208 693 1241 Ad
717 1209 965 1241 concionatores.

478 1271 535 1294 vu.
571 1261 617 1294 Ad
650 1261 890 1294 concionatoris
924 1272 1043 1294 munus
1077 1271 1194 1307 nemo¹

436 1314 590 1357 deinceps
616 1319 843 1357 promoveatur
861 1314 914 1358 qui
938 1315 1028 1358 prius
1054 1314 1087 1347 in
1111 1314 1194 1358 pri-¹

434 1367 515 1398 vatis
542 1366 689 1399 claustris
715 1366 838 1409 ingenii
873 1367 921 1399 sui
953 1367 1082 1410 publica
1106 1377 1194 1400 non

434 1429 499 1451 non
524 1419 702 1452 ostenderit
723 1419 876 1459 facinora,
893 1424 924 1452 et
947 1420 986 1452 ab
1011 1419 1174 1452 examina-

435 1472 560 1505 toribus
579 1472 739 1515 deputatis
756 1483 814 1516 per
827 1472 967 1506 strictius
984 1478 1015 1506 et
1032 1473 1173 1506 severius

435 1535 569 1558 examen
587 1525 625 1558 de
642 1525 777 1558 scientia
798 1531 830 1558 et
845 1526 988 1559 moribus
1014 1526 1174 1569 approba-

435 1584 486 1611 tus
510 1578 631 1621 pariter
656 1589 720 1611 non
746 1579 855 1620 suerit;
877 1589 937 1612 nec
959 1590 1055 1622 posse
1081 1589 1195 1622 prae-³

435 1630 605 1664 dicationis
630 1632 769 1664 officium
795 1643 960 1672 exercere,
987 1632 1131 1676 quamvis
1157 1644 1173 1665 a
1194 1650 1195 1663 1

434 1685 577 1726 generali
603 1685 749 1718 ministro
774 1690 921 1728 patentes
946 1686 1069 1718 litteras
1094 1685 1175 1718 obti-

434 1737 553 1778 nuerit,
580 1738 643 1770 nisi
668 1749 685 1770 a
710 1748 785 1770 suae
811 1738 997 1781 provinciae
1023 1738 1172 1771 diffinito·
1193 1767 1195 1773 ,

434 1789 483 1822 rio
509 1796 692 1833 acceptatus
717 1791 827 1831 suerit,
853 1791 1015 1834 praesenti
1041 1791 1172 1825 decreto
1193 1817 1194 1824 ,

433 1843 615 1875 statuimus.

455 1895 509 1928 Ad
528 1900 661 1938 patrum
680 1900 708 1928 et
728 1897 871 1939 fratrum
892 1898 1150 1941 ayqreqaliones.

477 1958 547 1981 vui.
568 1948 644 1982 Cum
670 1948 825 1982 adversus
843 1950 1004 1983 Urbanam
1022 1951 1173 1984 constitu-

433 2000 555 2034 tionem
573 2001 745 2035 inoleverit
761 2003 879 2035 abusus
901 2004 1116 2036 transferendi
1138 2004 1173 2036 fi-

432 2053 584 2086 liationes
604 2065 622 2086 a
647 2060 809 2087 conventu
835 2055 866 2087 in
891 2061 1097 2097 conventum,
1119 2057 1173 2089 fir-

431 2106 574 2139 missime
592 2107 796 2140 decernimus
813 2118 876 2141 non
895 2109 995 2141 licere
1019 2110 1171 2153 deinceps

431 2160 536 2192 nostri
553 2160 682 2193 Ordinis
702 2161 872 2203 religiosis,
892 2173 1092 2206 quacumque
1114 2164 1171 2196 sul-

431 2218 528 2255 geant
554 2213 722 2256 dignitate,
742 2215 932 2248 renunciato
951 2217 1083 2259 proprio
1100 2228 1171 2250 con-

429 2271 534 2305 ventu,
555 2266 593 2298 ad
619 2266 717 2298 alium
742 2277 774 2299 se
800 2277 988 2309 aggregare,
1022 2269 1092 2301 sine
1118 2280 1171 2302 ex—

430 2320 542 2361 pressa
567 2324 596 2351 et
623 2329 697 2351 raro
727 2321 938 2352 concedenda
962 2321 1098 2354 ministri
1117 2333 1171 2365 ge-

430 2372 553 2404 neralis
580 2372 783 2405 auctoritate.

487 2425 540 2458 Αιὶ
565 2426 701 2458 novitios
726 2436 899 2469 eorumque
922 2428 1105 2470 nzayz'slros.

476 2489 514 2511 tx.
557 2478 633 2512 Cum
671 2490 688 2511 a
729 2480 926 2512 novitiorum
962 2483 1049 2513 recta
1089 2482 1170 2515 sele-

429 2537 534 2564 ctione
559 2536 592 2563 et
608 2532 812 2564 institutione
834 2532 932 2565 totius
950 2532 1087 2565 aedificii
1107 2535 1169 2577 spi-

427 2584 552 2616 ritualis
588 2583 620 2616 in
654 2585 825 2627 seraphica
861 2588 971 2618 nostra
1009 2586 1167 2628 religione

428 2637 598 2670 mittantur
616 2638 835 2679 fundamenta,
856 2649 936 2682 quae
955 2638 978 2672 si
997 2649 1168 2683 perperam

1216 266 1366 290 nommetur

1214 314 1389 355 iaciuntur,
1424 314 1556 349 evidens
1582 315 1674 349 ruina
1706 315 1849 348 timenda
1874 320 1947 357 est;

1214 367 1289 399 ltine
1315 367 1563 410 provincialibus
1591 368 1747 402 ministris
1777 369 1950 402 demanda-

1215 424 1274 460 tur,
1294 425 1327 452 ut
1352 420 1480 453 nonnisi
1503 421 1646 454 eruditos
1662 448 1669 461 ‚
1700 432 1735 454 ae
1760 421 1949 454 liberalibus

1214 477 1306 514 aptos
1342 472 1538 515 disciplinis,
1564 473 1732 517 bonaeque
1763 473 1881 506 indolis
1913 484 1949 506 ae

1213 523 1340 566 probati
1367 524 1500 567 spiritus
1527 525 1659 558 iuvenes
1693 526 1842 559 tirocinio
1864 536 1950 559 com-

1954 265 2005 295 An.
2026 268 2057 296 C.
2075 266 2143 296 ⁵670

1191 611 1194 620 ⁴
1214 576 1360 616 mittant,
1384 587 1465 618 quos
1490 576 1565 610 inde
1590 578 1762 610 solertibus
1786 578 1949 621 magistris

1215 629 1421 661 instruendos
1446 629 1476 661 in
1502 630 1644 672 regulari
1663 631 1833 674 disciplina
1849 631 1951 664 consi-

1215 687 1325 724 gnent.
1353 681 1401 714 Illi
1427 687 1533 714 autem
1557 682 1701 725 magistri
1727 684 1950 723 instituantur,

1215 734 1268 776 qui
1295 734 1426 773 iudicio,
1444 735 1617 776 prudentia
1635 740 1666 767 et
1692 735 1894 778 ingeniorum
1921 741 1952 769 et

1215 786 1385 829 spirituum
1408 787 1643 829 disquisitione,
1663 787 1794 820 solertia
1810 790 1949 828 valeant,

1215 839 1269 882 qui
1295 839 1498 872 concreditos
1517 840 1555 871 ad
1574 840 1720 882 regulam
1746 845 1777 873 et
1795 841 1952 873 constitu-

1215 891 1320 924 tiones
1345 892 1569 935 maximaeque
1603 892 1858 925 mortificationis
1887 898 1953 925 stu-

1216 944 1302 976 dium
1328 945 1483 985 forment,
1509 956 1580 978 cum
1606 945 1645 977 ab
1672 945 1732 977 bac
1761 947 1825 978 una
1853 946 1951 978 totius

1216 997 1382 1039 religionis
1404 1008 1476 1040 spes
1497 998 1639 1030 omnium
1655 998 1806 1038 maxima,
1825 998 1953 1041 vitaque

1215 1062 1252 1082 ae
1276 1050 1426 1083 interitus
1451 1051 1602 1094 pendeat.
1620 1051 1690 1083 Sint
1706 1056 1879 1094 propterea
1896 1062 1954 1084 no—

1215 1101 1363 1135 vitiorum
1382 1102 1525 1144 magistri
1544 1104 1714 1145 (quantum
1732 1103 1800 1136 fieri
1819 1104 1952 1146 poterit)

1215 1155 1359 1187 seniores
1396 1155 1576 1197 provinciae
1614 1156 1778 1198 religiosi,
1807 1156 1952 1188 moribus

1216 1217 1341 1249 graves,
1368 1207 1482 1250 spiritu
1507 1208 1646 1251 probati,
1662 1219 1721 1251 pro
1740 1208 1858 1251 quibus
1879 1208 1954 1240 sub-

1216 1261 1360 1293 levandis
1392 1260 1440 1302 (si
1466 1271 1548 1304 opus
1575 1261 1696 1304 suerit)
1727 1261 1954 1304 vieemagister

1216 1313 1310 1345 etiam
1328 1313 1514 1345 instituatur
1539 1314 1684 1347 eiusdem
1709 1314 1841 1357 spiritus
1859 1319 1889 1347 et
1910 1313 1955 1346 in-

1216 1366 1311 1399 dolis.

1277 1419 1390 1460 Quoad
1416 1422 1592 1454 transitum
1618 1421 1898 1465 Cappuccinorum

1427 1474 1470 1506 ad
1495 1473 1737 1508 Convenruales.

1259 1537 1289 1559 x.
1317 1526 1406 1567 Hine,
1435 1538 1507 1559 cum
1537 1526 1738 1570 experientia
1763 1528 1860 1569 longa
1884 1538 1953 1571 pro-

1215 1578 1325 1611 batum
1354 1579 1449 1611 suerit
1470 1580 1600 1612 alterius
1618 1579 1746 1612 Ordinis
1771 1579 1952 1622 religiosos,

1217 1637 1248 1664 et
1265 1631 1402 1665 maxime
1427 1631 1660 1676 Cappuecinos,
1681 1633 1720 1665 ad
1741 1638 1882 1665 nostram
1901 1633 1954 1665 ad-

1216 1684 1331 1717 missos
1345 1685 1547 1728 religionem,
1563 1686 1650 1718 varia
1664 1685 1803 1729 experiri
1820 1686 1953 1718 fratrum

1216 1738 1357 1778 iudicia,
1386 1749 1457 1771 cun]
1494 1739 1610 1772 diversi
1635 1739 1700 1771 sint
1721 1738 1817 1771 unius
1843 1748 1952 1771 mores

1216 1796 1247 1823 et
1270 1791 1422 1832 alterius,
1448 1798 1479 1825 et
1502 1798 1678 1835 propterea
1706 1791 1863 1836 plurimae
1889 1791 1955 1823 sint

1216 1844 1348 1876 obortae
1363 1844 1459 1885 rixae,
1476 1845 1699 1878 contentiones
1717 1850 1748 1877 et
1764 1850 1878 1887 taepor
1894 1843 1954 1888 spi-

1214 1896 1315 1937 ritus,
1339 1897 1543 1930 decernimus
1562 1897 1763 1941 firmiterque
1781 1897 1953 1930 statuimus

1214 1949 1379 1983 neminem
1405 1950 1536 1983 alterius
1570 1950 1697 1983 Ordinis
1734 1951 1773 1983 ad
1805 1955 1953 1983 nostram

1215 2003 1339 2036 admitti
1364 2014 1460 2047 posse
1491 2003 1698 2046 religionem,
1725 2003 1787 2036 nisi
1812 2004 1902 2047 prius
1936 2014 1953 2036 a

1215 2056 1358 2098 generali
1373 2056 1561 2089 diffinitorio
1580 2067 1638 2100 per
1653 2061 1777 2089 secreta
1801 2056 1952 2099 suffragia

1214 2114 1246 2141 et
1269 2108 1359 2152 paria
1377 2114 1591 2152 acceptatum.

1258 2161 1354 2194 Sacra
1379 2163 1588 2204 congregatio
1621 2161 1949 2195 eminentissimorum

1213 2215 1244 2247 S.
1276 2215 1313 2247 R.
1344 2215 1379 2247 E.
1409 2215 1622 2248 cardinalium
1654 2215 1794 2257 negotiis
1823 2219 1853 2248 et
1878 2225 1949 2248 con-

1214 2267 1440 2300 sultationibus
1461 2268 1685 2310 episcoporum
1703 2273 1735 2300 et
1751 2268 1948 2310 regularium

1213 2322 1412 2365 praeposita,
1442 2323 1563 2353 attenta
1588 2320 1744 2354 relatione
1767 2320 1950 2353 eminentis-

1213 2375 1283 2407 simi
1311 2374 1384 2407 dicti
1417 2374 1544 2407 Ordinis
1578 2375 1662 2417 apud
1692 2374 1775 2406 hanc
1809 2381 1950 2408 sanctam

1212 2428 1326 2461 Sedem
1349 2428 1556 2470 protectoris,
1585 2428 1712 2460 censuit
1738 2428 1787 2470 (si
1819 2429 1952 2461 sanctis-

1213 2482 1293 2513 simo
1329 2481 1459 2513 domino
1493 2486 1604 2513 nostro
1637 2481 1815 2524 placuerit)
1852 2492 1950 2524 posse

1212 2545 1271 2577 per
1294 2535 1418 2567 litteras
1437 2535 1632 2577 apostolicas
1659 2533 1691 2566 in
1718 2534 1818 2567 forma
1841 2535 1950 2567 Brevis

1212 2587 1316 2619 eidem
1355 2587 1610 2620 eminentissimo
1652 2587 1829 2629 protectori
1867 2598 1952 2621 com-

1212 2640 1303 2680 mitti,
1323 2646 1365 2681 ut,
1388 2641 1471 2673 veris
1497 2641 1708 2674 existentibus
1733 2641 1878 2683 narratis,
1895 2651 1950 2685 pe-

1989 2172 2099 2192 Decretum
2111 2176 2148 2191 u-

1961 2205 2009 2219 erae
2030 2203 2147 2222 congrega-

1962 2225 2024 2245 uonis
2037 2224 2148 2250 episcopo-

1961 2258 2004 2272 rum
2021 2253 2041 2271 et.
2064 2250 2147 2275 raguta·

1962 2283 2021 2298 rium.
