2279 3260
148 263 199 288 Λιι.
221 262 251 289 C.
272 263 337 289 ¹673

175 955 254 974 Citam<
263 959 332 973 coram

149 981 220 1006 aliquo
233 987 255 1000 ι’)
272 980 314 999 atet
324 985 333 999 s

150 1006 333 1026 mnu-rvaturibns

150 1039 172 1053 ex
191 1033 247 1053 iuxta
269 1038 332 1052 rausa

149 1061 219 1084 potest
234 1059 287 1078 1lluiu
304 1064 333 1078 re·

149 1091 223 1105 casare
238 1087 258 1104 et
270 1085 332 1104 alium

149 1113 206 1132 antire
230 1113 290 1136 prout
313 1117 331 1130 ιιι

148 1137 240 1160 rubri-th.

341 311 380 343 ad
406 310 510 344 sorum
542 310 796 344 ecclesiasticum
827 309 1076 352 quomodolibet

339 363 558 406 spectantibus
575 363 612 395 ad
631 363 745 395 Sedcm
761 361 979 404 Apostolicam
997 361 1076 393 eius—

339 427 402 458 que
425 416 600 457 delegatos,
625 419 722 458 prout
746 414 824 446 iuris
855 414 960 454 suerit,
980 414 1076 445 inter-

338 468 562 511 ponendarum
599 472 630 499 et
666 466 953 505 terminandarmn,
998 466 1075 498 alio-

338 530 449 552 rumve
475 519 660 562 quorumvis
685 519 761 551 iuris
787 519 1006 551 remediorum
1032 518 1076 550 es-

341 573 443 605 sectus
470 572 581 615 quovis
604 572 699 604 modo
720 572 869 615 impediri
898 572 1003 604 valeat
1022 576 1076 603 aut

342 623 464 656 dill'erri
481 625 529 656 vel
552 624 753 666 perturbari;
777 624 951 666 unicuique
970 629 1075 655 autem

340 677 435 709 liceat
449 677 627 719 quemlibet
641 687 676 708 ex
692 677 975 709 conservatoribus
986 686 1077 718 prae—

339 729 441 769 dictis,
469 729 523 772 qui
544 731 652 772 plures
672 740 729 772 per
747 735 999 762 memoratorum
1017 729 1077 760 Ro-

338 792 508 814 manorum
522 782 711 814 Pontificum
726 782 1077 824 praedecessorumno-

340 840 483 868 strorum
497 835 619 867 litteras
641 835 784 878 deputati
802 834 1020 877 reperiuntur,
1038 834 1077 866 ad

342 887 390 919 sui
416 887 542 919 libitum
568 887 670 920 adire.

387 940 401 981 ἓ
427 940 479 972 11.
506 939 595 977 Quod
620 939 645 972 si
673 940 741 982 quis
775 949 881 972 coram
906 938 1014 981 aliquo
1041 948 1077 969 ex

345 992 469 1024 eisdem
494 992 777 1024 conservatoribus
801 992 916 1023 citatus
937 991 1078 1034 aliquam

345 1049 458 1077 contra
483 1054 555 1076 eum
582 1044 733 1076 habuerit
770 1044 993 1086 exceptionem
1023 1054 1079 1075 seu

344 1107 482 1136 causam,
496 1102 631 1139 propter
652 1107 746 1139 quam
773 1097 811 1128 ab
837 1097 894 1129 illo
918 1107 984 1129 non
1009 1107 1080 1139 spe-

342 1154 393 1182 ret
417 1149 564 1182 obtinere
588 1160 685 1192 posse
705 1149 844 1181 iustitiae
864 1150 1081 1192 complemen-

344 1208 419 1242 tum,
446 1203 542 1235 liceat
558 1202 603 1234 sie
620 1203 717 1235 citato
735 1203 773 1235 ad
796 1203 892 1235 alium
911 1213 947 1234 ex
966 1202 1080 1235 iisdem

343 1255 627 1288 conservatoribus
654 1265 830 1294 recurrere,
866 1255 918 1298 qui
951 1265 1080 1287 causam

342 1309 375 1341 in
400 1314 482 1341 statu
508 1313 538 1341 et
563 1308 721 1348 terminis,
741 1309 774 1340 in
796 1309 913 1350 quibus
938 1309 1081 1351 reperie-

344 1367 405 1401 tur,
433 1372 611 1400 assumere,
647 1361 797 1404 illamque
830 1371 901 1393 cum
933 1362 1080 1394 omuibus

344 1419 376 1446 et
400 1413 535 1455 singulis
569 1413 634 1445 suis
660 1413 887 1452 incidentibus,
913 1424 1081 1456 emergen-

343 1466 439 1505 tibus,
465 1465 598 1497 annexis
625 1470 655 1497 et
680 1466 841 1506 connexis,
871 1472 1001 1509 totoque
1028 1478 1082 1499 ne-

344 1518 431 1561 gotio
457 1517 639 1561 principali,
667 1519 792 1558 audire,
830 1530 1025 1561 cognoscere
1051 1525 1082 1552 et

343 1571 406 1603 sine
433 1570 552 1609 debito,
574 1575 672 1613 prout
691 1570 768 1602 iuris
786 1571 893 1609 fuerit,
909 1572 1082 1604 terminare

343 1624 445 1668 possit
470 1629 500 1656 et
526 1624 654 1656 debeat.
683 1624 713 1656 Si
746 1630 853 1657 autem
886 1626 993 1666 actori,
1027 1637 1082 1658 seu

344 1677 391 1709 illi
424 1677 463 1709 ad
497 1677 590 1709 cuius
616 1677 802 1710 instantiam
827 1678 956 1710 decreta
987 1679 1083 1711 suerit

344 1729 448 1773 prima
473 1729 583 1762 citatio
610 1741 666 1762 seu
700 1731 838 1772 primum
872 1731 1082 1764 monitorium

344 1784 529 1821 relaxatum,
557 1783 670 1825 aliqua,
687 1789 799 1815 contra
823 1790 1079 1817 conservatorem

345 1847 362 1867 a
387 1846 443 1868 reo
468 1847 524 1868 seu
546 1836 642 1869 citato
674 1841 708 1868 ut
735 1837 920 1879 praefertur
947 1838 1078 1877 aditum,

345 1889 553 1932 competierit
588 1889 734 1931 legitima
772 1890 927 1932 exceptio,
963 1892 1083 1933 poterit

345 1947 377 1974 et
402 1942 469 1984 ipse
506 1941 598 1974 illum
634 1942 759 1985 pariter
795 1952 957 1983 recusare,
983 1954 1018 1976 ac
1043 1945 1081 1976 ad

345 1994 442 2027 alium
456 2005 493 2026 ex
509 1994 601 2027 dictis
619 1996 903 2028 conservatorilms
914 2007 1080 2029 recursum

345 2047 488 2087 habere,
525 2047 621 2080 salvis
656 2053 763 2080 tamen
800 2059 856 2080 reo
892 2060 948 2081 seu
984 2050 1080 2083 citato

324 2134 328 2136 ,
345 2106 457 2133 eontra
482 2101 568 2133 hune
593 2111 720 2144 quoque
739 2108 999 2135 conservatorem
1015 2104 1080 2136 suis

200 2321 336 2342 commnio-

153 2354 197 2368 ruiu
213 2355 265 2373 iura,
281 2351 301 2369 et
312 2349 337 2368 Ιι-

154 2378 222 2395 mites.

345 2155 600 2197 exceptionibus,
616 2166 651 2187 ac
668 2157 706 2187 ea
719 2156 789 2198 lege
804 2166 890 2196 reus,
906 2168 961 2189 seu
975 2158 1080 2200 primo

346 2208 415 2239 loco
437 2207 469 2238 in
489 2207 643 2239 iudicium
657 2213 796 2248 vocatus,
810 2219 914 2241 coram
929 2215 1080 2252 suspecto

347 2260 451 2292 iudice
477 2260 602 2302 litigare
627 2261 716 2292 nullo
740 2262 835 2294 modo
861 2268 1008 2304 cogetur.

391 2312 405 2355 ἓ
430 2311 481 2344 102.
509 2312 610 2344 Porro
635 2319 880 2347 conservatores
900 2315 960 2358 ipsi
979 2326 1082 2348 asses-

348 2375 450 2404 sores,
477 2365 631 2406 notarios,
659 2366 828 2407 actuarios,
863 2368 1080 2410 apparitores,

347 2419 467 2450 aliosve
499 2428 718 2461 quoscumque
750 2419 893 2452 iustitiae
919 2421 1081 2455 ministros

346 2471 407 2502 sibi
433 2481 470 2503 ex
497 2470 601 2503 officio
627 2471 748 2513 eligant
777 2483 812 2504 ac
830 2474 995 2515 deputent,
1023 2486 1081 2507 seu

345 2529 525 2563 assumant3
555 2535 615 2556 nec
639 2524 828 2557 universitas
859 2528 1023 2568 praedicta
1048 2528 1080 2560 in

345 2578 475 2609 illorum
502 2576 659 2609 electione
693 2578 741 2609 vel
779 2578 987 2621 deputatione
1013 2582 1080 2614 ullo

346 2630 443 2663 modo
479 2639 512 2662 se
547 2629 697 2671 ingerere
733 2631 771 2662 de
809 2638 917 2664 cetero
955 2634 1077 2674 valeat,

437 2692 514 2722 Bell.
538 2691 620 2719 Rom,
636 2708 669 2711 —
690 2693 750 2718 Vol.
769 2694 874 2721 XVIII.
959 2718 973 2725 ,
1024 2697 1056 2723 55

977 261 1118 285 CLEMENS
1141 262 1158 284 X
1183 263 1230 285 ΡΡ.

1755 256 1819 288 423

1117 314 1214 351 prout
1238 310 1374 343 antehac
1399 321 1458 353 per
1482 321 1624 344 errorem
1648 313 1761 345 secisse
1788 323 1853 344 nie-

1117 366 1278 402 moratum
1316 363 1377 406 ipsi
1403 373 1476 396 vcro
1507 370 1751 397 conservatores
1783 375 1851 396 orn-

1118 414 1170 446 nia
1189 419 1219 446 et
1244 415 1380 457 singula,
1399 426 1479 458 quae
1505 416 1537 448 in
1558 416 1749 459 supradictis
1771 417 1852 448 Pau-

1118 466 1139 498 li
1176 467 1199 498 V
1234 469 1496 509 praedecessoris
1536 468 1651 501 litteris
1683 469 1766 501 cirea
1798 480 1852 502 eo-

1116 530 1189 551 rum
1207 519 1464 553 iurisdictionem
1493 521 1643 564 illiusque
1663 522 1851 554 exercitium

1119 572 1292 605 constituta
1317 579 1349 605 et
1380 574 1528 606 ordinata
1562 579 1644 615 sunt,
1676 579 1785 606 exacte
1822 580 1853 606 et

1119 630 1264 657 accurate
1289 631 1426 666 servent,
1449 637 1507 659 nec
1528 627 1582 659 illa
1608 626 1855 669 quomodolibet

1119 679 1273 711 excedere
1298 679 1463 719 audeant¹;
1484 690 1588 722 neque
1614 680 1653 712 de
1678 680 1780 712 causis
1801 680 1856 712 be-

1119 731 1315 769 neficiorum,
1334 732 1449 774 quibus
1468 743 1526 775 per
1543 733 1759 765 coadiutorias
1781 743 1853 764 cum

1120 784 1224 815 sutura
1249 784 1456 817 successione
1482 785 1520 817 ab
1538 785 1599 818 hac
1624 785 1654 818 S.
1682 785 1763 818 Sede
1782 796 1856 828 pro-

1119 836 1220 868 visum
1245 842 1295 869 est
1314 837 1479 876 hactenus,
1499 843 1530 870 et
1547 838 1579 870 in
1598 838 1739 870 futurum
1758 848 1858 880 quan-

1121 888 1302 930 documque
1327 889 1551 931 providebitur
1589 890 1727 932 (tametsi
1759 891 1858 923 bene-

1120 939 1192 972 ficia
1215 940 1285 983 ipsa
1310 951 1368 983 per
1393 941 1516 973 obitum
1534 941 1566 973 in
1585 942 1692 985 aliquo
1712 953 1748 974 ex
1769 953 1858 974 men-

1121 994 1208 1026 sibus
1244 994 1430 1036 praedictae
1469 995 1611 1027 facultati
1651 996 1766 1027 artium
1801 1006 1859 1038 per

1122 1046 1253 1079 easdem
1279 1046 1366 1079 Pauli
1390 1047 1413 1078 V
1449 1048 1711 1090 praedecessoris
1735 1049 1859 1081 litteras

1123 1099 1293 1142 assignatis
1318 1110 1430 1133 vacare
1458 1101 1639 1142 contigerit,
1666 1106 1720 1133 aut
1743 1102 1781 1133 ad
1807 1112 1859 1134 ea-

1124 1152 1197 1185 dem
1220 1151 1380 1185 benesicia
1406 1153 1587 1185 nominatio
1606 1153 1711 1186 dictae
1735 1154 1860 1186 univer-

1124 1204 1211 1237 sitati
1246 1215 1301 1237 seu
1328 1205 1471 1238 facultati
1503 1205 1627 1245 artium,
1653 1206 1679 1238 si
1704 1205 1767 1238 illis
1803 1216 1860 1249 per

1123 1257 1337 1290 coadiutorias
1373 1258 1559 1291 huiusmodi
1596 1258 1760 1301 provisum
1794 1270 1860 1292 non

1123 1316 1217 1349 esset,
1237 1321 1273 1343 ex
1293 1310 1502 1354 dispositione
1520 1311 1778 1354 supradictorum
1797 1312 1861 1355 pri-

1123 1364 1313 1406 vilegiorum
1339 1366 1567 1408 competeret),
1590 1366 1656 1397 ullo
1681 1365 1776 1398 modo
1809 1376 1861 1397 co-

1125 1427 1281 1459 gnoscere
1303 1418 1442 1450 ullumve
1470 1418 1610 1460 desuper
1636 1423 1741 1450 actum
1767 1418 1862 1450 iuris-

1125 1470 1333 1503 dictionalern
1364 1471 1467 1503 facere
1501 1472 1550 1503 vel
1577 1476 1737 1504 attentare
1765 1482 1861 1515 prae-

1126 1528 1270 1563 sumant;
1297 1533 1357 1555 nec
1394 1523 1565 1566 quisquam
1600 1525 1701 1556 ullum
1727 1535 1763 1557 ex
1789 1535 1862 1567 pro-

1124 1576 1199 1607 visis
1224 1576 1409 1618 apostolicis
1445 1587 1504 1619 per
1537 1577 1753 1609 coadiutorias
1790 1588 1861 1610 cum

1125 1629 1228 1660 sutura
1260 1628 1468 1661 successione
1503 1629 1689 1662 huiusmodi
1715 1630 1754 1661 ad
1778 1630 1861 1663 iudi-

1125 1682 1209 1713 cium
1234 1691 1342 1714 coram
1376 1681 1655 1714 conservatoribus
1686 1683 1860 1725 praedictis

1126 1735 1254 1767 trahere
1272 1761 1279 1774 ,
1321 1745 1380 1766 uec
1419 1735 1591 1777 quominus
1633 1736 1782 1768 mandata
1822 1737 1861 1769 de

1124 1788 1338 1828 immittend0‚
1367 1793 1398 1820 et
1422 1788 1483 1820 alia
1517 1799 1740 1832 quaecumque
1766 1789 1862 1822 etiam

1124 1840 1298 1881 executiva,
1312 1851 1371 1883 per
1390 1846 1579 1873 executores
1598 1846 1630 1873 et
1646 1841 1769 1874 iudices
1784 1853 1862 1884 apo-

1124 1894 1254 1926 stolicos
1279 1894 1318 1925 ad
1344 1894 1535 1926 eorumdem
1558 1893 1760 1936 provisorum
1787 1904 1862 1937 apo-

1124 1947 1314 1980 stolicorum
1338 1947 1479 1979 savorem
1505 1947 1711 1979 decernenda
1732 1952 1763 1979 et
1781 1949 1862 1980 rela-

1123 2001 1238 2040 xanda,
1277 1999 1459 2032 executioni
1496 1999 1693 2031 mandentur
1729 2011 1860 2044 quoquo

1123 2053 1219 2085 modo
1244 2052 1412 2095 impedire,
1441 2062 1498 2084 uec
1524 2052 1585 2095 ipsi
1604 2058 1860 2093 conservatores,

1123 2116 1272 2139 eorumve
1298 2105 1456 2148 quilibet,
1492 2105 1525 2137 in
1550 2104 1595 2137 eis
1628 2106 1736 2148 aliquo
1762 2106 1859 2139 modo

1122 2169 1181 2192 nec
1220 2158 1448 2201 cognoscendo
1486 2168 1545 2190 nec
1581 2158 1791 2200 impediendo
1827 2170 1860 2192 se

1122 2212 1271 2254 ingerere
1295 2210 1427 2253 possint,
1455 2211 1514 2242 sub
1540 2211 1695 2243 nullitatis
1716 2212 1860 2244 omnium

1123 2270 1277 2304 actorum,
1312 2274 1348 2295 ac
1372 2274 1584 2296 censurarum
1617 2269 1649 2296 et
1678 2265 1861 2297 amissionis

1124 2317 1301 2350 officiorum
1342 2328 1378 2349 ac
1402 2316 1590 2359 privationis
1625 2317 1861 2350 beneficiorum

1124 2369 1419 2402 ecclesiasticorum
1458 2380 1517 2412 per
1556 2380 1611 2402 eos
1651 2370 1861 2403 obtentorum

1101 2444 1103 2452 ι
1124 2425 1226 2465 poena
1250 2423 1321 2465 ipso
1341 2424 1433 2463 facto,
1452 2423 1547 2455 etiam
1566 2423 1687 2466 absque
1709 2424 1772 2455 alia
1788 2434 1860 2456 sen-

1125 2475 1223 2508 tentia
1241 2475 1464 2515 declaratoria,
1482 2475 1689 2507 incurrenda.

1167 2529 1181 2571 ξ
1213 2527 1265 2561 13.
1299 2528 1336 2560 Et
1372 2529 1446 2571 quia
1483 2528 1561 2560 alias
1602 2528 1792 2560 canonicatu
1829 2534 1860 2561 et

1161 2600 1169 2624 1
1193 2600 1232 2625 Cf.
1254 2599 1341 2633 quoad
1367 2599 1432 2625 haec
1454 2599 1557 2625 litteras
1581 2598 1653 2624 Pauli
1674 2598 1702 2632 V,
1726 2598 1739 2633 ἓ
1763 2599 1811 2632 20,
1832 2599 1858 2626 iu

1123 2647 1186 2669 tom.
1205 2649 1247 2677 ιιι,
1266 2651 1325 2678 pag.
1343 2643 1487 2670 37211uius
1503 2646 1608 2670 nostrae
1624 2642 1687 2670 edit.
1702 2644 1742 2678 (n.
1759 2646 1808 2678 τ.),

1865 265 1913 290 An.
1932 264 2045 291 &1673

1884 2538 1981 2558 nectarae
1991 2537 2055 2560 nulla.

1870 2567 1929 2585 ιιι-ιη
1945 2567 1965 2585 et
1987 2567 2056 2585 atten-
