2279 3260
177 242 227 269 Λη.
245 243 274 270 C,
296 242 361 271 ¹673

413 292 427 335 ἓ
454 291 506 324 ⁶25.
534 291 571 324 Et,
596 291 667 334 quia
694 289 902 334 probationes
923 299 1020 332 super
1037 300 1101 321 non

370 355 500 376 excessu
527 349 615 376 taxae
641 343 821 386 personalis
847 353 905 385 per
936 342 1102 385 privilegia

175 383 532 439 2:222l'Ss‘fflssssfi'sspraedicta
557 396 790 439 praescriptae,
818 406 895 438 quas
920 396 956 427 ad
983 393 1103 427 benesi-

175 438 417 481 {ll‘ssssttgfflssolsslfcia
443 448 628 481 eorumdem
654 447 899 491 privilegiorum
920 447 1027 489 vigore
1045 457 1102 479 no—

174 490 276 507 ¹¹⁵¹²⁰¹⁸¹¹¹''
368 500 480 533 minati
506 501 610 533 facere
638 501 764 539 debent,
784 501 821 532 ab
846 500 882 533 iis
908 500 1103 532 concluden-

367 558 415 585 ter
437 553 506 586 sieri
531 555 721 596 plerumque
740 553 787 585 vix
810 558 962 596 possunt;
982 553 1101 585 eisdem

366 616 424 648 pro
443 610 587 648 tempore
605 605 790 645 nominatis,
808 606 923 638 haruin
942 605 1036 644 serie,
1057 605 1103 636 in-

368 659 547 700 dulgemus,
569 663 603 690 ut
627 663 731 691 taxam
764 659 967 701 personalem
994 657 1103 689 huius-

210 304 308 324 Probatiu
325 310 347 323 sn

174 336 211 356 per
222 337 261 350 non
273 336 357 350 excessu

161 360 234 376 —taxac
242 356 357 382 personali>

367 711 454 743 modi
480 721 538 753 per
563 711 643 743 duos
666 717 758 743 testes
776 711 904 750 iuratos,
922 711 1016 742 etiam
1041 710 1103 742 iam
1124 729 1125 733 =

368 763 572 803 domesticos,
600 764 638 796 de
660 764 787 806 publica
805 774 882 796 voce
904 768 934 795 et
952 763 1034 795 fama
1055 764 1104 795 de-

368 821 527 858 ponentes
545 827 617 848 cum
639 816 817 848 iuramento
836 816 980 858 ipsorum
1004 816 1105 847 nomi-

369 873 524 907 natorum,
546 870 684 911 probare
710 869 847 912 possint,
875 869 917 900 ita
945 873 1048 900 tamen
1071 873 1105 899 ut

370 921 450 953 haec
476 921 627 964 probatio
653 922 845 954 contrariam
877 921 1103 964 probationem

370 984 434 1006 non
460 974 618 1006 excludat.

204 1039 242 1059 nn
253 1039 358 1058 internun-
414 1026 428 1067 ἓ
443 1025 494 1057 96.
507 1025 665 1065 Ceterum,
677 1026 819 1068 quamvis
835 1025 1002 1068 privilegia
1017 1035 1106 1068 prae-

177 1064 359 1121 fjffaillifffess‘ssffl
372 1078 433 1108 fata
457 1077 631 1120 praecipue
657 1078 695 1109 ad
722 1078 812 1117 illos,
844 1078 898 1120 qui
923 1078 1105 1109 studiorum

176 1116 359 1163 Etssessassssfflllss
372 1129 501 1162 labores
526 1129 558 1161 in
582 1130 791 1162 universitate
824 1131 986 1173 praedicta
1016 1130 1107 1161 susti-

176 1170 246 1189 dirtae
260 1168 360 1188 universi-

176 1189 512 1215 tatolicetreddi-nllel’tmt
537 1182 569 1214 in
587 1182 691 1225 iisqne
710 1182 888 1215 iuventutis
910 1194 1011 1215 annos
1032 1193 1107 1214 con-

175 1224 210 1267 ¹1¹3
224 1220 360 1293 i'ss'xnilff'pssq'ss
372 1241 588 1278 sumpserunt,
621 1236 750 1278 inopiae
776 1237 937 1268 aerumnis
962 1246 1108 1279 praeser-

179 1279 228 1293 ssnna
240 1280 270 1292 eni
294 1278 360 1298 passv
388 1287 392 1292 .

176 1299 361 1346 gffissqnu⁵b33zsgi
374 1293 428 1319 tim
443 1287 474 1319 in
489 1289 619 1320 senecta
634 1293 736 1320 aetate
753 1289 940 1320 eximendos
956 1299 1108 1320 concessa

176 1352 352 1399 Effingogfeurssmgu
375 1341 509 1380 fuerint',
533 1341 743 1374 nihilominus
766 1342 861 1373 etiam
883 1342 952 1373 aliis
974 1343 1109 1384 opulen-

371 1448 565 1480 benemeriti
592 1448 723 1487 fuerint,
745 1448 887 1490 praemia
908 1459 972 1480 non
998 1449 1108 1480 deesse

373 1555 474 1587 derno
501 1560 532 1587 et
557 1565 614 1597 pro
641 1560 788 1597 tempore
821 1553 970 1587 existenti
998 1559 1109 1587 nostro

373 1613 404 1639 et
418 1607 508 1639 Sedis
523 1607 705 1650 praedictae
729 1607 760 1638 in
779 1607 915 1649 Belgicis
935 1607 1109 1640 ditionibus

373 1659 590 1699 internuncio,
603 1670 659 1691 sen
676 1659 805 1699 nuncio,
817 1659 990 1692 cuiuslibet
1001 1660 1110 1692 decen-

376 1712 416 1743 nii
430 1711 544 1754 spatio,
555 1712 678 1744 duobus
690 1722 725 1744 ex
741 1718 831 1754 parte
844 1711 1111 1755 facultatis¹p1·ae-

376 1765 532 1797 dictarum
565 1764 767 1807 respective,
793 1764 848 1807 qui
882 1765 1029 1797 docendo
1055 1776 1109 1797 sen

375 1818 519 1859 regendo
545 1817 735 1849 benemeriti
764 1818 892 1858 fuerint,
923 1818 1109 1861 bonumque

375 1869 501 1912 pietatis
528 1875 559 1902 et
584 1871 749 1902 doetrinae
776 1881 809 1902 ac
834 1871 1008 1913 peculiaris
1035 1882 1109 1913 erga

377 1924 458 1955 lianc
485 1923 633 1955 Sanctam
659 1923 774 1956 Sedem
794 1925 1014 1956 observantiae
1039 1936 1111 1968 spe-

375 1976 477 2008 cimen
498 1976 654 2016 dederint,
673 1982 716 2016 ut,
737 1977 810 2009 licet
827 1978 972 2009 redditus
990 1989 1109 2010 annuos

376 2039 474 2071 supra
500 2035 601 2061 [axam
628 2031 834 2072 personalem
862 2041 921 2073 per
945 2031 1110 2073 privilegia
1132 2046 1133 2060 ι

375 2082 538 2124 praedicta
559 2083 790 2125 praescriptam
810 2083 1008 2125 possideant,
1028 2084 1111 2116 nilii-

377 2134 518 2167 lominus
540 2145 650 2167 eorum
676 2135 794 2177 singuli
813 2136 851 2168 ad
870 2147 968 2168 unum
989 2141 1109 2169 tantum

376 2186 570 2219 beneficium
595 2188 860 2227 ecclesiasticum,
888 2188 918 2220 in
949 2200 1013 2231 quo
1038 2200 1112 2222 con-

378 2239 474 2281 digne
493 2240 619 2272 valeant
636 2239 790 2279 residere,
812 2241 1000 2282 nominari‘2,
1021 2248 1052 2274 et
1069 2243 1112 2274 vi-

378 2303 456 2334 gore
471 2292 727 2325 nominationum
744 2294 927 2327 huiusmodi
943 2295 1109 2336 beneficia,

379 2450 442 2483 sint
459 2456 490 2484 et
511 2452 648 2490 valeant,
666 2451 698 2483 in
717 2452 865 2484 omnibus
886 2458 916 2485 et
932 2463 991 2496 per
1008 2454 1113 2486 omnia

417 2532 426 2555 1
452 2529 522 2564 Lege
546 2530 743 2557 wzz'versz'catis
772 2534 797 2556 et
825 2532 974 2564 facultatis
1002 2533 1111 2559 artium

380 2576 417 2609 (n.
435 2575 482 2607 T.).

415 2618 432 2644 2
452 2617 515 2644 tine
531 2617 594 2645 edit.
612 2617 688 2645 Malu.
705 2618 749 2645 hic
772 2618 831 2654 legit
848 2620 992 2649 ‘nominati
1006 2622 1044 2657 (n.
1062 2624 1109 2657 T.).

990 241 1132 265 CLEMENS
1153 242 1171 265 X
1197 242 1244 265 1³1².

1145 289 1280 331 perinde
1315 300 1351 322 ac
1386 291 1411 322 si
1450 291 1591 323 redditus
1622 302 1746 324 annuos
1781 303 1877 335 supra

1144 345 1248 373 taram
1286 344 1492 385 personalem
1531 343 1711 375 huiusmodi
1748 344 1877 376 minime

1143 393 1348 435 possiderent
1372 395 1559 427 auctoritate
1579 398 1688 427 nostra
1703 397 1880 438 apostolica

1144 445 1342 477 concedendi
1363 452 1393 478 et
1406 446 1607 488 indulgendi,
1624 448 1751 489 plenam
1769 452 1801 479 et
1815 458 1880 479 am-

1143 498 1228 539 plam
1256 498 1448 537 facultatem,
1468 499 1580 530 eadem
1598 510 1646 530 au(
1660 499 1800 538 toritate,
1823 500 1879 531 lia-

1145 559 1213 581 rum
1240 549 1336 589 serie,
1364 550 1532 582 tribuimus
1558 555 1589 582 et
1614 550 1827 593 impertimur.

1188 602 1202 644 ἓ
1227 601 1280 634 97.
1308 603 1484 634 Praemissa
1509 608 1616 635 autem
1642 603 1750 635 omnia
1769 608 1801 634 et
1817 602 1879 634 sin-

1145 656 1218 695 gula
1242 666 1259 686 a
1283 655 1376 686 nobis
1403 660 1538 694 statuta,
1558 656 1697 695 decreta,
1729 655 1879 687 mandata

1145 711 1176 737 et
1201 707 1356 745 ordinata,
1384 708 1423 739 ab
1446 708 1508 739 illis
1534 709 1570 740 ad
1598 719 1678 750 quos
1703 712 1824 750 spectat
1849 712 1880 738 et

1145 769 1201 801 pro
1229 766 1372 802 tempore
1403 761 1673 803 quandocumque
1700 760 1878 802 spectabit,

1145 811 1217 842 invi2
1235 812 1376 844 labiliter
1407 819 1437 844 et
1463 813 1652 845 inconcusse
1685 813 1803 845 servari
1830 824 1882 845 vo-

1145 865 1268 904 lumus3
1288 876 1322 896 ac
1348 866 1419 906 <sub
1446 868 1597 907 expressa
1623 867 1691 907 lege
1718 871 1749 897 et
1773 866 1884 898 condi-

1146 916 1232 948 tione
1259 916 1313 948 illa
1333 922 1363 949 et
1385 918 1446 949 alia
1471 929 1693 960 quaecumque
1719 928 1775 960 per
1801 918 1885 950 lianc

1146 969 1293 1001 Sanctam
1318 970 1435 1002 Sedem
1461 970 1492 1002 in
1518 975 1682 1013 posterum
1715 971 1884 1003 statuenda

1147 1027 1178 1053 et
1205 1022 1387 1054 ordinanda
1412 1034 1447 1054 ac
1464 1023 1666 1054 universitati
1693 1028 1723 1054 et
1743 1022 1884 1055 facultati

1147 1075 1262 1106 artium
1288 1075 1462 1117 praedictis
1493 1075 1745 1117 praescribenda
1776 1081 1807 1107 et
1838 1075 1885 1107 in-

1147 1127 1312 1169 iungenda
1338 1134 1446 1160 exacte
1479 1133 1510 1160 et
1543 1133 1690 1160 accurate
1716 1128 1884 1170 servandi)

1149 1181 1395 1223 suspensionem
1429 1180 1508 1213 iuris
1534 1187 1566 1213 et
1592 1181 1751 1213 facultatis
1778 1191 1813 1212 ac
1840 1181 1887 1212 in-

1150 1233 1229 1265 dulti
1255 1234 1444 1266 conferendi
1481 1233 1637 1266 beneficia
1670 1233 1702 1264 in
1735 1233 1884 1272 civitate,

1129 1325 1132 1329 β
1148 1286 1251 1329 patria
1269 1292 1300 1318 et
1320 1286 1463 1318 dioecesi
1478 1287 1646 1319 Loediensi
1667 1285 1886 1325 consistentia,

1129 1339 1181 1384 {in
1207 1339 1370 1371 mensibus
1396 1339 1497 1371 dictae
1525 1340 1666 1371 facultati
1692 1339 1806 1371 artium
1831 1348 1889 1381 per

373 1395 465 1427 tioris
483 1396 639 1433 fortunae,
656 1394 709 1437 qui
729 1395 875 1427 docendo
895 1401 947 1427 ant
965 1395 1109 1437 regendo
1130 1385 1132 1424 l

1151 1392 1349 1435 supradictas
1376 1392 1464 1424 Pauli
1491 1393 1511 1424 V
1528 1391 1788 1435 praedecessoris
1809 1391 1889 1424 litte-

1130 1459 1132 1482 ᾗ
1151 1455 1200 1477 ras
1226 1446 1388 1478 concessis
1413 1451 1570 1485 vacatura,
1592 1457 1609 1477 a
1634 1445 1800 1488 praedicto
1821 1444 1889 1477 Cle-

372 1502 551 1544 cupientes,
575 1501 719 1544 praefato
746 1501 857 1534 Carolo
877 1501 1027 1541 Antonio,
1045 1512 1111 1533 mo-
1130 1526 1132 1530 .

1152 1503 1258 1530 mente
1276 1498 1314 1529 lx
1332 1499 1582 1540 praedecessore
1609 1499 1646 1530 ad
1673 1508 1764 1529 suum
1784 1503 1815 1529 et
1834 1497 1889 1529 Se-

1132 1551 1199 1583 =dis
1225 1551 1428 1594 Apostolicae
1453 1551 1691 1594 beneplacitum
1715 1551 1828 1582 factam
1855 1555 1889 1581 ut

1152 1605 1342 1647 praefertur,
1369 1605 1451 1637 dicta
1475 1605 1674 1644 auctoritate,
1702 1604 1888 1636 earumdem

1153 1663 1264 1690 tenore
1289 1659 1518 1701 praesentium,
1538 1660 1717 1691 relaxamus
1743 1663 1774 1690 et
1798 1668 1888 1689 revo-

1152 1722 1275 1751 camus;
1299 1722 1333 1743 ae
1358 1723 1393 1744 ex
1416 1723 1500 1745 nnnc
1519 1718 1702 1745 revocatam
1721 1712 1802 1751 fore,

1196 1765 1210 1808 g
1234 1764 1286 1797 28.
1315 1766 1502 1798 Praesentes
1535 1777 1610 1798 vero
1635 1766 1768 1803 litteras,
1794 1770 1825 1796 et
1852 1763 1885 1796 in

1154 1818 1198 1850 eis
1213 1824 1365 1851 contenta
1382 1830 1612 1862 quaecumque,
1627 1820 1723 1851 etiam
1746 1830 1783 1851 eo
1799 1818 1887 1861 quod

1155 1877 1268 1911 rector,
1297 1873 1451 1914 magistri,
1488 1873 1647 1912 doctores,
1674 1873 1793 1914 aliique
1820 1883 1889 1914 gra-

1154 1923 1238 1956 duati
1265 1930 1297 1956 et
1321 1925 1484 1957 scholares
1503 1935 1538 1957 ac
1555 1930 1799 1957 conservatores
1825 1924 1887 1967 pri—

1154 1977 1341 2020 vilegiorum
1374 1978 1588 2010 universitatis
1620 1977 1826 2021 praedictae,
1858 1983 1889 2010 et

1152 2032 1344 2074 praesertim
1371 2032 1509 2064 decanus
1534 2042 1588 2064 seu
1615 2032 1826 2064 vicedecanus
1846 2032 1888 2063 fa-

1153 2085 1279 2118 cultatis
1304 2085 1419 2117 artium
1445 2085 1646 2125 huiusmodi,
1675 2097 1711 2118 ac
1737 2091 1888 2128 receptor

1132 2172 1134 2183 >
1154 2144 1183 2171 et
1209 2143 1436 2181 procuratores
1456 2143 1591 2180 quatuor
1616 2138 1782 2170 nationum
1803 2138 1888 2170 eins-

1154 2192 1225 2223 dem
1251 2190 1417 2229 facultatis,
1444 2195 1474 2222 et
1498 2190 1551 2222 alii
1577 2190 1713 2233 quilibet
1738 2200 1890 2233 quaeum-

1133 2268 1134 2274 ,
1155 2255 1216 2287 que
1242 2244 1461 2276 ecelesiastica
1481 2245 1527 2276 vel
1546 2244 1707 2276 mundana
1736 2243 1889 2286 dignitate

1133 2298 1203 2330 =vel
1228 2302 1387 2340 potestate
1415 2297 1549 2340 praediti
1577 2303 1605 2329 et
1633 2298 1818 2339 fungentes,
1838 2308 1891 2328 ci:-

379 2345 416 2377 ad
445 2355 526 2388 quae
551 2345 706 2378 nominati
734 2346 860 2386 fuerint,
888 2354 1054 2391 acceptare
1079 2360 1135 2381 ac⁴

379 2397 532 2440 consequi
558 2403 589 2430 et
607 2398 753 2430 obtinere
772 2399 873 2432 libere
891 2405 922 2432 et
939 2400 1024 2432 licite
1043 2412 1114 2444 pos·
1134 2390 1135 2400 η

1155 2351 1251 2383 iusvis
1277 2355 1387 2389 status,
1409 2351 1539 2392 gradus,
1567 2350 1708 2388 ordinis,
1735 2350 1892 2392 praeen.i-

1156 2403 1295 2443 nentiae,
1313 2402 1509 2435 conditionis
1525 2407 1555 2434 et
1568 2402 1728 2444 qualitatis
1744 2402 1889 2441 existant,

1156 2461 1208 2487 aut
1225 2454 1302 2487 alias
1321 2454 1471 2497 specifica
1492 2460 1521 2486 et
1540 2454 1703 2487 individua
1725 2455 1889 2486 mentione

1157 2513 1187 2540 et
1212 2507 1420 2550 expressione
1448 2507 1548 2549 digni,
1569 2507 1600 2539 in
1623 2506 1805 2550 praemissis
1831 2517 1890 2538 seu

1156 2571 1268 2593 eorum
1293 2560 1401 2603 aliquo
1428 2560 1476 2592 ius
1512 2561 1560 2592 vel
1586 2559 1741 2591 interesse
1768 2559 1889 2591 liaben-

1157 2619 1223 2655 tes,
1250 2623 1304 2646 seu
1331 2613 1449 2645 habere
1476 2612 1719 2656 quomodolibet
1742 2618 1888 2654 praeten-

1774 235 1838 269 437
1886 244 1933 270 An.
1951 243 1979 270 c.
2003 240 2069 271 1073

1937 620 2021 640 Mandat
2037 623 2072 641 ob·

1890 650 2015 667 servantiam
2031 653 2073 666 oin-

1891 680 1944 692 mum
1962 680 2023 698 -upra
2040 674 2072 692 dt-

1891 703 1970 719 ctorum
1986 702 2073 719 statuto·

1891 732 1934 745 rum
1947 729 1965 745 ot
1977 726 2074 746 decretu-

1891 758 1942 772 rum.

1937 1776 2024 1803 Supptei
2039 1783 2081 1797 om*

1897 1810 1933 1824 nes
1948 1804 2049 1824 desectus.
