2279 3260
135 172 184 198 Λιι.
201 168 229 198 C.
251 170 319 198 1670

195 2280 329 2307 Dteponmuo

146 2307 173 2329 ad
191 2308 302 2327 beneficia.

953 161 1094 191 ciniinxs
1117 167 1134 189 x
1160 167 1207 190 1¹1³.

324 220 388 258 lia,
416 219 542 262 aliaque
567 216 765 261 temporalia,
791 216 925 249 mobilia
950 220 981 248 et
1005 216 1062 247 im-

325 271 455 304 mobilia
480 276 512 304 et
537 270 745 310 semovenda,
764 279 892 302 necnon
919 268 1062 300 actiones

326 330 358 356 et
382 325 450 356 iura
475 323 657 367 praesentia
684 328 715 354 et
740 322 863 360 sutura,
888 316 1083 353 cuiuscuin-'

326 386 388 418 que
413 375 584 419 qualitatis,
611 374 796 418 quantitatis
821 379 852 406 et
876 379 1019 413 naturae,
1034 378 1065 405 et

327 428 465 460 cuiusvis
501 427 595 460 etiam
630 427 727 460 annui
764 426 880 459 valoris
915 426 1061 465 fruetus,

326 481 473 513 redditus
503 486 534 513 et
566 486 744 524 proventus
776 479 963 512 huiusmodi
1000 478 1060 510 sint

328 534 378 565 vel
405 533 546 573 suerint,
573 543 609 565 ao
642 532 736 564 etiam
771 541 992 575 quaecumque
1025 531 1064 562 ab

328 586 393 618 illis
417 586 605 624 vendenda,
633 596 669 617 ac
694 595 752 627 pro
778 585 908 617 illorum
935 583 1065 616 familia—

329 649 463 681 rumque
488 649 616 670 suarum
641 638 751 670 usibus
778 637 922 676 emenda,
942 636 981 668 ab
999 646 1066 668 om-
1084 632 1086 637 '

329 692 424 724 nibus
450 696 482 723 et
507 691 763 734 quibuscumque
782 690 926 729 decimis,
945 688 1065 732 quartis

329 750 358 777 et
377 743 518 776 dimidiis
537 743 694 786 partibus,
712 742 864 775 subsidiis
882 742 976 774 etiam
995 742 1066 774 clia—

329 797 476 835 ritanus,
504 807 629 828 necnon
654 795 874 837 vectigalibus,
900 795 1064 837 portoriis,
1086 789 1087 792 ¹

332 849 468 888 tributis,
486 848 588 888 datiiS,
607 848 766 890 pedagiis,
784 848 935 883 collectis,
950 852 981 880 et
994 857 1067 889 quo-

331 912 468 944 cumque
494 902 557 933 alio
587 900 716 933 nomine
752 900 947 943 nuncupatis
971 910 1087 942 angit-¹

329 954 398 993 riis,
423 952 632 996 parangariis,
655 952 836 995 ceterisque
862 952 1015 984 oneribus
1037 952 1088 1001 et}

331 1005 632 1044 contrilnitionibus,
655 1010 718 1037 tam
745 1005 878 1037 urbanis
905 1008 998 1046 quam
1016 1015 1068 1036 ru—

331 1110 427 1150 libus‚
450 1110 674 1153 personalibus
700 1116 731 1143 et
756 1110 874 1150 mixtis,
900 1110 994 1143 etiam
1019 1121 1068 1142 ra-

332 1163 420 1196 tione
438 1164 654 1196 munitionum
676 1163 842 1196 moenium
860 1168 891 1196 et
910 1163 1066 1206 pontium,

331 1222 498 1259 portarum
533 1221 565 1249 et
588 1216 808 1249 moliturarum
846 1221 877 1248 et
911 1215 1067 1248 moreium

332 1268 559 1310 cuiuscumque
585 1268 726 1310 generis,
744 1268 907 1307 transitus,
925 1278 979 1300 sen
1000 1278 1068 1311 pas-

332 1331 384 1353 sus
410 1327 442 1353 et
465 1326 623 1361 vecturae,
650 1321 746 1353 etiam
771 1321 802 1354 in
824 1321 913 1354 aliud
939 1319 1090 1354 territo-¹

333 1375 417 1407 rium
452 1385 508 1407 seu
545 1375 767 1418 provinciam,
803 1377 910 1414 terra,
935 1375 1013 1407 mari
1040 1380 1067 1407 et

332 1428 479 1467 flumine,
506 1438 633 1460 necnon
666 1438 824 1471 equorum
849 1430 1069 1469 mortuoriun,

332 1481 585 1513 stabulationum
611 1480 760 1520 militum,
788 1481 998 1514 institutionis
1023 1492 1071 1513 se-

333 1533 459 1566 minarii
482 1534 699 1574 ecclesiastici,
719 1540 770 1567 aut
793 1545 992 1577 quacumque
1011 1535 1070 1567 alia

333 1586 534 1628 quantumvis
545 1587 633 1628 gravi
644 1593 675 1619 et
688 1587 875 1629 gravissima
889 1589 983 1619 eausa
997 1587 1071 1630 (pro

333 1639 549 1671 subventione
581 1645 694 1672 eontra
728 1640 876 1672 infideles
908 1640 1069 1672 dumtaxat

334 1693 478 1735 excepta)
497 1702 582 1724 nune
605 1697 636 1724 et
650 1703 710 1735 pro
733 1697 878 1736 tempore
904 1692 1070 1735 impositis,

334 1746 379 1778 ita
393 1745 480 1788 quod
498 1744 544 1777 illi
566 1749 597 1778 et
620 1745 758 1788 quilibet
780 1756 891 1778 eorum
905 1746 987 1778 nihil
1006 1758 1072 1779 om-

333 1798 412 1831 nino
430 1798 548 1830 horum
566 1803 619 1830 aut
636 1798 772 1831 aliorum
792 1798 943 1831 similium
963 1799 1071 1832 subire

335 1855 516 1890 teneantur,
535 1861 596 1883 nee
616 1861 676 1894 per
693 1861 840 1884 camerae
862 1851 1070 1894 apostolieae,

335 1909 389 1935 aut
412 1903 493 1935 alios
511 1903 753 1935 commissarios
785 1914 838 1936 seu
864 1904 1071 1947 vectigalium

336 1960 368 1988 et
393 1955 586 1988 tributorum
616 1955 799 1989 huiusmodi
829 1956 1094 2000 redemptoress

336 2009 553 2041 conductores
587 2013 618 2041 et
648 2014 837 2049 exactores,
869 2016 1095 2053 spicat-umque

335 2061 527 2104 privilegio,
553 2062 755 2104 exemptione
782 2068 813 2094 et
837 2063 985 2095 facultate
1011 2064 1075 2095 sus-

338 2114 448 2154 sultos,
472 2115 549 2146 alias
570 2125 665 2157 quam
688 2120 723 2147 ut
743 2116 923 2157 praefertur
949 2117 1076 2149 valcant
1094 2127 1096 2152 3
1118 2126 1173 2148 eos
1195 2121 1229 2147 ut
1247 2126 1346 2148 onera
1369 2115 1487 2148 eisdem
1507 2115 1718 2157 dignitatibus
1745 2119 1778 2146 et
1800 2114 1856 2146 be-

338 2168 507 2208 coaretari,
527 2168 681 2211 quamdiu
699 2169 837 2201 servitiis
854 2169 971 2201 nestrIs
990 2169 1075 2201 insti-

339 2221 438 2254 terint
454 2221 628 2261 dumtaxat„
648 2221 815 2254 eximimus
832 2227 863 2254 et
885 2222 1072 2255 libera-unus.
1096 2244 1097 2247 =

384 2274 398 2316 ξ
421 2273 453 2305 4.
481 2274 526 2307 Ad
553 2274 634 2306 haee
659 2284 729 2306 eum
755 2274 892 2314 eisdem,
919 2280 954 2306 ut
979 2277 1097 2317 quae-J

341 2337 477 2369 cumque
503 2327 565 2359 duo
588 2327 767 2365 dissimilia,
786 2329 836 2360 vel
857 2328 1018 2370 simplicia
1036 2329 1076 2360 si-

342 2379 441 2418 milia,
469 2379 528 2410 sub
564 2379 700 2421 singulis
739 2380 840 2412 tribus
876 2381 968 2412 tectis
995 2392 1074 2423 qua-

342 2442 552 2474 rumcumque
583 2432 679 2464 trium
711 2433 945 2466 cathedralium
981 2434 1077 2466 etiam

342 2485 669 2527 metropolitanarum
695 2491 749 2518 aut
769 2486 903 2519 aliarum
931 2487 1080 2519 eeclesia-

342 2548 413 2570 rum
437 2537 658 2578 consistentia,
684 2539 806 2571 etiamsi
832 2550 931 2572 unum
957 2550 992 2572 cx
1014 2540 1077 2571 illis

1102 215 1254 247 omnibus
1279 225 1349 246 curn
1375 216 1470 255 cuia,
1503 220 1553 247 aut
1582 215 1718 257 dignitas
1743 214 1838 247 ‹niam

1104 267 1206 299 maior
1220 272 1251 299 et
1264 267 1465 310 principalis,
1484 268 1690 299 canonicatus
1705 272 1736 299 et
1749 277 1842 309 prae-

1104 319 1222 359 benda,
1242 325 1445 362 personatus,
1466 319 1702 351 administratio
1727 321 1776 351 vel
1798 320 1843 351 os-

1105 371 1211 404 ticium
1239 372 1356 411 suerit,
1381 377 1412 403 ct
1437 372 1474 403 ad
1501 371 1705 414 dignitatem,
1732 382 1843 414 perso-

1106 420 1236 464 uatum,
1270 424 1581 456 administrationem
1616 425 1664 456 vel
1702 423 1841 456 osticium

1106 476 1291 509 huiusmodi
1322 476 1525 508 consueverit
1542 476 1610 519 quis
1636 486 1694 518 per
1719 475 1843 507 electio-

1106 540 1177 562 nem
1203 529 1331 568 assumi,
1358 529 1467 572 eisque
1493 540 1566 561 cura
1597 529 1691 561 etiam
1716 528 1844 561 iurisdi-

1106 572 1254 615 etionalis
1289 582 1453 614 immineat
1489 581 1699 621 animarum,
1738 581 1762 612 si
1799 581 1844 612 cis

1106 635 1184 676 alifis
1203 635 1356 667 canonice
1371 635 1578 667 conserantur
1595 639 1650 666 aut
1674 633 1841 675 eligantur,

1106 693 1357 731 praesententur
1381 694 1434 720 aut
1465 687 1542 720 alias
1575 693 1779 719 assumantur
1805 687 1842 719 ad

1107 741 1171 781 illa,
1197 745 1229 773 et
1252 740 1464 772 instituuntur
1489 740 1520 772 in
1550 740 1604 780 eis,
1627 739 1780 782 recipere,
1800 745 1841 778 et,

1108 793 1280 825 dummodo
1307 793 1361 825 illa
1386 793 1494 825 omnia
1515 794 1594 835 (uno
1609 793 1754 835 excepto)
1776 803 1845 834 pcr-

1108 847 1252 878 sonalein
1279 846 1485 878 residentiam
1512 856 1576 877 non
1603 846 1779 888 requirant,
1797 845 1845 877 in-

1109 899 1204 931 simul
1230 899 1334 942 quoad
1363 899 1501 931 vixerint
1525 900 1687 937 rctinere3
1716 909 1844 931 necnon

1108 952 1212 991 etiam,
1224 951 1376 994 quamdiu
1390 952 1483 983 nobis
1496 951 1702 984 inservierint
1713 956 1844 990 tantum,

1087 1004 1141 1046 ¹in
1166 1003 1332 1036 benetleiis
1369 1004 1615 1043 ecelesiasticis,
1641 1014 1703 1036 non
1739 1009 1845 1035 tamen

331 1058 431 1097 stieis,
451 1058 624 1090 ordinariis
651 1062 682 1090 et
706 1057 981 1098 extraordinariis,
999 1067 1068 1089 rea-
1087 1054 1088 1075 ³

1109 1057 1350 1100 parochialibus
1365 1057 1414 1088 vel
1433 1067 1540 1089 euram
1561 1057 1737 1089 animarum
1753 1067 1847 1099 paro-

1109 1110 1300 1142 chianorum
1319 1110 1527 1150 habentibus,
1546 1120 1605 1153 per
1622 1121 1678 1142 eos
1697 1120 1755 1152 pro
1774 1115 1837 1141 tem

1109 1173 1187 1206 pore
1213 1163 1372 1203 obtentis,
1400 1162 1494 1195 etiam
1521 1163 1559 1195 de
1589 1162 1678 1201 iure,
1705 1167 1821 1194 statuto
1838 1188 1846 1201 ,

1112 1213 1298 1248 fundatione
1318 1216 1366 1248 vel
1385 1215 1554 1258 privilegio
1576 1215 1782 1258 personalem
1799 1225 1849 1247 re-

1111 1269 1282 1301 sidentiam
1311 1268 1562 1311 requirentibus,
1593 1267 1718 1300 etiamsi
1748 1267 1850 1309 digni-

1112 1327 1191 1354 tates
1216 1321 1248 1353 in
1263 1321 1521 1364 metropolitanis
1534 1322 1582 1353 vel
1609 1320 1849 1353 cathedralibus

1111 1374 1251 1406 maiores
1269 1379 1300 1406 et
1320 1373 1352 1405 in
1373 1373 1553 1415 collegiatis
1571 1372 1717 1405 ecclesiis
1736 1372 1851 1405 liuius-

1089 1426 1198 1462 ,smodi
1224 1426 1420 1470 principales
1454 1426 1596 1467 suerint,
1634 1426 1850 1469 personaliter

1113 1480 1255 1513 residere
1280 1490 1346 1512 non
1371 1484 1560 1519 teneantur,
1588 1489 1647 1511 nec
1672 1479 1709 1511 ad
1735 1479 1765 1511 id
1793 1489 1851 1521 per

1114 1534 1260 1565 locorum
1281 1532 1467 1564 Ordinarios
1486 1542 1541 1565 seu
1568 1531 1778 1564 eeclesiarum
1800 1542 1851 1564 ea-

1114 1585 1262 1618 rumdem
1286 1584 1437 1627 capitula,
1464 1590 1517 1617 aut
1541 1585 1669 1627 quosvis
1695 1584 1785 1623 alios,
1811 1584 1851 1616 ad

1114 1637 1324 1670 residendum
1349 1637 1477 1669 interim
1505 1637 1535 1669 in
1561 1637 1625 1669 illis
1651 1636 1741 1668 iuviti
1767 1646 1852 1668 coni-

1114 1691 1193 1734 pelli
1213 1691 1347 1734 possint,
1367 1701 1544 1734 omnesque
1571 1696 1602 1722 et
1621 1690 1762 1732 singulos
1781 1690 1853 1722 illo-

1116 1756 1183 1777 rmn
1202 1744 1433 1777 beneficiorum
1455 1745 1661 1777 obtentorum
1684 1744 1803 1775 fructus
1822 1748 1853 1775 et

1115 1798 1261 1831 redditus
1289 1798 1425 1830 durante
1444 1798 1573 1830 servitio
1594 1797 1761 1840 praedicto
1780 1807 1853 1828 eum

1093 1881 1094 1885 ,
1116 1854 1151 1883 ea
1176 1850 1361 1893 integritate
1379 1850 1677 1893 (distributionibus
1696 1849 1854 1892 quotidia-

1116 1905 1164 1936 nis
1194 1904 1357 1936 dumtaxat
1383 1903 1556 1946 exeeptis),
1591 1914 1661 1935 cuin
1695 1914 1757 1945 qua
1781 1902 1854 1935 illos

1116 1958 1324 2001 perciperent
1354 1956 1379 1989 si
1411 1956 1442 1989 in
1468 1956 1588 1989 eisdem
1615 1955 1760 1989 ecelesiis
1788 1955 1853 1988 sire

1118 2010 1197 2042 loeis
1223 2009 1437 2052 personaliter
1460 2009 1653 2046 residerent,
1674 2008 1853 2051 percipere,

1117 2063 1246 2105 exigere
1280 2067 1311 2094 et
1342 2064 1468 2103 levare,
1502 2062 1632 2105 proviso
1666 2066 1771 2093 tamen
1798 2071 1856 2103 per

1119 2168 1240 2201 netieiis
1269 2169 1379 2211 quovis
1405 2169 1500 2200 inodo
1531 2167 1748 2199 incumbentia
1779 2177 1856 2200 con—

1120 2233 1197 2265 grue
1224 2227 1465 2264 supportentur.

1164 2276 1177 2317 ἐ
1204 2274 1233 2307 5.
1261 2274 1405 2313 Νιᾞῃζηι,
1433 2274 1557 2306 etiamsi
1583 2272 1764 2316 presbyteri
1792 2273 1858 2305 sue-

1121 2327 1193 2367 rint,
1215 2339 1251 2360 ac
1277 2328 1449 2370 dignitates
1468 2333 1497 2359 et
1517 2327 1621 2360 ot'ticia
1646 2327 1856 2364 obtinuerint,

1123 2383 1209 2423 leges
1241 2388 1271 2413 et
1306 2381 1375 2412 iura
1413 2381 1518 2413 civilia
1551 2381 1645 2412 etiam
1672 2380 1798 2423 publice
1826 2380 1856 2411 in

1122 2433 1241 2465 scliolis
1267 2439 1297 2466 et
1322 2433 1584 2465 1¹1iiv·rsitatibus
1601 2433 1778 2465 studiorum
1805 2443 1858 2474 ge-

1122 2486 1277 2519 neralium
1313 2487 1349 2517 ad
1389 2486 1647 2528 spi'nspienniuiu
1674 2486 1855 2523 dumtaxat,

1099 2561 1100 2579 t
1123 2540 1298 2572 dummodo
1320 2540 1416 2572 iidem
1445 2539 1641 2579 triers-tumui
1668 2538 1777 2570 aetatis
1803 2549 1858 2569 an—

1734 153 1797 189 ltt7
1845 164 1893 191 Ar..
1914 164 1943 190 c..
1968 162 2035 189 ωτι)

1894 2278 1997 2300 Indui⁸um
2014 2278 2051 2297 do-

1869 2307 1928 2326 conl·
1946 2307 2009 2331 trgi-³,
