2279 3260
236 254 286 280 An,
308 254 328 279 C
357 254 425 281 ¹670

287 1992 436 2017 'rmnnmnpto-

250 2024 296 2039 Cum
312 2018 370 2038 fides.

470 245 511 278 «ts
1008 254 1185 277 numanum
1212 252 1361 276 nouxxuu

431 303 554 345 pressio
580 302 729 335 habenda
755 302 851 342 soret,
878 307 930 334 aut
966 302 1074 344 aliqua
1102 301 1163 333 alia

431 354 588 397 exquisita
612 356 712 387 fornia
739 355 777 387 ad
804 355 865 387 hoc
890 354 1046 386 servanda
1067 353 1161 391 soret,

431 416 542 439 eorum
568 412 711 446 tenores,
739 419 774 439 ae
799 407 824 438 si
850 407 889 438 de
914 406 1012 438 verbo
1037 405 1076 436 ad
1100 413 1165 435 ver-

430 460 507 492 bum
533 460 614 492 nihil
652 460 779 502 penitus
805 459 924 491 omisso
950 462 982 489 et
1008 457 1108 489 forma
1133 454 1164 486 in

432 512 495 545 illis
533 512 646 544 tradita
683 512 849 544 observata
885 508 997 541 inserti
1038 508 1165 545 forent,

432 565 656 608 praesentibus
694 575 752 607 pro
786 565 882 606 plene
913 567 944 594 et
968 559 1166 593 sufficienter

433 618 593 660 expressis
615 617 779 655 habentes,
800 616 861 648 illis
880 615 957 647 alias
984 613 1015 645 in
1041 622 1098 645 suo
1116 622 1167 643 ro—

434 670 510 702 bore
525 669 756 712 permansuris,
771 669 829 700 hac
845 667 911 699 vice.
926 666 1087 698 dumtaxat
1101 674 1166 706 spc-

434 722 558 755 cialiter
582 727 614 754 et
649 731 799 764 expresse
831 720 944 751 harum
970 717 1054 750 serie
1079 721 1166 749 motu

434 774 503 817 pari
529 775 744 816 derogamus,
778 772 961 814 ceterisque
995 769 1166 803 contrariis

435 826 698 869 quibuscumque,
714 836 784 856 cum
798 823 952 856 clausulis
966 820 1167 865 opportunis.

717 877 793 910 Fiat
819 880 907 908 motu
931 875 1063 918 proprio
1088 874 1121 906 E.

479 932 515 964 Et
539 942 610 964 cum
635 930 839 962 absolutione
857 940 872 961 a
894 927 1039 961 censuris
1064 926 1101 958 ad
1127 926 1170 957 es-

436 986 563 1023 sectum,
590 988 672 1022 etc.‚
700 988 732 1015 et
756 982 789 1014 in
814 981 941 1014 casibus
975 980 1105 1021 regulae
1131 978 1169 1010 de

436 1036 746 1075 insordesceutibus,
769 1045 841 1067 cuni
867 1034 1047 1077 opportuna
1072 1031 1169 1070 illius,

437 1100 563 1122 necnon
581 1087 710 1120 alterius
737 1088 868 1129 regulae
887 1086 925 1118 de
943 1095 1006 1118 non
1025 1084 1170 1117 tollendo

437 1142 506 1175 iure
525 1141 683 1184 quaesito,
703 1140 839 1181 aliisque
859 1137 1049 1171 necessariis
1070 1142 1101 1168 et
1117 1146 1172 1178 op-

438 1194 585 1236 portunis
612 1192 888 1234 derogationibus,
908 1195 1065 1233 quatenus
1090 1199 1170 1231 opus

437 1247 488 1287 sit,
511 1251 542 1279 et
565 1246 650 1288 quod
677 1245 886 1282 indultorum,
913 1241 1169 1280 concessionum,

438 1299 612 1342 gratiarum
631 1325 637 1337 ,
663 1296 934 1339 derogationum,
968 1294 1171 1336 aliorumque

439 1351 692 1394 praemissorum
729 1349 871 1381 omnium
905 1352 937 1379 et
969 1347 1171 1389 singulorum

438 1404 540 1437 maior
564 1408 595 1436 et
618 1403 723 1435 verior
747 1401 944 1445 specificatio
966 1406 997 1433 et
1014 1399 1172 1442 expositio

439 1457 507 1489 [ieri
533 1457 637 1500 possit
661 1456 692 1488 in
719 1455 846 1494 litteris,
865 1455 898 1486 in
924 1453 1040 1496 quibus
1065 1452 1174 1494 singu-

439 1512 543 1544 lorum
576 1509 794 1552 dapil‘erorum
831 1507 963 1540 nomiua
994 1511 1025 1539 et
1055 1503 1175 1547 cogno-

440 1557 536 1602 mina,
563 1562 707 1601 ordines,
734 1560 913 1604 qualitates,
940 1559 1064 1601 gradus,
1091 1558 1176 1590 dioe-

441 1626 542 1655 ceses,
570 1614 692 1657 patriae
719 1619 751 1646 et
775 1613 836 1645 alia
860 1611 1016 1654 requisita
1040 1610 1174 1653 exprimi

442 1674 474 1701 et
498 1668 646 1707 describi,
664 1678 721 1699 seu
747 1677 804 1709 pro
830 1664 992 1708 expressis
1013 1669 1044 1697 et
1061 1663 1166 1696 deseri

442 1720 506 1763 ptis
533 1719 647 1752 haberi
672 1718 813 1761 possint,
839 1717 927 1749 iuxta
952 1717 1096 1749 notulam
1121 1726 1177 1758 per

443 1772 530 1815 ipsos
563 1782 621 1804 seu
654 1782 768 1804 eorum
793 1771 964 1813 deputatos
989 1769 1176 1807 consectam,

443 1824 537 1856 simul
556 1825 603 1856 vel
629 1824 667 1856 ad
692 1828 828 1866 mrtem,
851 1822 946 1854 etiam
971 1822 1003 1853 in
1031 1822 1095 1853 una
1114 1831 1177 1853 non

446 1878 527 1909 sacta
550 1876 715 1909 mentione
743 1876 781 1907 de
806 1875 867 1907 alia
898 1875 947 1907 vel
972 1873 1056 1913 aliis,
1083 1878 1177 1916 prout

446 1929 605 1962 videbitur
629 1928 792 1972 expedire,
819 1933 881 1960 etc.

491 1983 506 2025 ἓ
525 1982 578 2014 12.
596 1982 747 2014 Volumus
771 1986 875 2013 autem
894 1980 979 2023 quod
1002 1979 1179 2012 litterarum

447 2045 546 2078 super
562 2033 786 2076 praesentibus
804 2032 1077 2065 conficiendarum
1098 2036 1182 2063 tran-

447 2087 592 2130 sumptis,
617 2086 713 2119 etiam
742 2084 927 2127 impressis,
953 2089 985 2116 et
1019 2084 1126 2126 sigillo
1152 2088 1182 2116 et

446 2151 541 2173 manu
562 2138 694 2172 alicuius
718 2147 877 2180 personae
898 2137 931 2169 in
952 2136 1108 2179 dignitate
1133 2147 1183 2169 ec-

447 2192 626 2226 clesiastica
642 2191 835 2223 constitutae
851 2189 982 2222 munitis
998 2195 1030 2221 et
1045 2190 1184 2222 subscri-

448 2245 512 2288 ptis
529 2271 536 2285 ,
561 2244 673 2277 eadem
697 2242 776 2275 tides
800 2248 862 2274 tam
886 2242 919 2274 in
946 2242 1064 2275 iudicio
1088 2252 1181 2284 quam

449 2303 539 2330 extra
564 2296 645 2329 illud
675 2295 876 2335 adhibeatur,
898 2294 996 2337 quae¹
1022 2294 1184 2337 originali-

450 2351 507 2383 bus
533 2349 648 2382 litteris
675 2348 884 2380 adhiberetur
905 2347 930 2379 si
965 2348 1071 2380 forent
1095 2348 1184 2380 exhi-
1205 2377 1207 2388 ,

450 2403 534 2435 bitae
552 2403 598 2434 vel
622 2407 783 2434 ostensae.
807 2400 959 2433 Volumus
975 2406 1079 2433 autcm
1098 2401 1184 2443 quod

448 2457 514 2488 sola
539 2454 721 2498 praesentis
748 2454 981 2496 motusproprii
1014 2454 1113 2486 nostri
1144 2454 1186 2486 si-

449 2515 585 2551 guuusa
603 2507 752 2547 sufficiat,
773 2506 825 2539 et⁹
842 2506 962 2549 ubique
979 2506 1075 2539 fidem
1095 2507 1187 2538 saciat

487 2581 495 2604 1
515 2578 581 2605 Male
592 2578 657 2604 edit.
670 2577 750 2604 Main.
766 2576 828 2610 legit
844 2586 931 2610 quam
945 2585 990 2611 pro
1002 2585 1075 2611 quae
1087 2583 1124 2611 (R.
1137 2577 1184 2609 T.].

485 2624 501 2652 2
521 2622 661 2650 Couhmct.
679 2625 706 2650 et
722 2630 770 2649 nos
785 2621 907 2649 addimus
922 2627 958 2655 (n.
975 2624 1024 2652 τ.).

1208 300 1240 332 in
1265 300 1384 332 iudicio
1419 304 1450 331 et
1484 305 1573 333 extra
1606 301 1702 338 illud,
1729 300 1840 342 regula
1865 308 1941 341 qua-

1208 363 1345 395 cumque
1371 352 1534 385 contraria
1559 363 1623 385 uon
1648 353 1808 385 obstante.

1716 404 1793 436 Fiat
1817 403 1851 435 E.

1251 455 1362 488 Datum
1384 456 1511 495 Romae,
1534 457 1616 499 apud
1642 456 1672 488 S.
1701 456 1829 488 Maiiam
1849 455 1943 487 Maio-

1211 517 1288 547 rem,
1304 518 1381 540 xviu
1404 508 1557 540 kalendas
1576 508 1645 540 iulii
1664 517 1798 547 mnemx,
1816 517 1900 540 anno
1921 517 1941 540 1.

1245 567 1305 593 Dat.
1321 568 1364 594 die
1382 568 1414 594 14
1429 567 1495 594 iunii
1514 568 1590 601 1670,
1608 568 1702 603 pontif.
1720 576 1790 594 anno
1806 574 1824 595 ι.

1209 654 1351 687 Nomina
1376 654 1708 687 eminentissimorum
1737 655 1945 687 dominorum

1253 707 1475 739 cardinalium
1489 711 1517 739 el
1534 707 1756 750 dapiferorum
1767 712 1842 740 sunl
1856 707 1943 747 haec,

1253 770 1336 802 quae
1359 763 1525 803 sequntur.

1255 839 1399 871 AEuitms
1424 838 1591 877 Ati-smus,
1616 847 1701 870 nunc
1717 837 1891 871 CLEMENS
1908 839 1945 877 X,

1213 892 1391 930 Romanum
1415 892 1531 934 loseph
1558 892 1693 924 Barbius
1713 891 1867 923 sacerdos
1885 896 1948 923 ter-

1213 955 1266 976 rae
1283 945 1314 976 S.
1330 943 1457 976 Genesii
1476 943 1720 983 Camerinensis,
1742 948 1854 975 noster
1870 943 1947 976 dum

1212 996 1427 1029 cardinalatus
1453 997 1578 1028 honore
1605 996 1827 1038 fungebamur.

1472 1065 1618 1098 EPISCOPI
1642 1075 1686 1099 v1.

1257 1127 1445 1159 Franciscus
1470 1127 1641 1170 episcopus
1667 1121 1839 1167 Ostiensis,
1865 1127 1948 1160 sacri

1214 1180 1341 1222 collegii
1368 1180 1519 1221 decanus,
1553 1179 1724 1212 cardinalis
1755 1180 1949 1212 Barberinus

1214 1227 1243 1265 S.
1272 1233 1308 1264 R.
1336 1232 1370 1265 Ε.
1398 1231 1681 1264 vicecancellarius
1715 1226 1950 1271 et'sununista,

1215 1285 1440 1325 Florentinus3
1467 1285 1565 1317 abbas
1598 1284 1728 1317 Carolus
1753 1284 1949 1325 Franconus,

1214 1338 1456 1381 Neapolitanus.

1258 1391 1412 1423 Martinus
1441 1390 1612 1433 episcopus
1636 1390 1824 1423 Portuensis
1850 1390 1952 1423 cardi-

1217 1443 1297 1475 nalis
1322 1443 1467 1476 Ginettus
1493 1443 1523 1475 S.
1543 1443 1578 1475 D.
1598 1442 1634 1475 N.
1662 1443 1766 1486 Papae
1791 1443 1952 1483 vicarius,

1218 1495 1419 1535 Veliternus,
1446 1495 1561 1538 loseph
1586 1495 1724 1536 Crucius,
1750 1495 1949 1528 Tiburtinus.

1262 1547 1419 1580 Antonius
1446 1548 1649 1589 Barberinus,
1668 1549 1839 1592 episcopus
1859 1548 1953 1580 Prae-

1219 1600 1381 1641 nestinus,
1409 1600 1582 1633 cardinalis
1607 1601 1764 1633 Antonius
1790 1611 1955 1644 nuncupa-

1220 1659 1278 1693 tus,
1297 1653 1566 1696 archiepiscopus
1582 1653 1785 1693 Rhemensis,
1802 1654 1834 1686 S.
1857 1654 1893 1686 R.
1917 1654 1951 1685 E.

1220 1705 1427 1745 camerarius,
1448 1706 1633 1748 signaturae
1659 1707 1808 1739 Brevium
1832 1707 1956 1749 praese-

1220 1764 1297 1799 ctus,
1312 1758 1487 1799 Romanus,
1502 1758 1624 1802 Gaspar
1636 1759 1883 1799 Mareaccionus,
1897 1759 1956 1792 Ro-

1221 1822 1348 1843 manus.

1265 1864 1452 1896 Franciscus
1478 1863 1582 1904 Maria,
1609 1864 1782 1907 episcopus
1807 1863 1957 1896 Tuscula-

1222 1927 1303 1957 nus,
1329 1916 1502 1949 cardinalis
1526 1916 1749 1956 Brancaccius,
1782 1916 1955 1960 episcopus

1222 1969 1442 2010 Viterbiensis,
1469 1969 1718 2012 Neapolitanus,
1736 1970 1958 2012 Archangelus

1224 2023 1263 2056 de
1288 2023 1406 2063 Paulis,
1431 2022 1565 2055 clericus
1590 2022 1786 2065 Eugubinus.

1268 2075 1434 2108 Uldericus
1459 2075 1629 2118 episcopus
1653 2075 1864 2116 Albanensis‚
1892 2085 1961 2108 car-

1226 2129 1342 2162 dinalis
1374 2128 1571 2171 Carpineus,
1596 2128 1838 2168 Urbinatensis;
1864 2128 1960 2162 Ulde-

1226 2182 1311 2214 rieus
1332 2181 1428 2213 Nardi
1447 2181 1485 2213 de
1504 2180 1604 2223 Poppi
1624 2181 1773 2213 Aretinae
1789 2181 1958 2214 dioecesis.

1270 2234 1368 2266 lulius
1387 2233 1558 2276 episcopus
1576 2233 1771 2274 Sabinensis3
1790 2234 1961 2266 cardinalis

1204 2292 1206 2311 '¹
1227 2287 1405 2320 Gabriellus
1420 2286 1594 2329 episcopus
1606 2286 1771 2326 Reatinus,
1785 2287 1961 2326 Romanus,

1227 2340 1342 2383 Ioseph
1370 2339 1586 2379 Lilmrator11s,
1613 2339 1746 2372 clericus
1771 2341 1960 2373 Asculanus.

1431 2411 1624 2433 misssmrssiu
1647 2411 1757 2434 vaiu.

1271 2454 1432 2496 Virginius
1471 2454 1553 2486 tituli
1585 2453 1615 2487 S.
1648 2453 1813 2486 Laurentii
1844 2453 1876 2486 in
1905 2454 1949 2486 Lu

1229 2509 1309 2548 cina,
1329 2507 1417 2550 prior
1435 2507 1705 2549 presbyterorum,
1719 2507 1892 2539 cardinalis
1909 2507 1966 2539 Ur-

1230 2561 1331 2599 sinus,
1359 2559 1540 2598 Romauus3
1561 2559 1722 2592 Robcrtus
1742 2559 1886 2600 Ursinus,
1903 2560 1967 2593 cle-

1231 2613 1314 2646 ricus
1341 2612 1514 2647 Romanus.

1687 2667 1703 2675 ›-

1948 249 1998 275 Αη.
2020 247 2048 275 C.
2066 247 2135 276 ¹670
