2279 3260
214 269 261 295 An.
281 269 309 296 C.
334 264 403 294 lss'lss
445 258 509 290 GM

404 370 508 402 Deum
533 369 719 408 laudamus,
746 374 777 401 et
801 369 833 401 in
858 366 1005 400 laudibus
1024 376 1040 398 a
1058 365 1142 408 capi-

407 424 475 456 tulo
502 433 602 466 usque
628 423 666 455 ad
686 422 718 463 7⁴⁹-
740 421 972 455 Jleneclicamus
990 418 1139 457 Domino,

406 482 438 509 et
464 477 533 509 eius
554 480 587 518 13¹.
609 476 669 508 Deo
693 475 816 519 gratius
837 472 1001 506 inclusive.
1028 471 1062 503 ln
1090 470 1140 503 dio

406 541 479 563 vero
503 529 705 573 Epiphaniae
731 528 816 570 (cum
842 536 904 559 non
931 525 972 557 sit
992 524 1142 557 invitato-

406 583 504 626 rium)
520 583 550 615 in
570 581 664 615 tertio
682 585 840 613 nocturno
860 577 1043 611 cantabitur
1059 577 1142 620 psal-

406 647 476 670 mus
513 636 622 668 Venite
656 633 832 666 exultemus
864 642 936 664 cnm
969 633 1025 663 sua
1061 629 1142 662 anti-

406 690 527 733 phona.
563 689 596 721 ln
629 686 764 730 reliquis
794 695 871 717 vero
904 683 1086 727 duplicibus
1111 687 1142 715 et

406 741 673 785 semiduplieihus
700 740 788 771 solus
818 738 955 781 hymnus
983 737 1022 770 Te
1040 736 1143 768 Deum

408 795 594 828 laudamus.

450 858 493 882 1v.
542 847 576 879 In
620 845 781 878 cantando
818 844 947 886 integro
984 842 1142 879 matutino

407 912 479 936 cum
505 900 652 934 laudibus
678 897 902 942 expendantur
927 897 1041 929 saltem
1062 896 1142 928 duae

407 956 527 995 horae;
553 954 633 987 hora
656 963 731 985 vero
761 962 834 985 cum
856 950 988 984 dimidia
1013 949 1143 992 quando

407 1010 510 1042 solum
535 1006 660 1040 canitur
685 1004 917 1044 invitatorium,
950 1004 1088 1046 hymnus
1113 1009 1155 1035 et‘

412 1063 451 1095 Tc
461 1062 559 1095 Deum
576 1059 759 1098 laudamus,
771 1063 802 1091 et
815 1058 847 1090 in
864 1057 1012 1090 laudibus
1025 1068 1042 1089 a
1059 1056 1146 1099 capi-

407 1116 533 1155 tul0,et
557 1113 685 1157 quando
717 1112 857 1145 officium
891 1116 939 1143 est
974 1110 1012 1142 de
1045 1108 1146 1142 domi-

407 1168 488 1207 nica,
515 1172 546 1201 et
570 1166 711 1211 quando,
730 1165 807 1198 licet
830 1164 870 1197 sit
887 1163 984 1203 aliud,
1010 1173 1081 1195 eum
1107 1172 1145 1195 eo

407 1227 514 1254 tamen
538 1220 692 1253 recitatur
715 1218 855 1251 officium
872 1227 1006 1259 parvum
1031 1216 1145 1248 Beatae

407 1274 546 1317 Virginis
571 1272 686 1305 Mariae
712 1272 762 1304 vel
787 1271 1027 1309 Defunctornm;
1047 1268 1078 1300 in
1097 1279 1146 1300 re-

408 1327 506 1371 liquis
539 1337 615 1359 vero
641 1324 807 1357 matutinis
834 1328 865 1356 et
888 1322 1040 1355 laudibus
1067 1321 1146 1354 hora

407 1391 471 1413 una
497 1390 568 1412 eum
595 1378 787 1421 quadrante.

452 1444 482 1465 v.
517 1432 623 1464 Prima
655 1435 787 1463 canatur
816 1433 939 1461 tantum
976 1428 1008 1460 in
1039 1427 1148 1470 vigilia

408 1485 589 1520 Nativitatis
614 1483 754 1524 Domini,
783 1482 875 1516 tertia
892 1482 925 1515 in
943 1481 1031 1515 festis
1053 1481 1147 1513 feria-

409 1540 448 1573 tis
473 1539 597 1583 primae
624 1537 750 1577 classis,
787 1541 922 1578 excepto
953 1534 1003 1567 die
1030 1535 1148 1567 Ascen-

409 1592 510 1626 sionis
530 1619 537 1633 ,
563 1591 596 1624 in
625 1601 689 1634 quo
723 1589 906 1622 cantabitur
941 1599 1036 1621 nona.
1070 1588 1147 1620 Item

411 1646 444 1679 in
470 1645 558 1678 festis
582 1644 743 1677 secundae
768 1643 879 1675 classis
906 1641 1063 1685 (quamvis
1081 1651 1148 1673 non

412 1698 554 1741 seriatis)
580 1696 707 1730 Domini
740 1695 841 1729 nostri
871 1695 943 1728 Iesu
973 1694 1091 1728 Christi
1117 1699 1149 1727 et

412 1752 480 1785 eius
506 1751 559 1785 SS.
586 1750 704 1790 Matris,
730 1758 858 1782 necnon
891 1748 924 1781 in
957 1748 1045 1781 festis
1077 1758 1149 1781 san-

411 1810 536 1838 ctorum
560 1798 818 1848 patri‘areharum
850 1807 1033 1835 nostrorum
1058 1801 1149 1834 Ioan—

412 1859 461 1892 nis
476 1863 507 1892 et
519 1857 644 1898 Felicis,
658 1861 689 1889 et
702 1860 829 1889 sanetae
845 1855 977 1897 Agnetis
992 1855 1147 1887 secundo.

412 1912 447 1946 ln
472 1911 630 1944 cantanda
647 1914 754 1942 autem
771 1908 916 1952 qualibet
933 1908 1051 1941 minori
1069 1909 1151 1941 hora

413 1964 570 1999 canoniea
587 1968 795 1996 consumatur
805 1962 938 1995 dimidia
952 1962 1046 2002 hora;
1061 1972 1150 2005 quar-

413 2023 481 2051 tum
506 2027 581 2050 vero
606 2016 709 2049 horae
726 2015 816 2048 istius
842 2015 875 2047 in
900 2015 1148 2055 illa1·ecitanda;

415 2076 447 2105 et
471 2069 591 2113 aliquid
615 2069 763 2113 amplius,
791 2069 920 2113 quando
943 2069 1152 2111 coniungitur

417 2135 491 2158 cum
525 2123 630 2157 officio
666 2133 763 2166 parvo
800 2122 915 2155 Beatae
940 2122 1056 2155 Mariae
1086 2122 1154 2154 vir-

418 2178 515 2221 ginis.

460 2241 505 2265 v1.
532 2230 625 2263 Missa
649 2229 867 2263 conventualis
893 2234 1027 2262 canatur
1050 2229 1154 2262 omni-

416 2286 478 2318 bus
503 2284 627 2325 diebus,
653 2282 770 2326 quibus
805 2287 951 2316 cantatur
983 2283 1085 2322 tertia,
1122 2288 1154 2315 et

418 2337 570 2372 omnibus
595 2335 763 2370 dominicis
782 2341 815 2368 et
834 2336 947 2368 diebus
970 2336 1098 2375 feriatis,
1122 2342 1153 2369 ct

417 2392 450 2425 in
476 2390 703 2424 festivitatibus
729 2390 829 2423 nostri
853 2389 981 2422 Ordinis
1007 2395 1038 2423 et
1074 2391 1153 2423 Bea—

418 2450 468 2477 tae
496 2443 633 2487 Virginis
660 2443 784 2482 Mariae,
811 2453 846 2475 ac
870 2442 903 2474 in
928 2442 1006 2475 feria
1038 2447 1151 2485 quarm

418 2498 579 2538 Cfflerum,
606 2496 685 2530 feria
710 2495 821 2539 quinta
840 2495 870 2527 in
888 2495 993 2528 Corma
1015 2496 1149 2536 Domini,

417 2551 497 2584 feria
527 2552 615 2584 sexta
647 2550 679 2582 in
703 2549 888 2588 Parasceve,
914 2548 1052 2581 Sabbalo
1079 2560 1152 2582 san-

419 2611 481 2645 cte,
497 2605 606 2647 vigilia
616 2604 832 2642 Pentecostes‚
848 2606 879 2634 et
896 2601 928 2634 in
947 2601 997 2634 die
1012 2601 1153 2635 Comme-

417 2658 608 2693 morationis
622 2657 862 2697 Defunctorum,
878 2665 1004 2689 necnon
1023 2656 1151 2699 quando

980 264 1158 288 mmmmm!
1182 263 1334 289 nouantur

405 317 525 359 hymno
551 315 710 358 sequenti,
736 319 767 347 et
791 315 929 358 hymnus
948 322 1076 356 quoque
1102 311 1141 343 Tc
1162 331 1163 335 =

1184 312 1218 344 sit
1243 312 1383 346 officium
1416 314 1454 347 de
1488 315 1598 359 aliquo
1636 320 1746 348 saneto
1780 320 1919 357 martyre

1184 364 1215 397 in
1242 371 1403 399 conventu
1434 367 1490 400 illo
1523 368 1576 400 ubi
1614 379 1730 411 eorpus
1756 368 1804 401 vel
1840 368 1921 400 insi-

1184 418 1255 460 gnis
1282 418 1420 462 reliquia
1444 427 1636 454 asservatur.
1664 421 1797 465 Insuper
1814 421 1846 454 in
1867 421 1919 454 die

1184 472 1247 503 una
1271 471 1353 504 infra
1378 478 1520 505 octavam
1551 473 1699 506 Omnium
1730 474 1920 507 Sanctorum

1183 524 1367 557 cantabitur
1380 525 1500 568 vigilia,
1518 526 1614 559 missa
1634 532 1665 559 et
1691 528 1835 560 solemne
1852 537 1921 560 res-

1184 587 1322 620 ponsum
1347 589 1405 622 pro
1430 578 1564 622 captivis
1590 579 1762 612 defunctis.
1789 580 1823 612 In
1848 591 1922 613 can-

1185 631 1280 663 tanda
1300 636 1404 664 autem
1422 632 1568 675 qualibet
1590 632 1701 673 missa,
1721 638 1786 666 tres
1810 638 1920 677 partes

1185 685 1284 718 horae
1310 691 1556 726 consumantur,
1583 686 1616 719 in
1639 687 1805 720 recitanda
1830 698 1919 727 vero,

1185 738 1318 771 dimidia
1352 739 1444 772 hora.
1486 738 1578 777 Quod
1614 739 1640 771 si
1674 739 1745 782 quis
1784 740 1923 773 celerior

1185 791 1290 832 fuerit,
1317 803 1334 825 a
1358 792 1526 835 superiore
1552 793 1706 835 puniatur
1729 795 1835 836 poena
1859 794 1923 826 cul-

1185 855 1244 888 pae
1262 844 1400 885 mediae,
1433 845 1497 878 imo
1526 849 1558 878 et
1589 845 1693 888 gravis
1722 845 1747 878 si
1767 845 1805 878 de
1833 856 1923 880 moro

1186 898 1350 932 habuerit.

1229 963 1285 985 vn.
1312 952 1435 985 Primae
1461 957 1493 984 et
1513 952 1674 985 secundae
1692 962 1847 995 vesperae
1876 963 1927 985 ca-

1187 1010 1305 1038 nantur
1325 1005 1357 1038 in
1378 1005 1603 1038 festivitatibus
1621 1005 1744 1048 primae
1762 1009 1794 1038 ct
1812 1015 1927 1038 seeun-

1187 1059 1246 1092 dae
1271 1059 1392 1098 classis,
1420 1069 1502 1102 quae
1528 1059 1568 1091 ad
1593 1058 1766 1091 colendum
1784 1069 1926 1102 pronun-

1188 1113 1322 1152 ciantnr⁷
1348 1122 1384 1145 ac
1408 1111 1441 1144 in
1465 1112 1615 1144 omnibus
1640 1111 1761 1144 Christi
1786 1111 1925 1151 Domini,

1188 1171 1219 1198 et
1236 1166 1322 1199 illius
1343 1165 1564 1198 sanctissimae
1580 1164 1736 1205 Parentis,
1766 1165 1840 1198 licet
1860 1175 1925 1197 nen

1189 1218 1321 1258 feriatis,
1348 1223 1445 1261 atque
1478 1217 1573 1250 etiam
1599 1217 1631 1249 in
1662 1217 1776 1250 diebus
1801 1223 1927 1250 sancto-

1188 1283 1257 1304 rum
1284 1271 1542 1314 patriarcharum
1573 1270 1703 1303 Ioannis
1729 1275 1760 1302 et
1784 1270 1901 1303 Felicis
1917 1298 1925 1311 ,

1189 1330 1217 1358 el
1243 1325 1274 1357 S.
1303 1324 1435 1367 Agnetis
1462 1323 1795 1366 secundo.Vesperae
1822 1328 1929 1356 autem

1189 1378 1351 1411 secundae
1376 1377 1567 1410 Sanctorum
1599 1376 1749 1409 Omnium
1782 1376 1929 1409 dicantur

1189 1432 1258 1464 sine
1283 1435 1386 1470 cantu,
1413 1435 1445 1463 et
1474 1429 1519 1462 eis
1552 1428 1650 1462 sinitis
1675 1435 1831 1462 canantur
1862 1441 1931 1462 ves-

1190 1494 1287 1528 perae
1323 1484 1565 1516 Dcfunctorum.
1594 1482 1625 1515 Si
1663 1487 1773 1516 tamen
1813 1483 1930 1515 festum

1189 1537 1338 1570 Omnium
1363 1536 1551 1569 Sanctorum
1576 1536 1763 1569 celebretur
1788 1536 1821 1568 in
1859 1537 1931 1569 sab-

1190 1591 1278 1631 bato,
1316 1600 1428 1623 eorum
1467 1589 1631 1622 secundae
1667 1600 1822 1632 vesperae
1857 1595 1931 1621 tune

1190 1647 1362 1676 cantentur
1386 1643 1419 1675 in
1445 1642 1495 1675 die
1522 1642 1681 1675 dominica
1708 1641 1856 1685 sequenti
1881 1641 1929 1675 et¹

1192 1707 1351 1740 vesperae
1368 1696 1615 1728 Defunctorum.
1645 1695 1680 1727 In
1704 1695 1837 1738 reliquis
1855 1706 1930 1728 vero

1192 1750 1419 1783 festivitatibus
1460 1749 1601 1789 Ordinis,
1645 1748 1769 1792 primae
1809 1753 1930 1781 tantum

1192 1814 1347 1847 vesperae
1379 1807 1547 1836 canantur.
1586 1802 1617 1834 In
1645 1802 1797 1835 omnibus
1823 1808 1931 1835 autem

1193 1857 1336 1901 vesperis
1350 1856 1516 1889 cantandis
1534 1860 1598 1888 tres
1616 1855 1812 1899 quadrantes
1831 1856 1930 1888 horae

1194 1915 1442 1949 consumantur;
1476 1909 1509 1941 in
1541 1909 1715 1941 recitandis
1752 1919 1838 1949 vero,
1865 1910 1930 1941 fere

1195 1962 1326 1997 dimidia
1351 1963 1444 1995 hora.
1472 1961 1640 2004 Superior,
1669 1961 1725 2004 qui
1746 1961 1931 2004 supradicta

1195 2017 1332 2051 celerius
1352 2015 1474 2050 cantari
1503 2016 1551 2049 vel
1583 2015 1713 2063 recitari
1732 2015 1929 2059 permiserit,

1195 2081 1305 2105 severe
1324 2070 1488 2114 puniatur.

1238 2135 1308 2158 vln.
1336 2122 1510 2162 Praedicta,
1537 2132 1619 2166 quae
1644 2122 1677 2154 in
1703 2121 1932 2155 festivitatibus

1196 2177 1266 2210 cani
1290 2177 1431 2216 debent,
1460 2185 1525 2208 non
1555 2175 1767 2208 concinantur
1802 2177 1932 2218 quando

1196 2231 1300 2263 dictae
1321 2228 1506 2262 festivitates
1525 2228 1772 2268 transferantur,
1795 2229 1851 2261 sed
1870 2234 1934 2261 tan-

1196 2289 1274 2323 tum,
1301 2282 1431 2326 quando
1457 2281 1489 2313 in
1514 2281 1655 2324 proprus
1682 2281 1794 2313 diebus
1819 2281 1858 2314 ab
1876 2281 1932 2313 Ee-

1196 2335 1294 2369 clesia
1307 2334 1483 2376 designatis
1501 2334 1719 2373 eelebrentur3
1742 2344 1805 2366 non
1825 2339 1931 2366 tannen

1196 2394 1370 2432 propterea
1397 2387 1593 2427 omittenda,
1620 2387 1677 2420 sed
1703 2388 1862 2420 cantanda
1886 2392 1934 2420 est

1196 2443 1294 2475 missa
1318 2442 1351 2474 in
1377 2452 1583 2484 quocumque
1602 2441 1652 2473 die
1670 2441 1796 2481 feriato,
1822 2452 1933 2484 quam-

1196 2497 1240 2529 vis
1260 2497 1300 2529 de
1321 2496 1403 2528 festo
1429 2495 1516 2528 illius
1535 2494 1598 2527 diei
1620 2495 1761 2527 officium
1779 2506 1842 2528 non
1861 2494 1930 2535 siau

1195 2560 1255 2582 nec
1290 2548 1448 2582 cantanda
1480 2553 1554 2581 sunt
1585 2548 1771 2592 supradicta
1804 2548 1932 2592 quando

1232 2666 1243 2692 1
1265 2664 1407 2692 Coniunct.
1428 2668 1453 2692 et
1474 2672 1521 2692 nos
1542 2663 1664 2692 addimus
1683 2671 1720 2700 tu.
1738 2665 1788 2699 T.)-

1930 265 1980 292 Λη.
1996 264 2026 293 C.
2048 264 2116 293 ¹676
