2279 3260
219 262 266 286 An.
286 261 312 286 r..
339 262 406 288 1673
452 253 514 286 Δἰἓί

411 310 506 342 etiam
525 310 634 352 vigore
651 311 788 342 cuiusvis
806 308 954 342 licentiae
973 317 990 338 a
1009 305 1074 337 suis
1093 315 1143 335 su-

414 364 598 407 perioribus
617 361 780 401 obtentae,
802 362 868 395 sive
883 361 978 393 etiam
996 359 1028 390 in
1046 356 1148 400 publi-

414 416 458 449 cis
474 417 622 460 capitulis
636 416 843 459 generalibus
858 410 1148 455 Congregationum

414 470 631 512 praefatarum
650 468 828 510 respective
847 473 1034 502 concessae,
1049 467 1149 494 trans-

416 522 461 554 ire
485 523 552 555 ullo
583 522 679 554 modo
704 520 826 563 possit,
854 523 967 550 tenore
996 523 1150 558 praesen-

416 575 502 614 tium,
519 579 680 617 perpetuo
705 571 871 605 statuimus
896 574 928 602 et
951 567 1147 601 ordinamus.

248 638 359 657 rim-an...
378 643 405 657 π-
430 628 437 636 ’
459 628 474 670 ᾗ
498 627 528 659 2.
561 627 777 658 Decernentes
803 623 932 655 easdem
962 623 1150 663 praesentes

220 668 296 685 titan«,

234 2481 279 2501 ritu.

289 2426 418 2452 Amph-sima

235 2454 320 2478 aarum
337 2456 418 2473 contra-

417 681 540 713 litteras
561 688 688 721 semper
720 676 835 713 tirmas,
855 673 975 707 validas
993 676 1024 704 et
1048 670 1152 703 effica-

417 742 469 765 ces
489 731 624 764 existere
653 734 685 761 et
709 729 785 766 sore,
812 736 952 768 suosque
986 721 1151 767 plenarios

417 790 449 817 et
475 785 617 825 integros
649 780 780 813 effectus
807 778 917 811 sortiri
943 782 974 810 ct
991 775 1151 813 obtinere,

417 847 452 868 ac
476 837 514 868 ab
539 835 612 873 illis,
631 834 670 866 ad
693 843 772 876 quos
799 835 923 874 spectat
948 835 979 862 et
999 839 1058 872 pro
1078 833 1152 859 tem-

418 899 496 932 pore
527 887 801 930 quandocumque
826 882 994 926 spectabit,
1021 879 1152 912 inviola-

418 941 525 973 biliter
538 938 714 977 observari,
734 947 793 969 nec
811 936 849 968 de
869 932 1087 977 subreptionis
1103 931 1151 964 vel

419 991 620 1035 obreptionis
644 996 698 1023 aut
722 988 880 1022 nullitatis
906 987 992 1026 vitio,
1019 995 1075 1017 seu
1106 983 1153 1016 in—

419 1045 570 1079 tentionis
594 1049 722 1077 nostrae
758 1047 812 1074 aut
842 1042 998 1073 interesse
1031 1037 1153 1070 haben-

419 1100 499 1131 tium
525 1107 720 1136 consensus,
745 1095 846 1129 aliove
876 1091 1024 1136 quolibet
1055 1089 1152 1124 etiam

419 1149 622 1194 quantumvis
642 1158 760 1190 magno
780 1151 812 1180 et
834 1143 1039 1178 substantiali
1056 1153 1091 1175 ac
1107 1141 1153 1174 in-

420 1204 581 1237 dividuam
606 1201 807 1234 mentionem
825 1198 1011 1247 requirente
1028 1195 1152 1229 defectu

420 1256 543 1297 notari,
569 1253 771 1298 impugnari,
798 1249 980 1289 invalidari‚
1007 1247 1152 1290 infringi,

420 1307 599 1347 retractari,
617 1312 671 1338 aut
685 1306 717 1338 in
735 1301 983 1338 controversiam
1000 1300 1153 1338 revocari,

420 1368 472 1394 aut
495 1362 534 1394 ad
553 1360 707 1393 terminos
727 1358 803 1390 iuris
828 1355 948 1395 reduci,
971 1365 1027 1387 seu
1044 1353 1155 1385 adver-

421 1425 474 1447 sus
498 1415 569 1446 illas
586 1412 811 1455 quodcumque
828 1409 914 1448 iuris,
934 1407 1006 1439 sacti
1025 1406 1074 1438 vel
1089 1416 1155 1447 gra—

421 1467 482 1499 tiae
506 1464 683 1498 remedium
716 1461 869 1495 intentari
900 1461 949 1493 vel
978 1457 1155 1501 impetrari,

421 1524 474 1552 aut
496 1518 679 1560 impetrato,
702 1526 758 1547 seu
777 1514 874 1547 etiam
899 1518 997 1551 motu,
1022 1509 1154 1543 scientia

421 1577 452 1605 et
475 1570 644 1615 potestatis
680 1567 884 1611 plenitudine
916 1564 1048 1609 paribus
1081 1573 1156 1596 con-

421 1634 511 1657 cesso
535 1623 585 1655 vel
611 1625 759 1655 emanato
778 1619 962 1663 quempiam
987 1617 1020 1650 in
1037 1616 1156 1649 iudicio

421 1677 469 1710 vel
494 1680 583 1709 extra
607 1674 689 1707 illud
724 1673 771 1705 uti
805 1682 863 1705 seu
897 1682 931 1704 se
956 1670 1064 1703 iuvare
1088 1669 1155 1702 ullo

422 1729 516 1761 modo
554 1735 696 1770 unquam
733 1735 848 1769 posse,
887 1724 995 1766 sicque
1032 1728 1062 1756 et
1091 1731 1156 1754 non

422 1782 516 1815 aliter
551 1781 583 1812 in
625 1778 810 1822 praemissis
846 1787 906 1820 per
938 1785 1157 1819 quoscumque

423 1835 545 1868 iudices
571 1833 751 1866 ordinarios
780 1836 812 1864 et
846 1830 1034 1872 delegatos,
1061 1828 1157 1861 etiam

423 1897 590 1921 causarum
616 1885 726 1929 palatii
744 1883 915 1928 apostolici
934 1882 1109 1922 auditores,
1124 1892 1159 1914 ac

424 1940 538 1973 S.R.E.
566 1938 758 1977 cardinales,
776 1936 874 1969 etiam
893 1936 932 1968 de
957 1935 1059 1968 latere
1077 1935 1159 1977 lega-

426 1992 620 2031 tos,etali0s
647 1989 812 2034 quoslibet
841 1998 1040 2032 quacumque
1052 1998 1160 2031 praee-

424 2044 581 2078 minentia
607 2048 638 2076 et
662 2047 826 2086 potestate
852 2043 1023 2084 fungentes
1042 2046 1073 2073 et
1090 2041 1161 2073 sun-

426 2104 554 2137 cturos,
581 2097 706 2129 sublata
740 2096 786 2129 eis
823 2101 854 2128 et
885 2105 999 2128 eorum
1029 2092 1162 2126 cuilibet

426 2151 519 2184 aliter
542 2148 705 2182 iudicandi
735 2148 883 2180 facultate
910 2153 942 2180 et
958 2146 1158 2187 auctoritate,

427 2203 563 2237 iudicari
591 2207 623 2234 et
656 2200 783 2234 definiri
816 2200 946 2240 debere,
973 2211 1009 2232 ac
1036 2199 1163 2231 irritum

429 2262 461 2289 et
485 2257 582 2288 inane
604 2255 630 2288 si
648 2265 743 2287 secus
766 2264 866 2297 super
882 2253 931 2285 his
950 2264 967 2285 a
989 2263 1162 2295 quoquam,

429 2309 540 2353 quavis
563 2307 766 2345 anctoritate,
788 2306 932 2339 scienter
947 2307 995 2339 vel
1010 2306 1164 2347 ignoran-

431 2368 489 2403 ter,
509 2360 686 2403 contigerit
710 2359 875 2392 attentari.

474 2416 488 2458 ξ
513 2415 543 2448 3,
570 2414 641 2446 Non
667 2411 868 2445 obstantibus
899 2411 1100 2455 praemissis,
1129 2422 1165 2444 ac

430 2466 714 2502 constitutionibus
743 2471 774 2498 et
805 2465 1062 2498 ordinationibus
1087 2476 1164 2507 apo-

430 2521 558 2561 stolicis,
584 2528 713 2552 necnon
738 2518 958 2562 praefatarum
982 2517 1165 2559 Congrega-

431 2576 566 2615 tionum,
593 2573 687 2607 etiam
713 2572 902 2611 iuramento,
922 2570 1164 2603 confirmatione

429 2627 622 2674 apostolica,
650 2626 697 2660 vel
724 2626 832 2670 quavis
857 2623 1006 2657 firmitate
1030 2623 1091 2656 alia
1114 2634 1165 2656 ro-

1003 256 1180 282 BULLARIUM
1204 254 1354 280 ROMANUM

1188 303 1322 343 boratis,
1337 302 1465 335 statutis
1483 306 1514 334 et
1538 296 1837 337 consuetudinibus,
1857 296 1921 340 pri-

1189 355 1312 398 vilegiis
1337 365 1474 398 quoquc,
1493 354 1624 387 indultis
1650 357 1682 386 et
1706 351 1821 385 litteris
1845 359 1921 393 apo-

1190 408 1320 448 stolicis,
1336 407 1457 441 eisdem
1492 403 1802 449 Congregationibus
1817 430 1824 444 ,
1854 403 1923 435 illa-

1191 469 1328 503 rumque
1352 459 1532 502 respective
1557 456 1782 502 superioribus
1808 460 1839 488 ct
1855 465 1923 498 per-

1192 512 1282 544 sonis
1321 511 1537 554 quibuslibet,
1573 512 1631 543 sub
1667 509 1925 553 quibuscumque

1192 563 1363 597 verborum
1385 563 1551 597 tenoribus
1577 569 1609 596 et
1632 563 1748 602 formis,
1767 573 1804 595 ac
1828 562 1923 594 etiam

1193 617 1354 660 quibusvis
1374 617 1470 650 etiam
1491 615 1767 658 derogatoriarum
1792 615 1927 657 deroga-

1194 669 1292 709 toriis,
1311 680 1346 702 ae
1371 680 1442 702 cum
1463 668 1630 712 quibusvis
1654 666 1805 699 clausulis
1824 671 1855 699 et
1873 666 1926 698 de-

1193 722 1296 761 cretis
1323 722 1415 754 etiam
1441 720 1652 759 irritantibus,
1677 719 1710 752 in
1735 729 1854 762 genere
1877 719 1925 751 vel

1193 775 1225 806 in
1249 774 1368 817 specie,
1390 774 1486 807 etiam
1504 778 1592 806 motu
1613 772 1719 813 simili,
1738 782 1774 804 ac
1794 771 1833 804 de
1851 782 1927 814 apo-

1193 828 1329 860 stolicae⁴
1349 827 1516 870 potestatis
1541 825 1756 869 plenitudine,
1770 834 1829 857 seu
1853 834 1927 857 con-

1195 880 1415 919 sistorialiter,
1442 889 1478 911 ac
1509 878 1586 911 alias
1622 876 1869 921 quomodolibet
1897 876 1929 908 in

1194 933 1393 966 contrarium
1418 931 1670 975 praemissorum
1694 929 1866 968 concessis,
1893 940 1930 961 ac

1195 986 1291 1019 etiam
1315 986 1436 1029 pluries
1469 983 1665 1017 confirmatis
1690 987 1721 1015 et
1745 982 1928 1021 innovatis,

1195 1039 1311 1082 quibus
1336 1038 1486 1071 omnibus
1503 1043 1534 1070 et
1558 1035 1704 1078 singulis,
1727 1035 1851 1068 etiamsi
1869 1045 1928 1077 pro

1194 1093 1324 1125 illorum
1349 1090 1518 1124 sufficienti
1544 1089 1755 1131 derogatione
1792 1088 1830 1120 de
1866 1087 1930 1120 illis

1196 1156 1372 1188 eorumque
1399 1144 1472 1177 totis
1500 1143 1667 1176 tenoribus
1685 1141 1843 1185 specialis,
1862 1151 1930 1183 spe-

1196 1198 1286 1232 cifica
1310 1204 1342 1230 et
1364 1195 1529 1229 individua
1553 1195 1674 1228 mentio
1707 1205 1764 1227 seu
1802 1193 1931 1236 quaevis

1196 1250 1258 1284 alia
1283 1249 1447 1293 expressio
1473 1249 1512 1282 ad
1537 1248 1569 1281 id
1594 1246 1752 1281 servanda
1776 1247 1869 1286 soret,
1891 1251 1931 1278 te⁴

1198 1314 1292 1336 nores
1312 1302 1496 1335 huiusmodi
1514 1300 1741 1344 praesentibus
1759 1309 1817 1342 pro
1835 1300 1932 1342 plene

1198 1362 1230 1389 et
1254 1356 1450 1388 sufficienter
1475 1354 1633 1397 expressis
1666 1358 1698 1386 et
1720 1351 1850 1385 insertis
1876 1352 1932 1384 ha-

1198 1409 1320 1449 bentes,
1339 1408 1402 1441 illis
1420 1407 1499 1440 alias
1517 1407 1548 1439 in
1567 1417 1624 1439 suo
1645 1406 1763 1439 robore
1788 1414 1933 1448 perman-

1199 1461 1290 1501 suris,
1306 1462 1365 1493 hac
1389 1461 1456 1493 vice
1482 1460 1655 1499 dumtaxat,
1673 1458 1713 1490 ad
1737 1457 1933 1501 praemisso-

1200 1525 1270 1546 rum
1294 1513 1452 1553 ellectum,
1466 1512 1654 1556 plenissime
1679 1516 1711 1544 et
1736 1509 1932 1553 amplissime

1198 1571 1286 1599 motu
1310 1565 1377 1610 pari
1404 1565 1615 1607 derogamus;
1649 1563 1831 1606 ceterisque
1857 1572 1934 1595 con-

1199 1620 1303 1652 trariis
1328 1619 1597 1662 quibuscumque.

1244 1673 1258 1715 g
1288 1672 1320 1705 4.
1354 1671 1506 1705 Volumus
1539 1677 1647 1704 autem
1677 1676 1713 1703 ut
1747 1669 1933 1703 earumdem

1199 1726 1418 1769 praesentium
1443 1725 1621 1758 litterarum
1641 1723 1860 1767 transumptis,
1878 1734 1935 1755 seu

1201 1779 1367 1822 exemplis,
1387 1777 1670 1820 etiamimpressis‚
1686 1787 1782 1809 manu
1800 1776 1935 1808 alicuius

1202 1832 1317 1865 notarii
1333 1831 1452 1875 publici
1473 1830 1673 1873 subscriptis,
1694 1834 1725 1862 et
1744 1829 1849 1872 sigillo
1867 1839 1936 1872 per-

1202 1894 1299 1918 sonae
1330 1884 1363 1916 in
1395 1883 1612 1917 ecclesiastica
1637 1882 1791 1925 dignitate
1817 1881 1937 1915 consti-

1203 1942 1289 1970 tutae
1314 1937 1453 1977 munitis,
1481 1936 1594 1970 eadem
1618 1945 1750 1979 prorsus
1775 1935 1857 1968 fides
1873 1939 1936 1967 tam

1204 1991 1236 2023 in
1260 1991 1376 2024 iudicio
1401 2001 1497 2034 quam
1515 1995 1602 2023 extra
1625 1989 1704 2022 illud
1730 1988 1935 2027 adhibeatur,

1205 2054 1286 2088 quae
1311 2043 1521 2077 adhiberetur
1552 2042 1631 2086 ipsis
1662 2041 1886 2086 praesentibus
1910 2041 1936 2073 si

1206 2098 1312 2131 forent
1336 2097 1500 2130 exhibitae
1523 2097 1573 2129 vel
1598 2100 1759 2129 ostensae.

1248 2151 1362 2183 Datum
1379 2150 1511 2189 Romae,
1529 2149 1614 2192 apud
1639 2148 1671 2181 S.
1691 2147 1820 2180 Mariam
1844 2146 1940 2179 Maio-

1206 2214 1286 2243 rem,
1312 2203 1373 2235 sub
1399 2202 1521 2235 annulo
1551 2201 1735 2240 piscatoris,
1762 2200 1814 2232 die
1839 2210 1870 2232 Vl
1895 2210 1939 2232 se-

1207 2256 1364 2300 ptembris
1395 2264 1569 2294 unctxxm,
1597 2253 1808 2297 pontificatus
1836 2252 1941 2286 nostri

1208 2319 1293 2342 anno
1315 2318 1358 2342 1v.

1601 2359 1624 2392 1.
1651 2359 1687 2392 G.
1712 2359 1851 2392 Stusuis.

1243 2423 1301 2451 Dat.
1323 2423 1366 2450 die
1386 2423 1403 2449 6
1421 2421 1586 2457 septembris
1605 2422 1681 2454 1671,
1705 2421 1802 2456 pontis.
1818 2429 1890 2448 anno
1905 2426 1941 2446 tv.

1242 2478 1409 2512 Reyistrata
1434 2477 1464 2502 in
1492 2476 1656 2503 secretaria
1683 2475 1821 2501 Brevium
1839 2474 1873 2501 ‘in
1893 2474 1941 2501 lib.

1208 2523 1313 2550 mensis
1327 2521 1458 2555 auyusw
1472 2523 1552 2554 parc.
1568 2526 1586 2553 1,
1601 2519 1651 2554 fob.
1672 2519 1730 2545 100.

1245 2586 1255 2610 1
1278 2583 1389 2611 Videtur
1409 2582 1551 2618 legendum
1570 2582 1746 2617 septembris,
1768 2582 1811 2608 vel
1830 2581 1881 2607 ista
1895 2588 1942 2607 no-

1209 2629 1262 2657 tula
1278 2630 1393 2664 pertinet
1408 2628 1441 2654 ad
1457 2627 1574 2662 aliquam
1591 2628 1682 2654 Const.
1700 2625 1824 2661 praeced.
1842 2624 1939 2660 (n.·r.).

1933 247 1982 274 An.
1999 247 2025 273 C.
2050 246 2115 274 ¹673

1980 1677 2130 1703 Trans-umplo-

1946 1710 1991 1725 runi
2008 1704 2068 1725 tides.
