2279 3260
285 321 331 346 Λιι,
350 319 377 346 C.
403 319 468 345 1075

325 594 392 613 Cinna
407 593 469 613 buius

285 627 353 640 nina·-
395 619 469 638 contir-

281 647 384 666 inanum<
393 649 411 665 ut
422 651 469 665 cou-

286 680 320 691 kt·
324 678 395 692 ΙΙΙΙΙΙΙΙ

514 310 578 343 55⁶2.

479 368 663 401 Dominleae
687 376 863 406 ninuxxnut
888 375 988 397 nonas
1014 363 1102 403 iunii,
1118 372 1215 405 expe-

480 421 566 462 ditis,
593 431 728 464 quarum
746 426 891 453 tenorem
913 416 1137 460 praesentibus
1155 425 1214 458 pro

480 475 576 518 plene
601 479 632 507 et
656 472 856 505 sufficienter
873 479 1026 513 expresso
1048 473 1079 501 ct
1095 468 1215 500 inserto

481 528 592 560 haberi
610 528 767 565 volumus,
786 524 917 557 uberius
929 522 1124 555 continetur.

525 581 539 623 ξ,
556 580 587 612 ⁶2.
607 580 682 613 Cum
701 584 816 616 autem,
836 577 919 609 sicut
938 573 1135 608 venerabilis
1157 572 1216 605 fra-

481 640 530 666 ter
566 632 721 674 Iosephus
746 628 902 662 Eusanius
933 627 1106 671 episcopus
1142 626 1217 658 Por-

480 685 662 729 phyriensis
678 682 810 716 sacrarii
828 681 928 714 nostri
946 679 1116 722 apostolici
1130 687 1217 722 prae-

483 740 581 771 fectus
600 736 692 769 nobis
710 744 814 778 nuper
834 733 952 776 exponi
973 732 1058 771 fecit,
1079 730 1216 776 subinde

481 789 698 833 Congregatio
726 794 800 821 tune
824 785 1031 820 existentium
1056 785 1086 817 S.
1116 783 1152 815 R.
1180 782 1214 815 E.

481 842 694 876 cardinalium
719 840 860 883 negotiis
877 845 908 871 et
925 836 1217 871 consultationibus

482 896 713 939 cpiscoporum
738 898 770 926 et
801 891 1001 935 regularium
1033 888 1218 933 praeposita

483 948 635 992 quasdam
652 947 775 980 litteras
793 945 845 978 die
862 955 938 978 xxiu
956 943 1064 976 martii
1080 951 1218 976 uncxxtx

483 1002 521 1034 ad
546 1005 621 1033 tunc
646 999 836 1032 existentem
863 996 1006 1040 priorem
1032 994 1218 1037 generalem

483 1053 611 1086 Ordinis
626 1052 758 1084 fratrum
773 1050 985 1083 Eremitarum
999 1047 1099 1081 sancti
1117 1048 1220 1089 Augu-

484 1106 558 1139 stini
581 1104 719 1144 dederit,
734 1103 848 1147 quibus
867 1101 1089 1144 indulgentiae
1114 1099 1220 1132 archi-

484 1157 741 1192 confraternitati
774 1157 868 1199 eique
893 1154 1075 1197 aggregatis
1099 1153 1221 1186 confra-

484 1211 689 1246 ternitatibus
714 1208 889 1253 praedictis
914 1219 931 1240 a
954 1207 1107 1240 Romanis
1138 1206 1222 1238 Pon—

485 1265 624 1298 tificibus
651 1273 827 1296 concessae
849 1261 984 1305 (quippe
1003 1271 1083 1303 quae
1108 1270 1125 1292 a
1150 1260 1221 1302 piae

486 1317 663 1351 memoriae
700 1316 799 1348 Paulo
831 1315 917 1358 Papa
943 1314 975 1353 V,
1001 1313 1096 1346 etiam
1129 1323 1222 1356 prae-

485 1371 657 1404 decessore
700 1374 830 1408 nostr0‚
870 1377 928 1410 per
968 1377 1040 1399 suas
1079 1366 1220 1405 litteras,

486 1434 622 1468 quarum
647 1423 776 1456 initium
794 1421 874 1456 Cum
894 1424 1008 1459 cereas,
1034 1423 1103 1459 etc„
1129 1419 1180 1451 die
1200 1429 1223 1452 11

486 1477 628 1511 octobris
653 1486 749 1510 itinevi
768 1475 880 1515 editas,
898 1479 1067 1507 revocatae
1086 1473 1223 1512 fuerant,

488 1529 615 1563 tametsi
631 1539 648 1561 a
665 1532 846 1561 memorato
872 1526 1031 1569 Gregorio
1057 1526 1107 1558 XV
1132 1535 1226 1568 prae-

488 1584 659 1619 decessore
696 1591 756 1625 per
791 1590 864 1613 suas
903 1579 1026 1613 litteras
1065 1578 1225 1621 praefatas

486 1636 659 1668 innovatae
695 1633 848 1676 fuissent)
886 1632 977 1665 reiici
1010 1642 1105 1675 posse
1140 1631 1228 1663 vide-

487 1689 623 1728 bantur·,
641 1697 753 1720 verum
768 1685 982 1729 Congregatio
996 1683 1228 1717 venerabilium

489 1742 625 1774 fratrum
643 1744 829 1773 nostrorum
848 1738 991 1771 eiusdem
1005 1737 1036 1770 S.
1052 1737 1089 1769 R.
1106 1736 1141 1769 E.
1161 1747 1229 1769 ear-

489 1793 646 1827 dinalium
671 1791 882 1833 indulgentiis
908 1796 939 1823 et
964 1790 1063 1822 sacris
1083 1789 1228 1832 reliquiis

490 1845 687 1890 praeposita,
702 1855 735 1878 re
751 1844 936 1886 diligentius
954 1842 1140 1884 examinata,
1159 1852 1229 1875 cen-

491 1900 590 1933 suerit
622 1898 704 1931 nihil
743 1898 874 1930 obstare
911 1896 1082 1940 quominus
1124 1895 1236 1935 arehi-v

492 1951 767 1987 confraternitatis
793 1955 825 1983 et
850 1949 1147 1983 confraternitatum
1171 1949 1231 1982 hu-

491 2005 633 2039 iusmodi
659 2004 838 2037 confratres
868 2002 1018 2036 omnibus
1043 2006 1075 2035 et
1092 2002 1230 2045 singulis

491 2058 704 2102 indulgentiis
741 2067 799 2101 per
834 2056 965 2090 easdem
1002 2056 1149 2099 Gregorii
1180 2056 1231 2088 XV

492 2111 755 2157 praedecessoris
780 2111 905 2144 litteras
924 2109 1123 2143 confirmatis
1143 2116 1174 2143 et
1189 2110 1232 2142 in-

494 2165 617 2199 novatis
640 2164 687 2197 uti
713 2169 744 2197 et
767 2163 829 2196 frui
850 2168 983 2207 possent
1006 2173 1042 2196 ae
1065 2163 1231 2203 deberent,

496 2223 529 2251 et
551 2217 641 2257 alias‚
654 2221 749 2260 prout
779 2216 812 2248 in
837 2215 940 2259 ipsius
966 2215 1233 2259 Congregationis

497 2272 631 2304 decreto
671 2271 812 2313 desuper
844 2279 908 2302 xvu
945 2269 1057 2312 aprilis
1094 2279 1233 2303 MDCLxXI

497 2329 644 2357 emar-ato
665 2323 762 2357 etiam
787 2322 989 2363 continetur,
1016 2323 1090 2366 quia
1106 2333 1182 2355 vero
1200 2322 1233 2355 in

498 2378 591 2411 dictis
630 2376 779 2419 Gregorii
818 2375 1081 2420 praedecessoris
1117 2375 1233 2410 litteris

498 2429 647 2473 specifice
670 2440 735 2462 non
761 2428 986 2472 exprimuntur
1012 2428 1234 2471 indulgentiae

498 2495 514 2516 a
546 2482 717 2527 praedictis
749 2481 901 2514 Romanis
925 2480 1134 2514 Pontificibus
1158 2491 1236 2514 con-

1060 313 1239 339 BUIJARHYM
1266 315 1414 339 uostm'tju

1256 361 1340 405 plius
1369 362 1558 407 episcopus,
1586 375 1622 398 ac
1659 365 1795 398 dilectus
1828 364 1910 397 tilius
1934 364 1986 397 lu-

1256 414 1316 446 lius
1342 414 1436 447 Maria
1461 416 1500 449 de
1526 417 1678 450 Blauchis
1711 417 1839 450 Ordinis
1864 416 1991 449 Praedi-

1257 471 1400 500 catorum
1432 468 1616 511 professor,
1642 470 1674 502 in
1707 472 1795 503 sacra
1826 468 1991 512 theologia

1258 519 1423 562 magister,
1448 521 1500 564 qui
1527 522 1670 565 singulas
1693 523 1911 566 indulgentias
1936 523 1991 555 hu-

1257 573 1392 605 iusmodi
1426 584 1461 606 cx
1493 575 1689 608 authenticis
1722 576 1913 619 colligerent
1937 576 1993 608 du-

1258 627 1423 667 eumenus,
1439 627 1477 659 ad
1493 627 1554 659 hoc
1570 633 1605 659 ut
1628 634 1762 671 possent
1778 629 1990 672 postmodum,

1258 679 1297 712 ad
1323 679 1459 712 formam
1484 680 1728 713 Constitutionis
1762 682 1876 714 similis
1900 692 1993 715 reco-

1236 732 1372 783 2lendae
1405 733 1578 766 memoriae
1611 733 1784 766 Clementis
1815 734 1900 777 Papa
1930 734 1993 766 Vttt

1259 785 1520 827 praedecessoris
1546 786 1665 829 pariter
1684 786 1785 818 nostri
1815 797 1897 829 quae
1918 786 1996 819 inci-

1260 837 1305 880 pit
1332 837 1572 881 Quaecumque,
1599 842 1670 878 etc.,
1695 844 1727 871 et
1751 838 1873 871 decreti
1909 838 1995 871 eius-

1260 889 1333 921 dem
1357 888 1621 932 Congregationis
1647 890 1698 923 die
1718 900 1768 923 xvi
1792 890 1898 922 martii
1920 890 1996 923 dicti

1262 942 1336 974 anni
1350 951 1487 975 iinetxxt
1505 943 1593 982 editi,
1612 942 1802 975 nominatim
1823 947 1855 975 et
1872 942 1903 974 in
1917 940 1997 986 ‘spe-

1261 994 1308 1027 cie
1323 995 1572 1035 communicari3
1588 995 1665 1038 ipsis
1683 1000 1791 1027 autem
1805 995 1999 1028 consultori-

1261 1047 1321 1080 bus
1338 1047 1383 1080 sic
1398 1048 1530 1081 delectis
1545 1049 1584 1081 de
1601 1048 1767 1081 nonnullis
1785 1048 2000 1091 indulgentia

1262 1111 1330 1132 rum
1344 1100 1502 1144 capitibus
1516 1111 1581 1133 non
1595 1101 1883 1141 consentientibus,
1897 1100 2000 1133 visum

1264 1153 1359 1187 fuerit
1375 1154 1480 1186 eidem
1505 1153 1719 1186 cardinalium
1735 1153 1999 1196 Congregationi,

1263 1206 1368 1249 quod',
1384 1206 1540 1250 quidquid
1555 1206 1585 1239 in
1601 1206 1854 1239 controversiam
1868 1206 2001 1245 veniret,

1265 1259 1368 1292 bonae
1381 1260 1556 1292 memoriae
1570 1252 1694 1299 Ioanni,
1707 1259 1782 1292 duin
1797 1259 1882 1299 vixit,
1896 1259 2001 1293 SRE.

1265 1312 1428 1355 praefatae
1466 1313 1659 1355 presbytero
1701 1312 1857 1345 cardinali
1896 1312 2003 1345 Bonae

1266 1370 1452 1408 nuncupato
1470 1364 1690 1397 definiendum
1704 1365 1858 1409 proponi,
1878 1370 1909 1398 et
1931 1370 2006 1408 post

1267 1417 1410 1450 habitam
1430 1417 1514 1450 inter
1531 1418 1664 1450 eosdem
1685 1418 1887 1451 consultores
1910 1419 2006 1451 cotta-

1268 1471 1401 1511 tionem,
1421 1470 1602 1514 iterumque
1621 1471 1801 1503 examinata
1818 1471 1924 1514 capita
1940 1471 2003 1512 illa,

1268 1523 1548 1557 consentientibus
1568 1523 1600 1556 in
1622 1523 1744 1556 cunetis
1763 1523 2006 1556 consultoribus

1269 1576 1455 1620 praedictis,
1491 1587 1591 1620 reque
1628 1577 1715 1609 omni
1740 1587 1800 1620 per
1824 1576 2007 1620 praefatum

1269 1630 1422 1662 Ioannem
1447 1630 1642 1663 cardinalem
1657 1631 1797 1673 expensa
1815 1635 1846 1662 et
1861 1630 2007 1673 probata,

1271 1683 1452 1716 confectum
1476 1683 1573 1715 fuerit
1601 1683 1811 1715 summarium
1836 1683 2009 1726 indulgen-

1272 1737 1384 1769 tiarum
1410 1736 1614 1776 huiusmodi,
1641 1746 1678 1768 ex
1709 1735 1922 1778 originalibus
1946 1736 2010 1769 Ro-

1271 1799 1440 1822 manorum
1480 1789 1673 1822 Pontificum
1715 1789 1833 1823 litteris
1874 1789 2008 1832 aliisque

1273 1842 1468 1876 authenticis
1484 1842 1688 1876 documentis
1707 1847 1906 1886 excerptum,
1925 1847 2009 1875 teno-

1272 1896 1316 1929 ris
1333 1896 1388 1941 qui
1405 1895 1560 1940 sequitur,
1578 1895 1744 1928 videlicet:

1547 1985 1648 2008 SttttttuA
1653 1984 1728 2008 RIUM

1274 2037 1566 2081 Indulgentiarum
1633 2037 2010 2080 arclzz'confraternitatis

1320 2091 1582 2124 Cincluratorum
1605 2089 1636 2122 S.
1651 2089 1835 2132 Auyustim'
1850 2094 1878 2122 el
1895 2089 1928 2122 S.
1948 2091 2013 2122 Mo-

1319 2144 1410 2175 nicae
1432 2142 1487 2175 sub
1511 2142 1712 2174 invocatione
1735 2142 1775 2174 B.
1800 2142 1926 2185 Vz'qz'm's
1943 2143 2012 2175 Ma-

1318 2196 1389 2228 riae
1416 2195 1454 2227 cle
1487 2195 1730 2234 Consolatione,
1765 2198 1884 2227 erectae
1909 2195 2013 2228 Bono-

1319 2249 1394 2280 niae
1423 2248 1459 2279 in
1483 2247 1613 2279 ecclesici
1637 2247 1667 2280 S.
1694 2246 1810 2286 Iacobi,
1836 2251 1864 2279 et
1888 2248 2014 2289 confra-

1322 2300 1515 2334 ternitatum
1538 2300 1641 2332 eidem
1665 2304 1930 2343 ayyreqalarum„

1320 2370 1595 2404 Praemittendum
1620 2371 1724 2414 primo
1747 2371 1926 2404 confratres
1951 2371 2013 2404 cin-

1278 2430 1419 2458 cturatos
1437 2424 1605 2467 utriusque
1627 2434 1719 2456 sexus
1735 2424 1792 2464 uti,
1811 2424 1871 2456 frui
1889 2429 1921 2457 et
1941 2434 2013 2466 gau-

1280 2478 1356 2511 dere
1392 2477 1504 2520 gratiis
1538 2476 1760 2520 spiritualibus
1804 2476 1863 2510 toti
1900 2476 2012 2511 Ordim

2001 315 2050 342 Λη.
2072 314 2101 341 C.
2122 315 2187 341 1675

2093 2381 2208 2403 cinctui-ati

2023 2407 2116 2432 gaudent.
2139 2409 2205 2428 unlut-

2024 2435 2099 2459 gennis
2123 2437 2143 2455 et
2162 2442 2208 2459 μικ-

2023 2461 2057 2480 tiis
2103 2462 2208 2481 concessi<

2025 2486 2176 2507 dtinuit-:rent
2202 2497 2210 2503 -

2024 2519 2068 2533 rum
2086 2515 2151 2533 sancti
2168 2513 2209 2534 Au·

499 2547 629 2577 cessae,
657 2536 729 2568 ideo
761 2535 799 2567 ab
836 2534 948 2567 eadem
980 2533 1235 2577 Congregatione
1257 2532 1259 2582 ξ
1278 2531 1491 2565 Eremitarum
1518 2530 1549 2563 S.
1577 2531 1746 2573 Augustini
1773 2531 1948 2573 concessis,
1976 2540 2108 2565 excusum-

499 2590 710 2624 cardinalium
735 2587 851 2621 delecti
870 2587 1014 2620 fuerant¹
1034 2588 1098 2620 duo
1116 2598 1152 2620 ex
1168 2598 1237 2620 con-

500 2643 675 2677 sultoribus
714 2641 824 2681 illius,
860 2651 978 2684 nempe
1011 2640 1116 2673 dictus
1155 2640 1238 2673 Iose-

536 2707 547 2734 1
565 2702 663 2741 Aptius
678 2704 737 2740 tege
751 2703 863 2739 fuerint
878 2704 919 2737 (a.
935 2701 985 2737 τ.).

1281 2584 1435 2627 Gregorio
1468 2583 1534 2616 Xlll
1563 2583 1594 2615 in
1623 2584 1714 2616 Brevi
1742 2583 1795 2616 Act
1820 2583 2014 2627 auqendam,

1282 2638 1332 2671 die
1360 2648 1411 2670 xvi
1440 2636 1620 2670 decembris
1653 2647 1828 2679 nntxxvni,
1861 2648 1947 2671 anno
1971 2648 2015 2671 vu

1318 2703 1328 2727 1
1350 2700 1407 2728 Vox
1427 2700 1501 2735 quod
1521 2701 1653 2728 redundat
1674 2701 1771 2737 (asts.)-
