2279 3260
200 225 250 254 An.
267 225 295 253 C.
319 227 386 256 1670

265 763 380 784 Contrariis

194 788 290 814 derogat.

1021 241 1163 266 CLEMENS
1187 246 1204 268 Χ
1229 246 1276 269 [²1².

395 280 615 323 suppletione,
642 284 830 325 sanatione,
858 286 1054 329 abolitione,
1080 291 1134 323 de-

394 338 483 367 creto
508 345 544 367 ac
570 335 640 368 aliis
666 338 852 379 praemissis
870 340 1003 383 pacifice
1023 343 1081 375 frui
1101 348 1133 376 et

392 386 547 427 gaudere,
561 398 626 421 non
640 390 870 432 permittentes
885 393 951 426 eos¹
967 404 1025 437 per
1039 406 1132 437 quos-

391 449 528 482 cumque
539 442 785 483 quomodolibet
798 443 941 478 indebite
953 448 1128 488 molestari,

391 491 645 526 contradictores
671 500 702 527 et
726 496 866 530 rebelles
893 509 952 541 per
977 497 1151 550 censui-ass

391 544 626 578 ecclesiasticas
652 558 687 579 ac
711 548 773 581 alia
799 549 876 582 iuris
901 552 1045 585 remedia
1074 544 1152 596 ap-l

393 596 567 637 pollutione
593 601 772 642 postposita
798 605 1053 645 compescendo,
1080 605 1129 637 in-

389 641 501 682 vocato
526 650 565 682 ad
591 651 676 692 hoc,
703 652 727 684 si
754 664 834 697 opus
866 655 981 698 suerit,
1010 657 1150 690 auxili0¹

390 701 514 734 brachii
540 705 725 738 saecularis.

434 754 448 797 ᾗ
472 753 525 787 10.
545 755 612 788 Non
634 757 844 798 obstantibus,
867 765 1024 803 quatenus
1044 773 1126 806 opus

389 806 445 846 sit,
472 807 596 850 piarum
623 812 852 844 memoriarum
877 813 1069 854 Siminachi,
1096 820 1127 847 et

388 859 475 892 Pauli
501 861 537 902 ll,
566 862 654 895 Pauli
680 863 717 895 lV
742 869 773 896 et
798 865 936 898 aliorum
967 867 1126 900 Romano-

386 922 458 945 rum
483 914 673 947 Pontificum
688 918 980 959 praedecessorum
1001 925 1124 952 nostro-

386 975 467 1004 rum,
483 966 521 999 de
537 968 631 999 rebus
645 968 807 1001 Ecclesiae
822 975 855 1002 et
872 981 1018 1004 camerae
1036 983 1124 1015 prae-

386 1018 489 1051 dictae
524 1030 589 1051 non
626 1021 829 1061 alienandiS,
864 1034 901 1055 ac
925 1026 1121 1057 recolendae

386 1071 560 1103 memoriae
587 1072 632 1104 Pii
658 1073 763 1116 Papae
786 1075 830 1114 IV,
857 1077 1122 1118 praedecessoris

384 1122 507 1165 pariter
531 1124 654 1165 nostri,
681 1126 719 1158 de
753 1126 861 1168 gratiis
886 1130 1120 1173 qualecumque

383 1175 540 1209 interesse
574 1177 679 1210 dictae
708 1189 857 1212 camerae
894 1184 1122 1215 concernenti-

383 1228 442 1260 bus
467 1228 499 1261 in
521 1231 634 1262 eadem
656 1234 783 1264 camera
804 1232 886 1265 intra
905 1240 1029 1267 certum
1046 1241 1121 1268 time

382 1291 572 1324 expressum
599 1288 724 1327 tempus
750 1287 998 1327 praesentandis
1025 1293 1056 1321 et
1076 1300 1119 1321 re-

382 1334 566 1376 gistrandis,
591 1336 671 1369 itaut
691 1337 774 1379 ipsas
790 1345 979 1380 praesentes
998 1340 1119 1374 litteras

380 1386 501 1420 ibidem
524 1390 736 1431 praesentari,
763 1391 889 1424 admitti
906 1397 937 1424 et
954 1393 1117 1435 registrari

380 1450 546 1483 nunquam
571 1452 702 1475 necesse
728 1443 776 1483 sit,
796 1455 921 1478 necnon
941 1452 1069 1479 nostrae
1088 1453 1119 1480 et

379 1493 593 1526 cancellariae
618 1496 817 1537 apostolieae
843 1499 954 1540 regula
987 1500 1025 1531 de
1052 1510 1116 1532 non

380 1547 524 1579 tollendo
542 1547 610 1580 iure
629 1550 789 1591 quaesito,
811 1551 947 1594 aliisque
965 1554 1116 1586 constitu-

379 1598 520 1632 tionibus
559 1606 591 1633 et
630 1602 891 1636 ordinationibus
931 1607 1116 1648 apostolicis

378 1652 471 1685 editis
504 1658 536 1685 et
560 1654 713 1694 edendis,
742 1667 888 1696 necnon,
914 1659 1011 1692 etiam
1035 1661 1115 1693 iura-

376 1711 499 1746 mento,
517 1706 762 1741 confirmatione
777 1711 964 1753 apostolica,
981 1714 1030 1750 vel
1044 1725 1114 1757 qua-

375 1758 422 1790 vis
446 1759 595 1793 firmitate
625 1761 686 1794 alia
720 1763 905 1805 roboratis,
933 1767 1058 1799 statutis
1083 1773 1115 1800 et.

373 1812 664 1846 consuetudinibus
678 1815 774 1848 etiam
793 1816 1111 1860 immemorabilibus,

373 1864 552 1907 privilegiis
579 1876 709 1910 quoque
737 1874 767 1901 et
789 1871 957 1913 perpetuis
979 1872 1111 1907 indultis

374 1921 405 1948 et
431 1917 545 1950 litteris
563 1920 761 1961 apostolicis,
778 1922 835 1953 sub
854 1923 1110 1970 quibuscumque

371 1970 546 2003 verborum
573 1972 740 2005 tenoribus
767 1979 799 2006 et
824 1975 949 2016 formis,
977 1983 1008 2009 et
1038 1990 1109 2012 cum

373 2022 540 2064 quibusvis
571 2024 848 2066 derogatoriarum
874 2029 1107 2073 derogatoriis,

372 2075 404 2107 in
431 2077 629 2109 contrarium
653 2081 904 2121 praemissorum
930 2095 988 2126 per
1013 2096 1110 2128 quos-

371 2138 505 2172 cumque
531 2129 693 2164 Romanos
726 2133 895 2167 Pontifices
920 2138 1110 2179 praedeces-

370 2191 459 2213 sores
493 2188 641 2224 nostrOS,
668 2196 704 2217 ac
729 2196 788 2218 nos
829 2193 861 2220 et
890 2188 1003 2223 Sedem
1028 2192 1109 2235 Apo-

370 2234 526 2275 stolicam,
546 2246 617 2268 curn
638 2238 804 2279 quibusvis
831 2242 985 2275 clausulis
1005 2251 1036 2277 et
1053 2246 1108 2278 de-

370 2287 477 2327 cretis,
497 2288 593 2321 etiam
613 2289 736 2323 iteratis
762 2292 901 2335 vicibus,
927 2298 1106 2331 secretariis

369 2340 556 2382 apostolicis
588 2353 625 2375 ac
651 2345 863 2379 cancellariae
895 2353 926 2380 et
958 2360 1105 2384 camerae

369 2393 619 2434 apostolicarum
650 2397 860 2439 officialibus,
889 2411 924 2433 ac
958 2403 996 2435 de
1022 2414 1106 2436 com-

368 2445 457 2477 muni
485 2451 517 2477 et
540 2451 654 2479 annata
681 2459 718 2481 ac
749 2451 883 2492 plumbo
908 2463 1036 2488 necnon
1065 2458 1102 2489 de

369 2496 532 2539 quibusvis
558 2499 629 2531 aliis
654 2503 882 2537 emolumentis
909 2507 1104 2551 participan-

368 2550 463 2590 tibus,
478 2556 510 2583 et
523 2552 777 2598 quibuscumque
796 2557 876 2599 aliis,
899 2570 1101 2606 quocumque

403 2614 413 2644 1
434 2612 531 2640 Vocem
546 2622 590 2641 eos
605 2623 654 2642 nos
670 2616 792 2645 addimus
806 2619 847 2654 (a.
864 2621 913 2655 ⁵12).

1176 294 1308 327 nomine
1341 305 1568 340 nuncupentur
1602 307 1633 334 et
1666 304 1820 345 dignitate
1856 318 1911 340 seu

1175 345 1354 380 n'iaioritate
1371 350 1603 393 praefulgeant,
1622 354 1651 386 in
1671 367 1791 397 genere
1811 360 1859 391 vel
1878 359 1911 392 in

1173 401 1295 443 specie,
1323 414 1380 436 seu
1406 415 1517 438 eorum
1544 409 1703 451 collegiis,
1725 417 1757 444 et
1781 412 1810 445 in
1838 419 1910 447 actu

1173 463 1285 487 eorum
1312 457 1494 498 erectionis,
1525 462 1695 502 concessis,
1723 466 1910 507 approbatis

1173 510 1203 537 et
1221 506 1393 548 innovatis,
1417 515 1448 542 et
1467 511 1680 554 imposterum
1694 517 1910 549 concedendis

1173 562 1204 589 et
1229 559 1448 602 innovandis;
1475 564 1591 606 quibus
1617 566 1767 599 omnibus
1794 573 1826 599 et
1850 569 1910 601 sin-

1172 611 1265 652 gulis,
1291 613 1415 646 etiamsi
1434 626 1491 658 pro
1513 617 1641 650 illarum
1663 619 1836 652 sufficienti
1856 622 1910 653 de-

1172 664 1340 706 rogatione
1367 667 1405 698 de
1431 667 1493 699 illis
1519 679 1694 714 eorumque
1723 672 1797 704 totis
1823 678 1908 705 teno-

1170 716 1258 748 ribus
1283 719 1442 760 specialis,
1469 721 1620 763 specifica
1642 729 1673 755 et
1689 724 1854 757 individua
1872 738 1908 757 ac

1170 769 1209 801 de
1234 771 1331 803 verbo
1357 772 1395 803 ad
1427 773 1578 814 verbum,
1614 786 1677 808 non
1711 781 1817 809 autem
1847 789 1907 821 per

1169 823 1328 855 clausulas
1364 828 1531 866 generales
1557 827 1642 860 idem
1667 829 1880 872 importantes
1896 859 1904 871 ,

1169 875 1290 907 mentio
1315 887 1371 907 seu
1403 879 1533 920 quaevis
1571 880 1633 913 alia
1658 882 1826 925 expressio
1854 884 1906 916 ha-

1168 926 1273 959 benda
1304 934 1357 960 aut
1387 931 1494 973 aliqua
1518 932 1579 964 alia
1604 933 1720 966 causa¹
1747 936 1905 978 exquisita

1168 980 1264 1012 forma
1287 982 1324 1013 ad
1348 982 1407 1014 hoc
1430 986 1587 1017 servanda
1616 987 1716 1027 soret,
1737 998 1773 1019 ac
1799 988 1831 1020 in
1856 989 1902 1021 eis

1166 1039 1313 1065 careatur
1339 1045 1488 1077 expresse
1514 1038 1598 1079 quod
1625 1038 1688 1071 illis
1718 1041 1902 1073 nullatenus

1166 1096 1200 1116 ac
1225 1086 1294 1118 sine
1326 1097 1489 1119 consensu
1520 1089 1678 1124 interesse
1713 1093 1901 1125 habentium

1165 1138 1314 1180 derogari
1340 1140 1452 1181 possit,
1480 1146 1609 1175 tenores
1643 1144 1841 1185 huiusmodi,
1866 1156 1903 1178 ac

1165 1190 1188 1221 si
1215 1190 1253 1222 de
1279 1192 1377 1224 verbo
1412 1193 1449 1225 ad
1477 1195 1629 1234 verbum,
1656 1196 1737 1229 nihil
1771 1198 1900 1240 penitus

1164 1243 1285 1276 omisso
1311 1250 1343 1276 et
1364 1246 1470 1281 serina
1496 1247 1527 1279 in
1553 1248 1617 1280 illis
1645 1250 1769 1289 tradita,
1796 1251 1901 1294 expri-

1163 1302 1329 1329 merentur
1354 1303 1385 1330 et
1410 1299 1649 1341 insererentur,
1674 1304 1899 1345 praesentibus

1164 1360 1221 1391 pro
1246 1351 1340 1392 plene
1376 1356 1408 1383 et
1440 1353 1640 1387 sufficienter
1676 1357 1837 1399 expressis
1869 1362 1901 1389 et

1162 1402 1291 1435 insertis
1320 1404 1492 1445 habentes,
1519 1406 1582 1439 illis
1606 1408 1684 1440 alias
1709 1409 1741 1440 in
1767 1420 1824 1442 suo
1849 1421 1900 1443 ro-

1162 1455 1241 1487 bore
1263 1458 1496 1498 permansuriS,
1518 1459 1630 1492 harum
1648 1461 1741 1501 serie,
1760 1468 1848 1495 motu
1863 1474 1899 1495 ac

1162 1507 1297 1540 scientia
1321 1509 1480 1543 similibus
1507 1522 1662 1555 expresse
1688 1515 1896 1557 derogamus

1161 1571 1286 1594 necnon
1320 1563 1469 1596 omnibus
1495 1565 1558 1597 illis
1596 1577 1678 1609 quae
1713 1567 1745 1599 in
1782 1569 1896 1602 litteris

1160 1613 1282 1646 eisdem
1309 1615 1510 1649 auditoribus
1543 1624 1575 1650 et
1600 1620 1894 1655 locumtenentibus

1159 1677 1216 1699 seu
1242 1678 1353 1700 eorum
1368 1670 1506 1711 collegio
1526 1673 1695 1704 voluerunt
1714 1674 1790 1706 dicti
1806 1685 1896 1717 prae-

1159 1719 1346 1753 decessores
1370 1732 1433 1754 non
1452 1723 1595 1762 obstare,
1621 1735 1704 1768 quae
1722 1737 1780 1769 pro
1806 1738 1894 1771 repe-

1159 1772 1224 1804 titis
1258 1773 1460 1815 habeanttu‘3
1499 1777 1683 1820 ceterisque
1720 1780 1891 1812 contrariis

1157 1825 1426 1869 quibuscumque.

1200 1879 1214 1920 ᾗ
1234 1878 1284 1910 11.
1306 1879 1456 1913 Volumus
1478 1887 1584 1914 autem
1602 1885 1687 1926 quod
1706 1887 1892 1920 earumdem
1904 1900 2088 1948 runpffigmpio-

1155 1931 1374 1974 praesentium
1390 1936 1618 1978 trasnsumptis
1631 1938 1744 1970 eadem
1759 1949 1891 1981 prorsus

1155 1983 1233 2016 fides
1258 1984 1289 2016 in
1321 1985 1441 2019 iudicio
1468 1993 1499 2020 et
1531 1993 1619 2021 extra
1650 2000 1687 2022 ac
1719 1991 1796 2023 alias
1827 1992 1893 2024 ubi-

1154 2047 1291 2080 cumque
1318 2039 1530 2080 adhibeatur,
1566 2052 1648 2085 quae
1681 2043 1893 2078 adhiberetur

1155 2089 1368 2132 originalibus
1386 2091 1410 2123 si
1426 2092 1533 2125 forent
1549 2094 1712 2127 exhibitae
1727 2097 1775 2130 vel
1789 2102 1893 2130 osten-

1153 2153 1220 2174 sae.
1242 2142 1300 2175 Per
1320 2150 1506 2186 praesentes
1530 2151 1636 2179 autem
1662 2158 1727 2180 non
1753 2148 1893 2182 intendi-

1153 2206 1222 2227 mus
1236 2195 1301 2235 illa,
1320 2207 1401 2239 quae
1419 2208 1478 2240 pel·
1496 2198 1628 2232 Concilii
1647 2200 1823 2234 Tridentini
1843 2203 1892 2235 de-

1152 2252 1240 2280 creta
1265 2253 1298 2280 et
1322 2249 1399 2281 alias
1424 2251 1622 2293 posteriores
1644 2254 1889 2287 constitutiones

1151 2301 1344 2344 apostolicas
1377 2303 1529 2346 specifice
1561 2311 1709 2338 revocata
1734 2313 1824 2347 sunt,
1856 2308 1887 2340 in

1151 2353 1259 2396 aliquo
1287 2356 1481 2397 approbare.

1191 2408 1207 2450 g*
1232 2407 1285 2440 12.
1313 2408 1396 2441 Nulli
1416 2420 1493 2451 ergo
1512 2411 1644 2444 omnino
1664 2412 1828 2447 hominum
1850 2415 1885 2446 li-
1922 2425 2009 2445 Sanctio
2029 2431 2079 2453 poe-

1894 2452 1955 2472 nans.

1149 2465 1217 2492 ceat
1238 2461 1321 2493 hanc
1341 2463 1489 2504 paginam
1511 2469 1641 2497 nostrae
1660 2466 1881 2506 absolutionis

1147 2512 1418 2555 confirmationis,
1445 2516 1677 2557 adiunctionis‚
1703 2518 1884 2552 innovatio-

1147 2564 1203 2604 nis,
1231 2566 1469 2607 concessionis,
1496 2568 1629 2609 indulti,
1656 2571 1880 2614 ampliationis,

1183 2628 1192 2654 1
1217 2627 1269 2655 Vox
1289 2637 1376 2655 causa
1396 2629 1529 2656 redundat
1548 2631 1588 2666 (n.
1605 2631 1655 2667 T.).

1806 249 1869 282 143
1916 259 1965 284 An.
1981 259 2009 285 c.
2042 260 2110 288 1070
