2279 3260
168 213 218 239 An.
237 211 266 239 C.
288 212 357 240 1674

196 2430 266 2451 Monet
277 2438 300 2451 ex
312 2431 355 2456 plu-

171 2459 229 2477 ribus
259 2458 355 2478 christili-
680 2477 685 2481 .

168 2476 529 2530 ggt'nsugdagrffiRomanae
564 2477 737 2515 Ecclesiae,
762 2479 858 2520 plena
891 2479 929 2510 de
955 2484 1101 2510 materno

168 2537 224 2556 uem.

992 215 1134 240 CLEMENS
1157 218 1175 240 Χ
1201 218 1248 240 ΡΡ.

1772 209 1835 242 1177

366 263 437 296 orbi
458 263 637 298 christiano
667 264 818 308 gaudium
835 274 1009 307 magnum,
1028 269 1101 297 tem·
1145 264 1275 305 reliciat,
1302 265 1482 305 invitantis,
1509 277 1618 299 vocem
1644 267 1756 307 secuti,
1784 276 1877 309 pere-

365 327 425 360 pus
461 318 611 351 nimirum
646 318 859 362 acceptabile,
884 318 952 351 dies
978 317 1100 355 salutis,

366 370 398 402 in
424 371 540 413 quibus
574 381 590 403 e
615 371 749 414 mystica
781 370 855 403 fidei
890 371 981 414 petra
1020 369 1100 402 ube-

366 423 453 456 riore
478 428 634 466 proventu
660 424 836 456 decurrunt
859 424 978 456 fluenta
1000 432 1101 465 aquae

366 475 511 508 salientis
547 476 580 508 in
607 476 702 509 vitam
733 482 906 516 aeternam,
938 474 1099 508 laetamini

365 527 489 571 populi,
523 529 662 561 exultate
688 535 807 571 gentes,
835 533 867 561 et
897 528 934 561 ad
961 532 1101 559 sanctam

366 580 398 612 in
423 580 517 613 terris
542 581 699 614 civitatem
726 581 779 613 Dei
816 581 960 613 certatim
991 589 1102 612 accur-

365 633 425 666 rite
459 639 494 666 ut
517 633 654 667 videatis
687 635 884 678 voluptatem
912 632 1037 666 Domini
1071 636 1103 663 et

367 686 502 719 visitetis
543 688 696 730 templum
735 687 816 719 eius.
856 685 1103 729 Appropinquat

367 738 492 772 scilicet
516 749 618 772 annus
644 739 785 779 iubilaei,
812 749 915 771 annus
941 736 1102 770 remissio-

367 791 416 824 nis
441 797 473 824 et
498 792 627 834 gratiae,
654 802 757 824 annus
783 789 950 834 placabilis
975 794 1007 822 et
1031 798 1102 820 san-

367 850 444 885 ctus,
471 844 562 877 cuius
589 844 826 877 solemnitatem
860 853 895 874 ex
923 840 1021 874 veteri
1055 839 1102 872 di-

366 897 484 929 vinitus
504 897 618 930 tradita
634 897 856 929 Hebraeorum
869 894 1049 937 disciplina,
1067 898 1099 924 ut

368 951 636 993 qulnquagcsimo
657 960 789 992 quoque
815 959 898 981 anno
920 948 1101 979 recolerent

367 1002 484 1035 exitum
499 1003 611 1034 domus
635 1002 728 1034 Iacob
753 1001 792 1033 de
812 1002 933 1045 populo
951 999 1099 1036 barbaro,

366 1055 531 1098 sapienter
555 1053 740 1093 derivatam,
767 1064 854 1086 more
874 1053 1102 1096 praedecesso-

366 1117 437 1140 rum
462 1112 647 1139 nostrorum
674 1107 889 1139 Romanorum
915 1104 1102 1137 Pontificum

367 1159 563 1192 celebraturi
588 1170 710 1199 sumus,
744 1158 894 1202 mysterio
926 1162 1031 1189 tamen
1064 1165 1101 1188 co

367 1212 566 1252 sublimiore,
604 1223 668 1255 quo
705 1211 858 1244 caelestia
893 1215 924 1242 et
959 1214 1101 1247 aeterna,

368 1276 451 1308 quae
477 1266 589 1308 alege
622 1265 743 1308 gratiae
780 1264 1002 1303 conseruntur,
1042 1267 1105 1293 ter-

368 1317 525 1351 restribus
551 1322 582 1350 et
612 1317 742 1350 caducis
776 1317 987 1355 antecellunt,
1022 1324 1102 1357 quae

368 1371 418 1402 lex
443 1369 499 1403 illa
523 1369 697 1409 servitutis,
715 1368 817 1411 figura
841 1373 873 1401 et
895 1368 1010 1399 umbra
1027 1366 1102 1398 Novi

367 1423 582 1463 Testamenti,
610 1423 842 1466 pollicebatur3
882 1432 940 1464 pro
976 1419 1103 1452 mortali

369 1475 456 1508 enim
471 1476 583 1519 patria,
601 1486 659 1519 pro
674 1475 779 1507 fundis
797 1474 948 1518 paternis,
966 1484 1025 1516 pro
1042 1483 1106 1506 cor·

368 1529 455 1572 poris
480 1529 644 1569 libertate,
673 1539 766 1571 quam
784 1528 924 1561 Hebraei
944 1528 1001 1560 illo
1020 1537 1104 1559 anno

369 1582 627 1625 recuperabant,
666 1586 864 1614 renovantur
903 1581 964 1613 hac
999 1591 1105 1613 recur-

369 1640 460 1667 rente
497 1635 683 1667 celebritate
724 1634 953 1667 christifideles
990 1633 1102 1677 spiritu

369 1686 538 1725 libertatis,
563 1697 622 1729 per
655 1698 750 1729 quem
789 1692 946 1719 vocantur
973 1687 1004 1718 in
1030 1686 1105 1719 ado-

368 1738 513 1781 ptionem
527 1738 667 1771 filiorum
693 1739 758 1778 Dei,
777 1745 809 1771 et
829 1740 1024 1772 roborantur
1048 1750 1103 1782 spe

369 1792 481 1824 beatae
507 1791 595 1824 illius
621 1792 745 1835 patriae
764 1797 796 1824 et
819 1797 969 1824 aeternae
995 1792 1106 1824 haere-

369 1845 485 1885 ditatis,
501 1856 518 1878 a
531 1856 593 1888 qua
610 1856 668 1888 per
685 1845 994 1888 praevaricationem
1011 1844 1103 1887 primi

368 1898 512 1941 parentis
537 1897 733 1930 exciderant.
761 1897 910 1935 Quamvis
927 1897 1012 1930 enim
1039 1899 1106 1930 nul-

367 1951 433 1983 lum
458 1949 498 1982 sit
523 1955 657 1992 tempus,
683 1950 716 1982 in
742 1961 805 1993 quo
823 1949 972 1983 fidelibus
993 1950 1105 1993 poeni-

368 2003 501 2035 tentiam
526 2003 695 2045 agentibus
720 2013 786 2036 non
806 2009 1013 2046 praestentur
1036 2014 1105 2035 cae-

367 2055 454 2088 lestis
479 2056 700 2098 indulgentiae
733 2056 817 2088 dona
849 2056 1041 2099 deprompta
1067 2067 1101 2088 ex

367 2107 499 2140 infinitis
525 2107 643 2140 Christi
668 2107 827 2151 passionis
852 2114 883 2140 et
907 2108 1020 2140 mortis
1044 2119 1104 2140 me·

366 2159 436 2192 ritis
457 2160 666 2203 omniumque
690 2165 896 2201 sanctorum;
917 2161 977 2193 hac
998 2166 1102 2193 tamen

366 2213 548 2253 festivitate,
575 2214 664 2256 quasi
690 2214 721 2246 in
744 2215 881 2257 quadam
900 2214 1102 2256 plenitudine

367 2266 531 2308 temporis,
545 2267 685 2309 largiore
703 2278 797 2299 manu
817 2267 1014 2306 tribuuntur,
1027 2267 1101 2299 dum

366 2319 543 2362 spiritualis
560 2319 675 2351 aerarii
691 2325 722 2351 ct
736 2319 945 2352 ecclesiastici
960 2319 1101 2352 thesauri

366 2376 478 2414 portae
503 2371 657 2404 latissime
683 2378 880 2404 reserantur.

411 2425 425 2467 ἓ
450 2424 481 2457 1.
509 2425 600 2467 Agite
626 2435 715 2467 ergo,
744 2425 799 2457 tilii
827 2425 1044 2465 dilectissimi,
1072 2431 1102 2458 et

368 2540 438 2561 smu
465 2530 564 2561 ubera
589 2530 759 2569 exerentis,
781 2536 877 2573 atque
903 2541 1026 2570 omnes,
1047 2531 1101 2573 qui

369 2583 520 2615 laborant
544 2588 575 2615 et
600 2583 722 2615 onerati
750 2589 831 2624 sunt,
857 2584 895 2616 ad
921 2594 964 2624 sc,
989 2589 1024 2615 ut
1049 2594 1102 2617 eos

1143 317 1356 359 grinationem
1393 318 1475 350 hanc
1507 328 1626 350 sacram
1669 319 1741 351 lacti
1779 319 1877 351 susci-

1143 369 1220 413 pite.
1248 370 1277 403 Si
1305 370 1400 411 enim,
1416 371 1457 403 ob
1481 370 1635 403 incertam
1654 371 1787 403 alicuius
1805 376 1876 403 tein-

1142 423 1264 465 poralis
1290 423 1430 466 lluxique
1456 424 1535 456 lucri
1560 434 1668 466 spem,
1696 434 1759 456 non
1786 424 1877 455 dubi-

1145 476 1215 508 tatis
1252 476 1424 519 aliquando
1455 476 1583 509 difficile
1609 481 1640 508 et
1665 476 1875 518 longinquum

1143 529 1181 561 ad
1206 530 1359 562 barbaras
1385 535 1494 569 terras,
1513 530 1561 561 vel
1580 528 1782 571 iniquissimo
1801 528 1875 560 anni

1144 587 1311 625 tempore,
1338 583 1396 615 iter
1420 581 1560 624 ingredi,
1590 586 1620 614 et
1646 581 1740 613 vitam
1773 581 1876 613 saevis

1143 645 1200 677 per
1224 635 1332 677 ignota
1357 635 1456 667 maria
1483 634 1729 677 tempestatibus
1759 634 1878 665 ventis-

1143 697 1204 730 que
1230 687 1436 727 committere,
1464 698 1526 731 qua
1560 687 1687 719 tandem
1714 685 1877 719 alacritate

1143 739 1302 782 proticisci
1338 751 1397 783 par
1432 746 1480 773 est
1516 741 1553 772 ad
1591 750 1742 772 amoenas
1782 744 1878 781 atque

1144 792 1318 836 hospitales
1343 794 1421 825 Latii
1441 795 1561 836 plagas,
1588 794 1674 825 certa
1694 803 1760 835 spe,
1777 792 1801 824 si
1821 802 1880 834 per

1143 856 1196 877 vos
1220 856 1284 877 non
1310 845 1442 883 steterit,
1458 845 1677 887 consequendi
1711 845 1879 876 thesauros

1144 908 1208 929 non
1246 896 1430 932 deficientes
1456 897 1487 928 in
1513 898 1616 935 caelo,
1657 908 1737 939 quos
1774 906 1880 939 neque

1145 960 1263 991 aerugo
1289 949 1428 981 absumit
1453 960 1557 992 neque
1585 949 1693 981 tinea?
1730 950 1776 981 Ad
1812 959 1882 981 san-

1145 1009 1226 1035 ctam
1253 1003 1335 1034 hanc
1360 1002 1572 1042 Hierusalem,
1610 1008 1743 1034 matrem
1780 1003 1882 1034 ecclc—

1145 1056 1274 1095 siarum,
1316 1055 1436 1087 sontem
1482 1054 1655 1096 religionis,
1695 1055 1881 1097 magistram

1146 1108 1300 1150 gentium,
1325 1107 1446 1149 reglam
1472 1106 1656 1146 sanctitatis,
1675 1107 1811 1139 invitant
1828 1117 1882 1139 vos

1148 1165 1194 1192 tot
1218 1159 1348 1202 egregia
1374 1170 1432 1202 per
1452 1170 1521 1191 eam
1540 1170 1650 1202 sparsa
1666 1159 1794 1202 priscae
1816 1158 1883 1202 pic-

1147 1213 1220 1245 tatis
1245 1218 1275 1245 et
1301 1212 1534 1245 sanctimoniae
1568 1217 1798 1251 monumenta,
1835 1212 1882 1244 in-

1147 1265 1247 1297 vitant
1262 1265 1539 1297 sanctissimorum
1555 1264 1747 1297 Pontificum
1758 1270 1788 1297 et
1808 1265 1883 1297 Mar-

1149 1324 1250 1361 tyrum
1275 1317 1561 1351 invictissimorum
1586 1317 1776 1360 sepulchra,
1804 1316 1883 1349 iuvi-

1149 1376 1214 1403 tant
1240 1376 1307 1403 toto
1334 1372 1413 1404 orbe
1446 1371 1625 1403 clarissima
1650 1371 1883 1413 Apostolorum

1149 1424 1315 1466 trophaea,
1342 1435 1412 1455 cum
1443 1424 1557 1466 quibus
1591 1424 1680 1456 nulla
1703 1424 1821 1456 veteris
1846 1424 1883 1455 il-

1148 1477 1207 1509 lius
1236 1476 1376 1508 victricis
1406 1475 1550 1518 gentium
1573 1476 1691 1509 Romae
1728 1476 1882 1519 trophaea

1149 1534 1223 1561 sunt
1248 1529 1467 1569 conserenda,
1502 1529 1572 1572 ipsa
1615 1529 1753 1572 denique
1779 1539 1883 1561 sacro-

1149 1587 1275 1614 sanctae
1287 1581 1450 1614 Passionis
1459 1581 1644 1614 Dominicae
1655 1582 1881 1620 instrumenta,

1149 1645 1283 1677 quorum
1309 1634 1547 1667 adorandorum
1585 1636 1681 1666 causa
1713 1633 1809 1676 prisci
1835 1633 1881 1666 illi

1148 1687 1260 1719 fideles
1286 1697 1322 1719 ex
1348 1686 1468 1719 ultimis
1487 1687 1578 1719 terris
1597 1687 1807 1718 Palaestinam
1828 1697 1882 1729 pe-

1149 1740 1269 1779 tebant,
1295 1750 1310 1771 e
1333 1739 1513 1772 Palaestina
1546 1739 1608 1772 huc
1634 1739 1710 1771 olim
1735 1739 1880 1779 adducta,

1150 1792 1239 1835 quasi
1266 1791 1383 1824 amoris
1409 1792 1543 1833 pignora
1565 1802 1628 1834 quo
1657 1790 1883 1833 diligitDomi-

1148 1855 1208 1876 11115
1233 1850 1342 1887 portas
1367 1843 1442 1876 Sion
1468 1854 1565 1887 super
1590 1844 1697 1877 omnia
1719 1844 1882 1877 tarberna-

1148 1898 1219 1929 cula
1242 1897 1346 1937 Iacob,
1374 1907 1427 1929 vos
1454 1902 1599 1929 amanter
1623 1897 1766 1929 invitant.
1794 1896 1883 1929 Exci-

1149 1949 1256 1981 tamini
1282 1950 1320 1981 ad
1348 1950 1426 1982 haec
1451 1955 1480 1981 et
1506 1949 1610 1982 venite
1636 1950 1795 1990 alacriter,
1826 1949 1881 1982 tilii

1147 2001 1381 2044 promissionis,
1404 2001 1436 2033 in
1453 2002 1597 2044 parentis
1616 2002 1785 2044 gremium,
1806 2013 1881 2035 oves

1148 2055 1298 2087 dominici
1325 2055 1448 2097 gregis,
1474 2055 1506 2087 in
1532 2056 1671 2098 pastoris
1702 2057 1878 2099 amplexus.

1148 2109 1248 2150 Atque
1274 2107 1395 2139 utinam
1421 2107 1582 2149 precibus,
1609 2119 1688 2151 quas
1706 2119 1743 2140 ex
1761 2108 1881 2141 intimis

1146 2166 1297 2203 paternae
1315 2159 1480 2192 charitatis
1499 2161 1696 2203 praecordiis
1715 2161 1882 2194 continen-

1147 2218 1194 2245 ter
1218 2212 1430 2252 effundimus,
1456 2218 1587 2246 exorata
1623 2213 1730 2246 divina
1754 2215 1880 2246 bonitas

1146 2266 1320 2309 aliquando
1346 2267 1503 2298 secundet
1527 2277 1629 2309 spem,
1656 2278 1738 2310 quae
1755 2267 1880 2310 aliquot.

1145 2319 1183 2350 ab
1209 2319 1285 2350 hinc
1310 2319 1418 2351 lustris
1445 2318 1596 2361 atl'ulgere
1623 2319 1690 2352 visa
1707 2326 1761 2359 est,
1789 2320 1880 2352 redu·

1145 2371 1239 2403 rendi
1265 2371 1302 2403 ad
1328 2371 1443 2403 Christi
1470 2372 1561 2410 ovile,
1589 2377 1677 2404 extra
1702 2373 1787 2415 quod
1813 2382 1877 2404 non

1145 2429 1194 2456 est
1219 2425 1313 2463 531115,
1340 2430 1387 2456 tot
1411 2424 1627 2456 nobilissumis
1645 2425 1810 2457 christiani
1829 2435 1878 2458 or-

1145 2477 1194 2509 bis
1220 2477 1420 2519 provhmias,
1459 2478 1554 2519 longe
1585 2477 1715 2519 optimis
1752 2478 1876 2510 artibus

1146 2530 1285 2572 virisque
1311 2530 1471 2569 florentes,
1489 2541 1577 2572 quas,
1598 2536 1724 2572 patrum
1750 2536 1877 2563 nostro-

1144 2594 1214 2616 rum
1239 2583 1402 2624 mcmoria,
1429 2584 1467 2616 ab
1493 2583 1613 2616 unitate
1640 2584 1801 2617 Romanae
1822 2585 1877 2618 Ee-

1884 218 1932 243 An.
1951 216 1978 242 t).
2004 217 2070 243 1·ss
