2279 3260
126 235 175 263 Αη.
192 234 222 263 (ἶ.
244 233 311 261 1676

940 233 1081 257 CLEMENS
1103 235 1120 258 Χ
1145 234 1193 257 PP.

1730 222 1788 254 ott

319 282 357 315 ad
384 293 521 326 poenam
548 288 580 315 et
603 282 759 315 maiorem
792 281 971 314 custodiam
998 281 1053 314 dc·
1096 286 1203 314 careat
1221 291 1297 314 voce
1318 280 1417 314 activa
1435 291 1495 323 per
1512 280 1698 319 triennium,
1726 285 1753 310 vt
1783 279 1830 310 in-

319 334 551 378 linquentium.

364 399 399 421 ιι.
426 388 456 420 Si
483 388 600 431 aliquis
626 393 763 431 propter
788 387 1001 420 sufficientem
1026 396 1053 418 a·

320 441 434 474 licuius
452 441 556 484 gravis
575 441 684 474 delicti
703 441 929 484 probationem
951 440 1054 472 iussus

321 493 418 526 suerit
441 505 458 526 a
482 493 588 526 iudice
625 493 838 532 incarcerari,
865 497 998 524 exuatur
1022 490 1052 522 in

321 546 391 589 ipso
405 556 533 579 earcere
554 545 665 579 habitu
684 546 767 585 albo,
788 550 819 578 et
836 544 985 577 induatur
1001 554 1055 575 ve-

320 599 473 632 stimento
488 599 565 631 susci
579 598 707 638 coloris,
722 598 907 642 poteritque
925 597 965 640 (si
980 606 1055 628 reus

322 652 420 685 suerit
439 652 477 685 ad
503 652 639 685 chorum
665 652 861 695 deputatus)
887 651 919 683 in
940 649 1054 683 eodem

320 716 451 738 carcerc
475 715 613 738 coronae
638 705 778 737 circulus
804 704 833 736 ei
859 703 939 735 radi.

365 769 412 792 111.
433 758 474 799 Si,
495 763 630 801 propter
651 756 884 799 negligentiam
900 756 948 788 vel
966 753 1056 787 mali-

321 811 397 844 tiam
422 810 566 843 custodis
591 810 750 849 carceris,
777 819 850 841 reus
875 807 1053 849 aufugerit,

320 869 428 896 custos
453 863 485 895 in
510 873 673 895 carcerem
701 861 892 894 coniiciatur
916 865 947 893 et
971 860 1057 892 iuxta

320 916 509 959 gravitatem
534 917 649 959 culpae
673 914 840 958 puniatur.

364 979 405 1002 lv.
433 968 463 1001 Si
489 968 560 1011 quis
585 977 714 1011 quoquo
732 967 828 999 modo
847 976 928 1009 opus
949 963 1059 997 tulerit

321 1021 517 1054 incarcerato
542 1025 578 1052 ut
602 1018 760 1061 aufugiat,
787 1018 811 1050 si
838 1017 968 1050 effectus
993 1027 1057 1049 non

320 1074 419 1107 suerit
443 1079 610 1116 sequutus,
625 1072 845 1104 incarceretur
863 1082 922 1115 per
947 1069 1057 1112 viginti

321 1126 410 1166 dies,
429 1125 455 1158 si
475 1124 608 1158 effeetus
635 1129 801 1167 sequutus,
820 1124 860 1156 sit
886 1128 954 1156 toto
979 1128 1059 1155 tcm-

321 1189 398 1222 pore
423 1178 456 1210 in
481 1188 627 1217 carcere,
655 1188 718 1220 quo
744 1176 939 1220 delinquens
963 1176 1060 1209 dehe-

321 1231 375 1263 bat
398 1242 479 1264 esse.
499 1231 669 1264 Carcerem
694 1234 801 1262 autem
826 1228 1060 1272 confringenti-

321 1285 392 1325 bus
418 1290 542 1327 tempus
567 1283 837 1316 incarcerationis
863 1282 1057 1325 duplicetur.

367 1349 395 1370 r.
422 1337 453 1370 Si
479 1336 549 1380 quis
576 1336 644 1368 sine
670 1335 848 1378 superioris
869 1335 999 1368 licentia
1017 1335 1060 1367 vi-

323 1390 470 1423 sitaverit
491 1391 541 1423 vel
561 1391 747 1432 alloquutus
767 1389 863 1422 suerit
882 1389 1061 1422 incarcera-

324 1449 381 1483 tos,
396 1453 521 1487 poenae
540 1443 655 1486 culpae
671 1442 775 1485 gravis
791 1453 848 1485 per
862 1442 945 1474 diem
962 1453 1060 1474 unum

325 1496 506 1530 subiaceat.

367 1560 408 1583 v1.
435 1549 601 1582 Praelatus
638 1559 697 1592 per
732 1548 852 1592 sessvel
883 1559 940 1592 per
965 1549 1061 1582 alium

325 1607 415 1635 curet
443 1602 482 1635 de
507 1601 622 1634 solatio
647 1600 945 1641 incarceratorum,
968 1606 999 1634 et
1023 1602 1061 1634 de

325 1654 551 1688 exhortatione
577 1654 615 1686 ad
646 1653 863 1694 tolerantiam,
882 1654 981 1687 libros
998 1655 1062 1697 spi-

325 1708 457 1741 rituales
475 1708 539 1741 illis
558 1707 724 1748 concedat,
743 1708 798 1740 sed
823 1718 885 1740 non
903 1713 1063 1740 atramen-

326 1762 443 1794 tarium
468 1762 516 1794 vel
541 1761 603 1793 alia
629 1761 668 1792 ad
694 1760 900 1793 scribendum
926 1761 1063 1803 requisi-

328 1820 370 1855 ta,
397 1814 458 1846 nisi
484 1823 569 1854 raro,
586 1813 730 1856 pensatis
756 1813 1064 1854 circumstantiis‚ct

325 1878 397 1900 cum
422 1866 557 1900 scientia
581 1876 695 1899 eorum
720 1876 801 1909 quae
827 1866 985 1899 scribunt.

325 1949 458 1976 Rssonm
480 1956 574 1976 CAPUT
596 1947 731 1975 XXXII.
753 1963 792 1968 —
819 1946 940 1975 Nullus
961 1946 1064 1976 frater

364 1996 503 2026 fratrem
523 2005 621 2024 suum
642 1994 675 2023 in
690 1994 824 2034 publico
843 1999 985 2031 accuset,
1002 2000 1062 2025 etc.

326 2061 416 2100 Caput
442 2069 531 2090 xxxn.
557 2077 597 2083 —
627 2060 667 2089 De
693 2063 781 2099 poena
808 2065 902 2089 contra
930 2061 1064 2090 laedentes

386 2112 489 2148 famam
510 2108 641 2138 aliorum.

372 2194 394 2218 1.
421 2183 452 2216 Si
477 2184 548 2227 quis
572 2183 704 2216 alterius
730 2183 846 2216 samam
874 2184 959 2228 apud
992 2185 1066 2217 reli-

330 2238 436 2280 giosos
462 2237 563 2269 nostri
589 2236 717 2269 Ordinis
742 2237 874 2270 laeserit
903 2243 935 2270 ct
959 2239 1067 2271 eonvi-

330 2296 397 2323 ctus
422 2289 530 2329 suerit,
556 2291 662 2333 poena
686 2289 817 2323 talionis
842 2290 1004 2333 puniatur,
1031 2292 1067 2324 si-

330 2348 383 2376 cut
406 2342 565 2386 praecipit
588 2343 712 2385 regula,
737 2347 769 2375 et
794 2349 867 2375 ante
892 2344 1000 2376 onmia
1026 2344 1069 2376 sa-

331 2406 415 2429 mam
439 2394 609 2435 restituat3
637 2395 662 2427 si
689 2405 764 2428 vero
790 2401 921 2428 nostrae
938 2397 1069 2439 religio-

331 2450 380 2482 nis
405 2449 556 2482 decorem
575 2453 606 2481 et
623 2459 753 2481 suorum
771 2449 1000 2492 religiosorum
1018 2461 1070 2483 ac-

332 2502 548 2536 sufflationem
581 2501 732 2535 infamiae
757 2503 829 2535 labe
855 2503 1069 2546 denigraverit

332 2556 414 2599 apud
450 2555 635 2587 saeculares
660 2556 708 2587 vel
734 2555 904 2598 religiosos
937 2557 1069 2589 alterius

331 2608 476 2648 Ordinis,
512 2613 642 2651 praeter
678 2618 815 2649 poenam
840 2609 1067 2652 supradictam,

420 2670 498 2699 Ball.
521 2671 602 2697 Rom.
620 2685 653 2690 —
672 2670 728 2697 Vol.
746 2671 852 2698 XVIII.
996 2674 1026 2700 31

1098 334 1214 366 habilis
1241 333 1282 366 sit
1305 334 1342 366 ad
1369 333 1476 366 omnia
1502 333 1630 365 Ordinis
1657 332 1772 365 officia.

1141 396 1174 419 u.
1198 386 1229 419 Si
1255 386 1326 429 quis
1351 386 1465 419 salsum
1494 385 1712 417 testimonium
1742 384 1772 416 in
1798 394 1831 415 rc

1096 440 1186 481 gravi
1210 445 1323 472 contra
1348 438 1446 472 alium
1468 437 1598 477 dixerit,
1617 443 1649 469 et
1665 436 1831 469 convictus

1098 492 1204 539 tuerit,
1217 497 1350 535 praeter
1363 501 1500 535 poenam
1516 490 1655 529 talionis,
1668 499 1832 531 nunquam

1097 544 1127 576 in
1154 550 1270 577 testem
1295 545 1430 588 produci
1454 544 1571 577 valeat.

1097 634 1226 662 Rmmz:
1247 643 1341 662 estur
1363 634 1514 661 XXXIII.
1529 648 1568 654 —
1585 630 1622 659 Si
1641 630 1714 670 quis
1734 639 1832 658 scan-

1147 680 1258 710 dalum
1278 681 1330 710 vel
1352 680 1476 720 aliquid
1497 677 1686 709 huiusmodi
1707 677 1833 713 fecerit,

1147 733 1208 759 etc.

1098 795 1188 835 Caput
1210 803 1308 825 xxxm.
1324 813 1361 818 —-
1379 795 1416 824 De
1436 795 1579 834 apostatis.
1595 793 1728 832 fugitivis,
1744 793 1836 821 inc-or-

1157 844 1321 882 rigibilibus,
1336 849 1360 873 el
1384 854 1479 873 manus
1504 843 1630 872 violentas
1653 843 1682 870 ιή
1704 841 1771 870 alios
1793 842 1836 870 iu-

1159 893 1326 922 i'icientibus.

1143 979 1165 1001 1.
1184 968 1240 1000 Ille
1257 967 1455 1010 reputandus
1479 965 1718 1008 habendusque
1736 969 1786 997 cst
1803 968 1838 996 ut

1101 1025 1245 1064 apostata
1266 1020 1438 1063 (quantum
1455 1019 1493 1051 ad
1516 1018 1679 1062 poenam),
1698 1017 1751 1061 qui
1766 1018 1838 1050 abs-

1102 1084 1163 1116 que
1188 1072 1318 1106 licentia
1353 1071 1558 1115 superiorum
1587 1076 1720 1113 vagatur
1751 1076 1839 1103 extra

1102 1126 1292 1160 conventum
1317 1125 1387 1158 sine
1405 1125 1535 1165 habitu,
1555 1124 1674 1157 habeat
1698 1125 1747 1156 vel
1773 1134 1838 1157 non

1102 1180 1318 1213 intentionem
1351 1178 1507 1212 redeundi
1542 1178 1581 1210 ad
1613 1179 1759 1217 claustra,
1786 1182 1841 1209 aut

1102 1233 1198 1266 etiam
1223 1243 1294 1265 cum
1319 1232 1443 1272 habitu,
1462 1231 1487 1263 si
1513 1241 1571 1274 per
1595 1235 1667 1263 octo
1694 1230 1763 1263 dies
1789 1240 1841 1262 ex-

1103 1292 1150 1319 tra
1168 1287 1306 1319 claustra
1322 1284 1550 1329 permanserit.
1578 1284 1640 1316 Iste
1666 1293 1744 1326 ergo
1770 1283 1840 1326 ipso

1104 1339 1186 1372 sacto
1222 1338 1263 1371 sit
1298 1337 1601 1377 excommunicatus,
1626 1342 1657 1369 et
1691 1347 1751 1379 pro
1785 1337 1841 1369 tali

1103 1392 1329 1435 promulgetur
1345 1401 1362 1422 a
1383 1390 1553 1433 superiore
1571 1400 1680 1422 coram
1700 1399 1842 1421 commu-

1104 1444 1216 1478 nitate.
1242 1444 1334 1484 hem,
1355 1443 1408 1487 qui
1434 1443 1473 1476 de
1493 1448 1590 1475 noete
1616 1441 1685 1474 sine
1709 1441 1841 1474 licentia

1105 1510 1121 1531 a
1145 1502 1305 1531 conventu
1331 1496 1452 1535 exierit,
1472 1496 1588 1529 eodem
1605 1495 1702 1527 modo
1724 1495 1765 1527 sit
1788 1506 1840 1527 ex—

1105 1550 1356 1584 communicatus
1371 1554 1402 1582 et
1415 1549 1501 1581 velut
1516 1552 1662 1591 apostata
1675 1547 1839 1590 puniatur.

1149 1614 1184 1637 11.
1211 1603 1242 1636 Si
1265 1603 1336 1646 quis
1361 1603 1483 1645 absque
1520 1600 1650 1633 licentia
1686 1600 1799 1633 exierit
1824 1612 1842 1632 a

1105 1668 1162 1689 suo
1188 1661 1346 1689 conventu
1371 1656 1422 1688 vel
1447 1665 1464 1687 a
1488 1653 1630 1687 confinio
1657 1658 1688 1685 et
1713 1652 1842 1685 iurisdi-

1106 1710 1212 1742 etione
1233 1709 1280 1741 sui
1298 1707 1447 1751 praelati,
1461 1706 1644 1739 immediate
1668 1715 1843 1738 recurrens

1106 1763 1144 1796 ad
1170 1762 1373 1805 superiorem
1386 1761 1576 1803 praelatum,
1598 1769 1664 1792 non
1685 1759 1843 1791 habeatur

1106 1826 1165 1859 pro
1190 1814 1490 1854 excommunicat03
1516 1813 1637 1857 poterit
1661 1817 1768 1845 tamen
1794 1822 1844 1844 ar-

1105 1868 1203 1902 bitrio
1229 1867 1408 1913 superioris
1434 1866 1552 1910 puniri,
1581 1866 1607 1898 si
1632 1866 1745 1898 iustam
1771 1876 1844 1897 cau-

1107 1933 1173 1955 sam
1198 1931 1348 1954 recursus
1384 1930 1450 1953 non
1484 1918 1685 1958 1·eddide1·it;
1714 1918 1739 1950 si
1766 1929 1843 1950 vero

1107 1974 1262 2007 aliorsum
1288 1972 1428 2012 divertit,
1455 1977 1487 2004 et
1510 1971 1559 2004 via
1583 1973 1670 2004 recta
1696 1971 1844 2014 superio-

1108 2037 1177 2059 rem
1201 2035 1265 2058 non
1292 2024 1396 2065 adivit,
1423 2023 1564 2057 severius
1589 2023 1755 2067 puniatur.

1151 2090 1199 2112 111.
1225 2078 1338 2111 Statim
1364 2089 1399 2111 ac
1425 2077 1467 2109 sit
1491 2077 1605 2110 notitia
1637 2077 1676 2109 de
1709 2076 1845 2110 alicuius

1107 2132 1250 2175 religiosi
1276 2131 1362 2163 exitu
1387 2142 1404 2163 a
1430 2136 1589 2163 conventu
1611 2130 1679 2162 sine
1704 2130 1844 2169 licentia,

1109 2185 1251 2229 quamvis
1277 2188 1421 2216 recurrat
1446 2183 1485 2215 ad
1502 2182 1697 2226 superiores,
1719 2184 1846 2225 praela-

1109 2244 1158 2271 tus
1183 2238 1268 2270 illius
1288 2246 1478 2280 processum
1504 2236 1619 2268 formet
1644 2236 1682 2268 dc
1707 2236 1790 2277 suga,
1815 2241 1846 2268 et

1109 2291 1264 2325 certiores
1282 2289 1375 2322 saciat
1392 2294 1500 2332 patres
1518 2290 1704 2331 generalem
1727 2295 1758 2321 et
1774 2299 1846 2331 pro-

1109 2344 1276 2378 vincialem
1313 2343 1351 2376 de
1387 2343 1462 2381 illa,
1500 2347 1531 2375 et
1555 2342 1593 2375 de
1619 2341 1670 2375 die
1695 2347 1727 2375 et
1751 2345 1847 2375 causa

1110 2398 1212 2442 ipsius
1238 2397 1345 2439 fugae.

1154 2462 1195 2484 iv.
1221 2450 1259 2482 Et
1276 2449 1350 2493 quia
1367 2449 1470 2482 felicis
1488 2449 1724 2482 recordationis
1748 2448 1847 2481 Urba-

1112 2515 1171 2537 nus
1187 2503 1251 2536 &⁷111
1276 2514 1333 2546 per
1359 2513 1433 2535 suas
1459 2503 1583 2535 litteras
1608 2502 1640 2534 in
1658 2502 1758 2534 forma
1771 2502 1847 2533 Bre-

1112 2558 1172 2597 vis,
1186 2557 1245 2589 sub
1263 2557 1313 2589 die
1328 2567 1357 2589 1v
1369 2555 1480 2599 aprilis
1498 2565 1676 2593 uocxxxvu,
1690 2554 1846 2596 incipien-

1114 2617 1159 2643 tes
1177 2609 1302 2651 Altera,
1318 2614 1388 2650 etc„
1408 2614 1483 2653 post
1507 2610 1626 2642 alteras
1652 2619 1781 2653 quoque
1807 2610 1846 2643 ab

1841 231 1887 257 An.
1901 230 1930 257 C.
1955 230 2021 256 ¹676

1875 976 1885 1001 Ξ
1902 975 1919 996 1.
1936 975 1965 995 Do
1981 979 2031 999 apu-

1848 1002 1909 1032 statis
1924 1004 1945 1022 et
1963 1001 2033 1026 sugiti-

1849 1035 1887 1049 vis'
