2279 3260
519 310 678 348 quatenus
695 314 776 348 opus
793 305 845 345 sit,
866 305 1029 338 erectione
1043 311 1073 337 et
1089 314 1177 337 com-

520 358 740 392 municatione
765 357 1052 400 indulgentiarum,
1084 357 1178 390 facul-

520 416 633 449 tatum,
661 410 838 453 gratiarnm
864 415 895 443 et
919 409 1173 452 privilegiorum,

520 474 604 507 quae
618 463 780 506 generalis
793 463 868 496 dicti
883 462 1012 496 Ordinis
1026 473 1084 506 pro
1103 469 1178 497 tem-

520 527 599 560 pore
625 517 761 550 existens
785 515 945 549 similibus
970 516 1178 549 confraterni-

521 570 639 603 tatibus
660 580 696 603 ex
718 569 843 602 indulto
863 568 954 601 Sedis
974 569 1177 612 Apostolicae

521 622 762 656 communicare
787 627 902 665 potest,
930 621 1005 654 494.

431 676 557 709 CLXIII.
586 674 737 708 Inliiliitio
755 680 785 707 et
803 674 990 708 mandatum
1009 674 1177 718 inquisito-

519 729 607 762 ribus
628 728 659 761 S.
677 727 781 761 Officii
799 726 1015 769 Portugalliae
1028 727 1060 760 in
1082 730 1177 761 causa

520 792 668 815 recursus
705 791 862 813 novorum
891 780 1173 821 clm—istianormn,

521 844 593 867 cum
620 825 809 867 avocatione
833 843 949 867 causae
973 844 1029 866 seu
1058 844 1173 867 causa-

521 898 592 919 rum
619 892 732 920 contra
768 897 822 920 eos
855 887 887 920 in
912 887 998 920 dicto
1024 887 1177 928 tribunali

520 948 681 973 motarum
698 967 705 981 ,
733 951 771 974 ae
797 940 966 974 inibitione
992 940 1176 984 inquisitori

517 994 661 1034 generali
694 999 725 1027 et
758 994 892 1038 reliquis
928 994 1177 1038 inquisitoribus

518 1058 697 1090 corumque
723 1047 893 1088 ministris,
920 1058 961 1081 ne
986 1054 1097 1081 contra
1122 1059 1179 1082 eos

519 1101 560 1133 ad
585 1101 688 1133 ullum
713 1107 840 1141 aetum,
864 1107 899 1134 ut
923 1107 1052 1142 vocant,
1079 1101 1173 1143 fidei,

518 1154 682 1197 ullamque
708 1154 970 1197 publicationem,
988 1165 1043 1187 seu
1065 1165 1177 1187 execu-

521 1207 640 1239 tionem
666 1206 898 1240 sententiarum
917 1207 1099 1247 deveniant,
1123 1213 1177 1239 aut

521 1260 642 1303 aliquid
667 1260 739 1293 novi
773 1266 930 1293 attentent
954 1260 1023 1293 sine
1049 1260 1177 1293 licentia

519 1312 643 1346 §annui
680 1312 866 1352 Pontifieis,
895 1313 951 1345 sed
985 1313 1121 1345 decretis
1146 1319 1177 1346 et

520 1366 679 1399 mandatis
717 1365 980 1407 Congregationis
1023 1365 1174 1398 cardina-

519 1418 598 1450 lium
617 1418 646 1451 S.
666 1418 768 1451 Officii
796 1417 898 1458 Urbis,
918 1418 967 1450 cui
987 1417 1071 1450 idem
1086 1418 1178 1451 Sum-

521 1482 590 1504 mus
608 1471 751 1504 Pontifex
769 1481 880 1503 causas
897 1470 1077 1514 praedictas
1094 1481 1178 1505 com-

520 1524 615 1564 misit,
644 1530 794 1567 prompte
820 1529 963 1567 pareant,
982 1523 1041 1557 sub
1066 1524 1178 1568 poenis

519 1577 725 1621 opportunis,
753 1577 828 1610 42¹6.

431 1631 555 1664 CLXIV.
584 1631 764 1664 Declaratio
785 1631 942 1664 nullitatis
960 1630 1178 1674 deputationis

521 1684 709 1718 officialium
737 1685 1005 1728 metropolitanae
1024 1684 1178 1718 eeclesiae

520 1739 846 1781 Caesaraugustanae,
870 1738 947 1771 sede
964 1737 1179 1781 archiepisco-

520 1791 585 1835 pali
610 1797 761 1831 vacante,
791 1791 896 1824 laicali
921 1791 1113 1824 auctoritate
1139 1793 1180 1823 fa-

521 1852 601 1885 ctae,
630 1851 660 1878 et
686 1845 761 1878 inde
786 1850 984 1884 secutorum,
1016 1850 1075 1877 etc.
1103 1844 1178 1877 499.

433 1898 544 1932 CLXV.
572 1899 634 1931 Pro
660 1898 774 1931 nuntio
795 1897 1021 1941 Hispaniarum
1047 1897 1179 1930 facultas

521 1951 698 1995 deputandi
731 1951 903 1984 officialem
937 1962 993 1984 seu
1025 1951 1178 1984 vicarium

520 2004 674 2038 ecclcsiae
698 2004 1013 2045 Caesaraugustanae
1034 2005 1109 2037 sede
1130 2014 1181 2036 ar-

520 2057 749 2100 chiepiscopali
776 2062 920 2096 vacante,
949 2056 1023 2089 504.

430 2111 553 2144 CLXVI.
582 2110 790 2143 Confirmatio
826 2110 1035 2153 chirographi
1072 2110 1111 2143 ad
1137 2111 1180 2142 fa-

521 2174 630 2197 vorem
655 2163 882 2207 protomedici,
914 2163 1050 2206 eiusque
1075 2163 1180 2196 consi-

523 2217 714 2257 IIariorum,
751 2222 781 2249 et
818 2216 944 2258 collegii
979 2216 1178 2250 medicorum

522 2269 637 2310 Urbis,
666 2280 730 2313 quo
756 2269 945 2302 decernitur
970 2268 1059 2302 litem
1084 2279 1181 2313 super

522 2325 592 2356 taxa
611 2334 721 2356 rerum
740 2323 780 2356 ad
797 2323 1017 2366 pharmaciam
1036 2328 1182 2366 spectan-

525 2378 602 2409 tium
629 2388 647 2409 a
671 2376 843 2420 praedictis
876 2377 957 2410 facta
989 2382 1101 2410 contra
1126 2387 1180 2410 eos

522 2441 580 2474 pro
598 2436 690 2474 parte
707 2429 833 2472 collegii
851 2430 1179 2474 pliarmacopolarum

524 2489 668 2523 motam,
703 2483 848 2527 aliasque
879 2483 949 2516 lites
980 2493 1078 2526 super
1103 2484 1180 2516 taxis

523 2536 710 2570 huiusmodi
760 2537 972 2580 imposterum
1026 2536 1179 2569 faciendis

523 2590 796 2634 quandocumque
832 2589 1028 2630 movendas,
1066 2589 1116 2631 agi
1150 2595 1180 2622 et

522 2643 632 2687 peragi
651 2643 769 2677 debere
790 2643 936 2686 impensa
954 2652 1103 2676 camerae
1120 2642 1179 2676 Ur-

483 243 539 276 Mii
1023 252 1200 276 BI‘LLARIUM
1227 252 1378 276 ROMAMIM

1317 303 1365 336 bis
1390 310 1422 337 et
1445 305 1556 348 populi
1581 305 1718 346 romani,
1742 316 1800 349 per
1823 317 1974 350 procura·-

1319 362 1404 389 tores
1425 362 1456 390 et
1472 358 1643 391 advocatos
1660 358 1699 391 ab
1714 359 1827 392 cadem
1845 363 1975 393 camera

1318 409 1537 453 deputandos,
1565 420 1638 443 cum
1662 411 1842 445 assistentia
1867 418 1974 446 tamen

1319 462 1571 505 praedictorum3
1588 473 1660 496 cum
1682 464 1814 498 diversis
1835 465 1905 499 aliis
1923 476 1974 498 or-

1319 514 1551 555 dinationibus,
1579 514 1653 548 505.

1229 568 1369 602 CLXVII.
1395 567 1563 601 Absolutio
1588 569 1683 602 Marci
1710 570 1750 603 de
1773 571 1970 611 Valimbert,

1319 621 1446 654 Ioannis
1471 620 1644 663 Cassignet‚
1671 621 1794 655 Claudii
1815 624 1973 657 Francisci

1319 674 1445 707 Dorival
1470 682 1501 707 et
1525 674 1664 718 Philippi
1690 676 1820 716 Louvet,
1844 679 1975 710 canoni-

1319 737 1432 760 corum
1459 727 1613 761 ecclesiae
1639 727 1836 769 Bisuntinae,
1863 740 1882 762 a
1902 740 1975 763 cen-

1317 781 1402 814 suris
1428 786 1459 814 ct
1483 781 1595 824 poenis
1620 792 1678 825 per
1702 792 1757 815 eos
1782 782 1918 815 incursis
1939 794 1974 816 ex

1319 836 1415 867 causa
1451 834 1643 867 temerariae
1668 835 1837 868 electionis
1862 835 1975 869 decani

1319 887 1425 921 dietae
1443 887 1597 921 ecclesiae
1611 893 1724 921 contra
1741 889 1893 922 mandata
1909 890 1977 922 Ale-

1319 941 1434 974 xandri
1449 941 1512 981 VII,
1531 942 1652 974 attenta
1671 951 1783 974 eorum
1807 942 1976 985 poeniten-

1317 994 1371 1033 tia,
1400 993 1475 1026 511.

1229 1047 1381 1081 CLXVIII.
1401 1047 1582 1080 Declaratio
1597 1047 1752 1081 nullitatis
1766 1047 1974 1081 articulorum

1319 1105 1472 1133 tractatus
1496 1099 1743 1143 pacificationis,
1764 1111 1848 1134 anno
1873 1112 1975 1135 unctu

1319 1152 1403 1185 inter
1427 1153 1542 1185 ducem
1569 1153 1750 1186 Sabaudiae
1767 1154 1977 1187 616606160-

1318 1216 1368 1238 ses
1399 1205 1580 1239 haereticos
1617 1206 1715 1239 initae
1732 1233 1739 1247 ,
1772 1208 1804 1239 in
1830 1207 1868 1239 iis
1892 1218 1975 1250 quae

1319 1257 1502 1290 Catholicae
1515 1257 1604 1290 Fidei
1618 1263 1648 1290 et
1664 1258 1824 1291 Ecclesiae
1841 1259 1976 1299 iuribus,

1320 1310 1528 1353 libertatique
1553 1316 1584 1342 et
1608 1310 1804 1343 immunitati
1831 1312 1980 1344 ecelesia-

1319 1363 1418 1396 stieae
1443 1363 1688 1406 praeiudicialia
1711 1370 1804 1404 sunt,
1833 1363 1907 1397 518.

1230 1416 1356 1450 CLXIX.
1393 1416 1558 1449 Indultutn
1593 1426 1657 1459 quo
1690 1417 1888 1460 praecipitur
1915 1428 1974 1460 pa-

1321 1469 1471 1502 triarchis
1486 1497 1493 1509 ,
1521 1469 1775 1513 archiepiscopis
1800 1476 1832 1503 et
1856 1470 1978 1514 episeo-

1319 1523 1384 1567 pis,
1413 1523 1594 1566 eeterisque
1628 1523 1773 1556 locorum
1799 1524 1978 1557 Ordinariis

1320 1576 1449 1617 ltaliae,
1478 1586 1605 1609 necnon
1629 1577 1851 1620 superioribus
1876 1588 1975 1619 gene-

1320 1630 1441 1663 ralibus
1455 1629 1643 1673 quorumvis
1659 1630 1827 1670 Ordinum,
1848 1641 1979 1673 congre-

1320 1683 1486 1725 gationum
1524 1689 1552 1715 et
1586 1683 1806 1716 institutorum
1845 1684 1975 1725 regula-

1320 1736 1416 1776 rium,
1436 1742 1471 1769 ut
1487 1736 1600 1769 saltem
1619 1736 1743 1769 duabus
1765 1737 1885 1770 vicibus
1903 1747 1979 1780 quo-

1321 1789 1398 1822 libet
1413 1798 1509 1829 anno,
1527 1789 1690 1822 Adventus
1710 1789 1831 1822 scilicet
1850 1794 1881 1822 61
1897 1789 1978 1828 Qua-

1321 1842 1523 1884 dragesimae
1548 1842 1760 1885 temporibus,
1785 1842 1817 1874 in
1843 1842 1909 1875 suis
1934 1852 1980 1874 re-

1321 1895 1469 1939 spectivis
1494 1895 1647 1935 ecclesiis,
1665 1901 1729 1928 tam
1748 1905 1805 1938 per
1821 1895 1910 1928 verbi
1924 1895 1977 1928 Dei

1321 1949 1562 1993 praedicatores
1583 1949 1614 1981 in
1632 1949 1730 1982 sacris
1755 1949 1979 1987 concionibus,

1321 2013 1419 2046 quam
1433 2003 1464 2034 in
1478 2002 1549 2035 aliis
1567 2002 1749 2035 actionibus
1764 2007 1794 2034 et
1807 2002 1976 2034 functioni-

1321 2056 1392 2096 bus,
1404 2055 1663 2088 christifidelium
1679 2055 1824 2088 miserias
1837 2055 1896 2088 sub
1911 2055 1980 2087 bar-

1321 2109 1476 2142 barorum
1502 2108 1655 2141 servitute
1693 2107 1896 2140 existentium
1922 2118 1979 2150 po-

1322 2163 1399 2206 pulo
1420 2162 1560 2206 proponi
1585 2167 1710 2201 curent,
1739 2161 1814 2194 5⁹22.

1232 2216 1342 2249 CLXX.
1374 2215 1583 2249 Confirmatio
1614 2214 1830 2258 quarumdam
1855 2215 1979 2248 resolu-

1323 2268 1446 2303 tionum
1487 2267 1571 2301 circa
1611 2268 1742 2301 abbates
1778 2268 1979 2301 Cassinenses

1324 2322 1478 2362 titulares‚
1506 2331 1686 2365 eorumque
1720 2321 1973 2365 praerogativas,

1321 2373 1396 2408 523.

1232 2428 1356 2462 CLXXI.
1385 2428 1582 2462 Beatificatio
1608 2428 1690 2462 servi
1707 2428 1762 2462 Dei
1787 2428 1914 2462 Ioannis
1942 2428 1979 2460 de

1321 2481 1438 2522 Cruce,
1466 2481 1563 2524 primi
1596 2481 1762 2524 religionis
1795 2481 1981 2514 Carmelita-

1323 2545 1394 2567 rum
1409 2534 1671 2568 Excalceatorum
1687 2534 1889 2578 professoris,
1906 2533 1979 2566 520.

1232 2588 1369 2622 CLXXII.
1397 2587 1595 2621 Beatifieatio
1627 2588 1709 2621 servi
1740 2587 1795 2621 Dei
1820 2586 1980 2620 Francisei

1321 2641 1430 2675 Solani
1445 2641 1572 2675 Ordinis
1588 2641 1720 2674 fratrum
1739 2640 1897 2674 Minorum
1912 2650 1981 2673 san-
