2279 3260
141 243 190 268 An.
212 242 241 268 C.
262 242 327 271 ¹675

971 241 1112 270 CtiffiffiNS
1134 247 1151 270 X
1177 247 1224 271 1³1³.

333 299 562 337 praeterquam
594 295 866 337 praemissorum,
895 294 1066 327 occasione

334 347 381 379 vel
406 348 500 379 causa
525 347 606 386 latis,
628 346 654 378 si
680 347 796 389 quibus
822 347 1069 390 quommlolibet

334 400 506 433 innodatae
523 400 674 440 existunt,
691 401 730 432 ad
749 400 895 432 ell'ectmn
915 400 1069 443 praemis-

334 463 446 485 sorum
472 453 634 485 dumtaxat
659 454 936 496 consequemlnm,
955 454 1068 485 barum

334 505 417 537 serie
439 505 642 538 absolventes
661 511 693 538 et
714 506 894 538 absolutas¹
914 506 981 538 sole
999 516 1068 538 een-

333 563 451 597 sentes,
477 558 770 600 supplicationibus
801 570 911 591 eorum
937 558 1067 591 nomine

334 610 427 642 nobis
453 620 551 653 super
577 610 638 643 lioc
664 611 830 644 humiliter
855 611 1011 654 porrectis
1027 610 1090 644 iit-i

333 662 451 702 clinati,
478 663 669 696 fraternitati
701 669 773 696 tuae
798 674 856 707 per
881 668 1067 706 praesentes

333 715 563 748 committimus
589 721 620 748 et
645 717 844 755 mandamus,
872 722 914 755 ut,
930 715 1068 748 cons-tito

335 769 392 801 tibi
418 769 456 801 de
482 769 631 809 narratis,
667 770 798 802 eosdem
835 770 985 802 loannem
1012 770 1068 801 Ba-

333 821 464 865 ptistam
488 823 629 865 Sauvage
648 829 679 855 et
697 822 903 855 Franciscum
929 822 1068 861 Perinet‚

332 874 358 907 si
381 875 442 907 hoc
468 886 484 907 a
511 880 539 907 te
566 875 732 908 humiliter
771 875 931 918 petierint,
965 875 1067 917 impo-

333 928 391 961 sita
416 939 528 961 eorum
563 928 699 971 singulis
730 940 789 971 pro
815 928 1000 971 praemissis
1025 938 1068 960 ar-

333 978 429 1011 bitrio
466 984 521 1012 tuo
547 979 654 1022 aliqua
690 978 892 1021 poenitentia
926 978 1066 1018 salutari,

334 1043 370 1064 ac
395 1032 472 1064 sacta
498 1031 586 1074 prius
612 1041 670 1074 per
695 1041 750 1064 eos
777 1041 885 1062 coram
912 1035 940 1062 te
966 1030 1069 1062 decla-

332 1085 457 1117 ratione
484 1083 703 1126 poenitentiae
735 1084 772 1115 dc·
800 1083 883 1115 dicta
908 1083 1066 1116 electione

332 1148 392 1180 per
427 1148 482 1169 eos
521 1142 554 1168 ut
586 1136 770 1179 praefertur
807 1136 897 1175 taeta,
930 1136 1066 1179 ipsaque

333 1189 490 1222 electione
517 1199 589 1222 cum
615 1189 766 1222 omnibus
794 1189 867 1222 inde
894 1195 1005 1221 contra
1023 1189 1068 1221 di-

333 1249 401 1275 ctae
445 1242 536 1275 Sedis
576 1242 783 1285 Apostolicae
825 1242 910 1274 iussa
949 1241 1067 1274 secutis

334 1295 492 1334 damnata,
518 1294 699 1337 reprobata,
717 1300 748 1327 et
769 1299 922 1338 qnantum
940 1294 971 1327 in
990 1295 1067 1338 ipsis

334 1348 429 1380 suerit
457 1351 645 1387 retractata,
673 1358 800 1380 neruon
829 1349 983 1391 praestito
1010 1359 1067 1391 per

334 1411 388 1433 eos
420 1400 451 1433 in
485 1400 632 1432 manibus
669 1400 730 1433 tuis
766 1401 949 1433 iuramento
982 1401 1066 1444 quod
1088 1411 1089 1439 ἰ
1109 1406 1205 1438 modo
1232 1407 1355 1439 nullum
1388 1407 1474 1440 aliud
1505 1408 1697 1441 canonicum
1722 1409 1767 1442 eis
1793 1409 1849 1442 ob-

333 1454 512 1497 praefatnm
556 1453 762 1486 Guillelmum
802 1454 1011 1487 {lambertum
1052 1466 1068 1487 a

334 1506 544 1549 Praecipiano
570 1506 602 1538 in
638 1506 799 1539 decanum
825 1506 928 1539 dictae
965 1508 1069 1539 eccle-

333 1560 397 1591 siae
423 1559 609 1592 Bisuntinae
635 1569 797 1603 nunquam
822 1559 981 1602 agnituri,
1013 1560 1067 1593 sed

334 1612 454 1645 dictum
482 1612 634 1645 Ioannem
661 1613 699 1645 de
734 1613 918 1646 Watteville
945 1624 1003 1657 pro
1029 1615 1068 1646 le-
1090 1612 1091 1615 ’

334 1665 445 1707 giumo
471 1666 594 1698 decano
621 1665 765 1699 eiusdem
797 1666 955 1699 ecclesiae
980 1667 1069 1709 agui-

335 1718 396 1750 turi
415 1718 486 1757 sint,
506 1719 719 1762 confectoque
741 1728 839 1761 super
865 1718 914 1751 liis
940 1719 1067 1762 publico

334 1770 575 1812 instrumento,
602 1772 690 1814 quod
717 1777 770 1804 tuo
796 1772 901 1815 sigillo
927 1774 1068 1805 clausum

334 1830 367 1858 et
391 1824 596 1867 obsignatum
614 1826 652 1858 ad
678 1835 735 1858 nos
763 1831 793 1858 et
819 1826 900 1858 lianc
926 1832 1067 1859 sanctam

333 1878 449 1911 Sedent
475 1878 715 1921 quamprimum
737 1879 909 1912 transmitti
942 1880 1066 1920 debeat,

334 1931 373 1963 ab
399 1931 738 1964 excommunicatione
755 1959 762 1972 ‚
790 1942 824 1964 ac
855 1933 1067 1975 suspensione

333 1985 372 2017 ab
405 1984 595 2017 executione
633 1990 816 2017 sanctorum
854 1986 1005 2018 ordinum
1037 1992 1069 2020 ct
1087 1995 1089 2023 ἴ
1110 1989 1196 2021 leant
1221 1989 1408 2032 respective,
1435 1990 1524 2022 acad
1544 1990 1643 2022 alium
1661 2002 1847 2034 quemcum-

333 2039 371 2070 ab
398 2037 550 2070 exercitio
574 2047 850 2081 quorumcumque
876 2039 1066 2081 officiorum,

333 2102 369 2124 ac
394 2091 572 2134 privatione
608 2091 692 2124 vocis
718 2092 839 2125 activae
866 2098 897 2125 et
920 2093 1066 2136 passivae

334 2149 365 2176 et
389 2143 531 2176 omnium
557 2145 719 2177 fructuum
736 2155 847 2178 eorum
872 2146 1067 2188 praebenda-

1110 304 1174 327 non
1202 296 1321 328 fructus
1346 301 1377 328 et
1393 297 1636 341 distributiones
1662 298 1847 331 huiusmodi

1110 357 1167 389 per
1193 357 1247 380 eos
1274 354 1409 391 propter
1441 350 1554 382 eadem
1581 348 1758 392 praemissa
1784 352 1847 384 sor-

1110 410 1166 431 san
1203 400 1345 434 indebite
1382 407 1554 444 perceptos
1589 403 1645 444 (ita
1683 407 1787 435 tamen
1814 409 1847 435 ut

1112 452 1231 485 fructus
1256 454 1397 496 quidem,
1424 454 1492 497 qui,
1520 454 1605 487 iuxta
1630 456 1846 498 praefatarum

1111 505 1283 539 alexandri
1309 507 1572 549 praedecessoris
1594 507 1770 539 litterarmn
1789 508 1847 540 ‹lis-

1111 557 1329 600 positionem,
1356 559 1387 591 in
1426 570 1601 601 pauperum
1627 561 1846 602 eleemosynas

1111 609 1273 642 distributi
1305 616 1336 642 et
1366 611 1490 653 erogati
1532 611 1658 652 suerint,
1697 612 1847 645 distribu-

1112 662 1216 695 tiones
1242 674 1316 695 vero
1345 675 1427 707 quae
1460 665 1575 697 ceteris
1609 664 1764 698 ecclesiae
1797 666 1847 698 de-

1111 716 1324 748 servientibus
1364 718 1562 750 accreverint
1601 723 1633 751 ct
1673 719 1756 751 inter
1791 730 1846 752 eos

1111 768 1205 801 etiam
1231 769 1421 803 distributae
1456 772 1671 814 reperientur,
1698 778 1846 816 repetere

1112 823 1201 854 nullo
1226 823 1322 855 modo
1356 824 1493 866 possint)
1521 825 1565 857 eis
1591 830 1623 857 et
1647 836 1759 858 eorum
1785 826 1846 858 eui-

1111 874 1189 907 libet
1214 875 1298 908 dicta
1322 877 1510 909 auctoritate
1538 878 1676 919 gratiose
1702 879 1845 912 remittas

1111 932 1141 959 et
1166 928 1342 961 condones.

1153 981 1167 1023 ἕ
1192 980 1223 1013 3,
1252 982 1295 1013 Ac
1320 992 1389 1014 cum
1421 983 1466 1015 eis
1500 988 1665 1016 eteorum
1702 985 1847 1027 quolibet

1110 1043 1207 1076 super
1231 1034 1467 1077 irregularitate
1495 1042 1647 1079 (percos,
1674 1037 1747 1080 quia
1771 1049 1847 1071 cen-

1744 240 1807 274 577
1853 250 1901 275 Αιι.
1926 249 1954 275 c.
1972 249 2039 276 1675

1911 996 2044 1022 Dispensatlo

1858 1028 1920 1048 super
1943 1024 2043 1048 iri-egula⁴

1859 1049 1920 1069 litate
1945 1050 1984 1069 hac
2010 1056 2044 1068 uc-

1806 1091 1811 1096 .
1858 1075 1945 1096 casitano
1960 1077 2044 1095 eontra-

1110 1086 1193 1119 suris
1219 1086 1403 1120 huiusmodi
1439 1095 1574 1132 propter
1598 1091 1771 1132 praemissa
1805 1102 1848 1123 111-

1110 1139 1219 1172 nodati
1254 1146 1490 1173 sacrosanctum
1516 1142 1631 1174 missae
1656 1143 1848 1176 sacrificium

1110 1197 1142 1224 et
1165 1192 1227 1224 alia
1260 1193 1365 1226 divina
1399 1194 1501 1227 officia
1532 1196 1777 1229 celebraverunt
1818 1202 1850 1229 et

1110 1245 1187 1278 alias
1228 1245 1260 1279 in
1296 1247 1465 1279 ordinibus
1503 1247 1568 1280 suis
1606 1247 1846 1288 ministrarunt,

1088 1324 1089 1333 ,
1110 1299 1359 1341 quomodolibet
1394 1303 1599 1343 contracta),
1634 1301 1713 1334 itaut
1737 1302 1793 1335 illa
1818 1308 1850 1335 et

1110 1351 1224 1385 iisdem
1242 1353 1429 1397 praemissis
1450 1365 1515 1387 non
1534 1356 1746 1395 obstantibus,
1765 1356 1850 1388 dum-

1110 1464 1173 1491 stet
1190 1459 1469 1502 impedimentum,
1490 1461 1631 1494 clericali
1649 1461 1846 1501 charactere,

1111 1521 1172 1554 quo
1198 1512 1275 1544 alias
1300 1512 1359 1545 rite
1384 1513 1527 1555 insigniti
1566 1513 1708 1554 suerunt,
1746 1514 1848 1547 illius-

1111 1574 1173 1607 que
1208 1564 1399 1608 privilegiis,
1438 1576 1473 1598 ac
1513 1567 1672 1609 susceptis
1703 1577 1760 1610 per
1793 1578 1848 1600 eos

1110 1617 1232 1660 pariter
1260 1618 1337 1650 alias
1374 1618 1432 1650 rite
1466 1619 1667 1659 minoribus,
1692 1625 1723 1652 et
1748 1620 1847 1653 sacris

1112 1671 1205 1703 etiam
1248 1672 1489 1714 presbyteratus
1526 1672 1706 1713 ordinibus,
1733 1673 1789 1714 uti,
1817 1679 1848 1706 et

1111 1729 1270 1766 quatenus
1297 1724 1367 1757 illos
1394 1725 1538 1758 nondum
1565 1725 1778 1769 susceperint,
1808 1727 1846 1759 ad

1111 1777 1197 1817 illos,
1224 1777 1248 1809 si
1274 1777 1313 1810 ad
1338 1777 1369 1810 id
1397 1777 1506 1810 idonei
1533 1779 1748 1821 reperiantur,
1782 1790 1849 1812 ser-

1111 1830 1189 1862 vatis
1215 1831 1291 1863 alias
1317 1831 1489 1869 servandis,
1510 1832 1706 1874 promoveri,
1727 1838 1757 1865 et
1775 1843 1848 1875 pro-

1109 1883 1186 1916 moti
1213 1883 1243 1915 in
1269 1883 1332 1917 illis
1358 1884 1453 1916 etiam
1481 1884 1514 1916 in
1532 1884 1643 1917 altaris
1669 1885 1847 1919 ministerio

1110 1935 1290 1969 ministrare
1317 1937 1418 1969 libere
1441 1943 1472 1969 et
1489 1937 1574 1970 licite
1604 1939 1730 1981 possint
1747 1944 1779 1971 et
1797 1951 1847 1971 va-

1110 2053 1171 2084 que
1188 2041 1332 2075 effectum
1353 2042 1447 2075 etiam
1464 2043 1616 2086 specilica
1633 2049 1665 2076 et
1682 2044 1847 2077 individua

1110 2096 1272 2129 mentione
1299 2101 1329 2129 et
1361 2096 1570 2139 expressione
1606 2097 1758 2139 dignum,
1791 2109 1846 2130 au-

1110 2148 1257 2181 ctoritate
1277 2154 1307 2181 et
1329 2148 1460 2181 arbitrio
1486 2150 1639 2192 praetatis
1665 2150 1845 2193 dispenses,

331 2207 403 2230 rum
423 2203 455 2230 et
479 2197 614 2230 aliorum
639 2198 869 2232 beneficiorum
901 2200 1067 2233 ecclesias·
1087 2207 1089 2245 l
1109 2212 1302 2245 onmemque
1328 2201 1540 2235 inhabilitatis
1566 2208 1596 2235 et
1621 2203 1714 2235 aliam
1736 2215 1845 2246 quam-

335 2250 468 2282 tieorum
494 2261 528 2282 ac
553 2251 814 2294 quotidianarum
843 2253 937 2286 etiam
962 2254 1066 2287 distri-
1087 2286 1088 2292 ,
1110 2265 1245 2298 eumque
1265 2257 1420 2288 maculam
1438 2255 1503 2287 sive
1523 2260 1644 2294 notam,
1662 2261 1773 2288 contra
1789 2267 1844 2290 eos

334 2302 520 2344 bunonem,
546 2304 680 2348 aliisque
707 2306 894 2347 sententiis,
921 2308 1064 2340 censuris
1087 2336 1088 2343 ,
1109 2318 1145 2340 ex
1179 2307 1366 2351 praemissis
1403 2309 1648 2351 quomodolibet
1679 2310 1844 2352 insurgen-

333 2361 365 2388 et
399 2355 513 2399 poenis
549 2358 794 2400 ecclesiasticis,
820 2371 898 2403 quas
931 2367 1066 2404 propter
1086 2351 1088 2387 ,¹
1110 2366 1174 2393 tem
1199 2372 1254 2393 seu
1279 2362 1504 2401 resultantem,
1532 2362 1571 2393 ab
1597 2361 1642 2394 eis
1667 2372 1843 2406 eorumque

332 2409 512 2452 praemissa
547 2411 793 2453 quomodolibet
829 2412 1061 2455 incurrerunt,
1109 2414 1256 2458 quolibet
1287 2414 1415 2457 penitus
1445 2420 1476 2447 et
1515 2415 1648 2448 omnino
1680 2416 1843 2458 abstergas

332 2463 523 2495 auctoritate
557 2466 664 2496 nostra
696 2466 891 2508 apostolica,
930 2467 1064 2501 arbitrio
1085 2477 1087 2504 ]
1109 2474 1140 2501 et
1165 2468 1316 2501 aboleas:
1340 2478 1397 2500 nos
1423 2469 1508 2500 enim
1535 2479 1767 2511 quamcumque
1790 2480 1844 2501 ne-

331 2516 453 2559 pariter
478 2522 542 2556 tuo,
556 2516 588 2548 in
614 2522 751 2560 utroque
777 2520 846 2552 foro
869 2520 1016 2554 absolvas
1034 2527 1065 2554 et
1086 2515 1087 2551 l
1108 2521 1281 2553 cessariam
1306 2526 1337 2553 et
1361 2526 1577 2563 opportunam
1598 2521 1637 2553 ad
1663 2521 1842 2563 praemissa

332 2569 481 2602 totaliter.
499 2569 630 2609 liberes,
658 2570 819 2615 dictasque
847 2584 977 2616 poenas,
996 2585 1065 2607 nec-
1085 2563 1087 2578 ¹
1108 2574 1291 2606 facultatem
1316 2574 1371 2617 tibi
1402 2574 1514 2606 barum
1540 2574 1623 2606 serie
1650 2574 1762 2606 eadem
1787 2585 1840 2606 au-

366 2632 377 2658 1
400 2631 470 2657 Edit.
490 2630 569 2658 Μαίη.
592 2632 653 2667 tegit
673 2633 814 2661 absolutos
833 2638 870 2669 (tt.
884 2637 931 2670 T.).

416 2685 496 2713 Buu.
518 2686 601 2713 Rom.
625 2702 655 2705 —
683 2687 738 2715 l'ul.
763 2688 861 2717 ,ttu‘it
885 2722 891 2728 .
1012 2690 1046 2717 73

1085 2627 1087 2671 i
1108 2628 1256 2661 ctoritate
1289 2627 1456 2660 tribuimus
1481 2632 1512 2661 et
1536 2626 1750 2671 impertimur.

1859 1102 1899 1124 cta,
1907 1104 1972 1126 prout
1984 1102 2002 1121 in
2012 1108 2044 1122 ru-

1858 1128 1927 1148 brica.
