2279 3260
229 252 275 278 An.
293 251 321 278 C.
343 253 411 279 ¹670

258 992 270 1010 Α
288 991 374 1014 flabellis
389 991 413 1011 li>

231 1016 338 1037 humatur.

455 244 498 276 lia

420 311 496 333 nere
523 313 558 333 ex
584 307 722 345 utroque
758 307 891 345 parente
924 302 1097 344 originario
1123 307 1154 334 ct

420 354 642 396 antiquissimo
663 355 729 387 cive
746 355 903 398 procreati
927 356 1039 393 forent,
1055 360 1084 387 ct
1099 355 1154 386 liu-

421 405 557 438 iusniodi
579 407 831 449 praerogativae,
849 406 1025 449 privilegia,
1053 416 1154 438 exem-

422 458 560 500 ptiones,
593 460 727 501 gratiae,
756 460 888 499 favores,
915 458 1151 495 concessiones,

423 509 546 543 indulta
564 517 596 543 et
616 512 693 550 iura,
712 522 794 554 quae
816 522 875 553 pro
901 510 970 543 aliis
991 509 1153 541 nobilibus

424 568 454 594 et
467 563 587 595 civibus
608 563 790 605 originariis
809 567 1011 601 emanarunt,
1025 567 1056 593 et
1073 571 1154 604 quae

422 615 544 648 ratione
569 616 747 648 nobilitatis
770 622 801 648 et
818 615 979 648 civilitatis
1003 613 1157 646 naturalis

423 672 453 698 ct
477 668 670 709 originariae
697 667 766 699 aliis
790 671 986 709 competunt,
1013 676 1071 708 pro
1097 665 1157 697 cis-

423 720 495 752 dem
520 721 670 763 dapiferis
688 720 719 751 in
749 719 857 762 specie
878 722 1082 751 emanassent
1101 728 1156 749 seu

423 777 620 810 emanarent,
648 777 679 803 et
703 771 748 803 cis
781 770 973 802 naturaliter
998 770 1036 801 de
1061 769 1153 807 iure,

422 828 563 863 statuto,
595 823 853 861 consiwludiue,
887 821 1075 854 fundatione
1107 822 1155 853 vel

1000 256 1050 278 niu
1061 255 1151 278 [Aluti
1158 257 1178 278 M
1203 256 1329 279 ROMANU
1334 256 1354 279 M

1239 305 1253 344 ᾖ
1277 302 1308 333 ll.
1336 303 1379 334 Ac
1404 303 1535 335 eosdem
1556 303 1733 346 dapiferos,
1755 303 1779 335 si
1800 303 1854 346 qui
1877 313 1930 335 eo-

1197 364 1264 385 rum
1277 355 1436 386 defectum
1451 355 1601 388 natalium
1616 355 1790 398 patiuntur,
1805 365 1840 387 ex
1856 365 1930 398 quo·

1174 434 1176 452 5
1196 417 1329 449 rumque
1355 407 1503 440 damnato
1520 413 1552 440 et
1569 408 1682 442 illicito
1704 408 1787 440 coitu
1805 407 1929 440 etiamsi

1197 468 1233 489 ex
1273 459 1480 491 nobilissimis
1520 461 1707 502 parentibus
1740 470 1775 492 ac
1812 459 1931 492 vilibus

1198 510 1322 542 feminis
1355 512 1461 543 forsan
1491 512 1652 554 procreati
1686 512 1772 552 sint,
1804 510 1930 544 etiamsi

1198 562 1363 604 legitimati
1389 563 1466 595 alias
1500 564 1661 603 existant,
1693 563 1906 608 legitimamus
1922 590 1929 602 ,

1198 625 1391 657 omnemque
1412 616 1450 647 ab
1471 616 1534 648 illis
1557 616 1724 657 geniturae
1743 615 1931 648 huiusmodi

1197 669 1352 700 maculam
1371 667 1435 700 sive
1454 673 1562 700 notam
1578 668 1792 710 abstergimus
1807 673 1838 700 et
1855 669 1932 701 abo-

1198 722 1318 760 lemus,
1350 731 1385 752 ac
1419 720 1572 761 legitimis
1604 721 1764 752 natalibus
1792 720 1933 753 restitui-

1199 783 1277 811 mus,
1299 783 1334 804 ac
1358 783 1431 804 cum
1458 782 1569 804 corum
1595 772 1743 813 singulis,
1758 777 1794 804 ut
1810 772 1843 804 in
1864 772 1933 816 qui-

1199 825 1396 867 {iuscumque
1420 824 1515 857 bonis
1541 823 1687 866 paternis
1712 829 1744 856 et
1766 824 1932 864 maternis,

423 875 501 907 alias
526 881 749 918 competerent
764 902 771 915 ,
798 875 909 917 vigore
935 874 1156 917 praesentium
1178 877 1180 907 l
1199 882 1229 908 et
1244 877 1380 909 aliorum
1398 875 1714 917 consanguineorum
1738 885 1796 907 seu
1816 884 1934 917 cog-na*

423 929 643 970 imtulgomus.

468 982 482 1024 ξ
506 981 538 1015 3.
559 982 601 1013 Ac
619 981 764 1023 singulos
784 980 946 1023 dapiferos
964 980 1126 1022 praefatos
1141 988 1157 1010 a

424 1033 585 1065 solutione
607 1038 638 1065 et
654 1033 820 1065 exactione
841 1033 1036 1065 decimarum
1055 1032 1158 1063 ecclc.-

424 1085 637 1125 siasticarum‚
659 1085 780 1127 ubique
802 1085 957 1132 locorum,
978 1089 1061 1116 etex
1084 1095 1158 1126 qua-

425 1148 559 1181 cumque
574 1138 777 1181 quantumvis
793 1137 1020 1180 urgentissima
1032 1142 1063 1169 et
1076 1137 1159 1169 inex-

425 1191 589 1233 cogitabili
610 1193 706 1223 causti
734 1196 765 1223 ct
793 1191 976 1229 occasione,
1004 1189 1157 1222 etiamad

424 1243 608 1275 instantiam
624 1242 838 1286 imperatoris,
851 1253 975 1284 regum,
996 1252 1158 1283 rerumpu-

423 1295 592 1335 blicarum,
613 1295 708 1327 etiam
731 1296 935 1333 Venetorum,
951 1299 982 1326 et
1006 1304 1159 1336 quorum-

424 1358 561 1390 cumque
579 1347 714 1380 aliorum
729 1347 922 1390 principum,
937 1346 1158 1389 impositarum

425 1402 453 1431 et
470 1399 737 1442 imponendarum
754 1410 814 1442 pro
825 1404 970 1442 tempore
986 1399 1159 1431 liberamus

425 1457 456 1485 ct
470 1451 648 1491 eximimus,
667 1449 851 1494 liberosque
867 1457 897 1483 et
913 1456 1078 1493 exemptos
1092 1452 1159 1484 fore

425 1510 457 1537 et
482 1515 553 1537 esse
579 1505 793 1537 decernimus.
813 1504 943 1537 Necnon
968 1504 1045 1547 ipsis
1070 1504 1160 1547 dapi-

424 1558 499 1592 feris
515 1584 522 1596 ‚
557 1567 731 1599 eorumque
758 1557 892 1599 singulis
907 1583 914 1595 ,
939 1567 1159 1599 quoscumque

424 1610 547 1641 fructus
573 1614 605 1641 et
629 1614 805 1651 proventus
830 1609 1076 1647 ecclesiasticos,
1097 1613 1158 1640 tam
1179 1632 1181 1636 ,

425 1662 597 1700 occasione
611 1662 807 1704 pensionum
825 1670 1003 1693 annuarum
1018 1660 1096 1703 ipsis
1110 1662 1159 1693 vel
1180 1653 1182 1655 ‚

425 1724 538 1748 eorum
557 1713 650 1745 alicui
666 1718 908 1752 reservatarum,
924 1723 1019 1755 quam
1036 1712 1159 1745 ratione

425 1767 610 1799 omissionis
635 1766 833 1798 recitationis
855 1767 1009 1798 horarum
1033 1766 1160 1798 canoni-

425 1829 535 1852 carum
560 1819 703 1851 indebite
728 1823 907 1862 perceptos,
932 1818 1159 1861 cuiuscumque

426 1872 616 1915 quantitatis
642 1872 773 1911 fuerint,
804 1872 942 1914 gratiose
968 1872 1159 1904 remittimus

427 1929 459 1956 et
483 1919 715 1963 condonamus
733 1935 769 1956 ac
786 1934 857 1956 cum
883 1924 928 1956 eis
956 1934 1054 1967 super
1073 1924 1161 1956 inha-

427 1977 550 2009 bilitate
567 1987 625 2019 per
642 1987 696 2009 eos
719 1981 892 2019 propterea
917 1977 1160 2019 quomodolibet

428 2031 601 2067 contracta,
620 2030 669 2061 vel
696 2029 790 2062 etiam
816 2039 853 2061 ex
878 2039 916 2061 eo
937 2030 1023 2072 quod
1047 2040 1162 2062 censu-

428 2081 472 2113 ris
492 2080 678 2113 huiusmodi
703 2080 791 2122 ligati
816 2080 929 2113 missas
962 2086 994 2113 et
1023 2082 1085 2114 alia
1117 2082 1162 2114 di-

427 2133 500 2165 vina
525 2133 639 2172 officia,
663 2143 728 2165 non
753 2138 860 2165 tamen
886 2133 917 2166 in
943 2140 1160 2177 contemptum

428 2185 574 2225 clavium,
593 2185 837 2226 celebraverint,
857 2191 910 2218 aut
926 2187 1004 2219 alias
1029 2187 1060 2219 in
1085 2188 1161 2220 divi-

425 2238 478 2272 nis
504 2249 536 2270 se
562 2238 807 2278 immiscuerint,
833 2244 876 2279 ut,
902 2240 956 2272 illa
987 2246 1019 2272 et
1043 2240 1161 2273 eisdem

425 2290 613 2335 praemissis
639 2301 703 2323 non
730 2291 951 2332 obstantibus,
980 2293 1019 2325 ad
1052 2304 1162 2326 omncs

428 2343 523 2375 etiam
557 2353 662 2376 sacros
694 2349 725 2376 et
754 2344 996 2387 presbyteratus
1031 2346 1162 2378 ordines

428 2396 506 2428 alias
534 2401 639 2428 tamen
664 2396 726 2429 rite
751 2397 956 2438 promoveri,
983 2402 1014 2429 et
1042 2398 1075 2430 in
1099 2398 1163 2431 illis

429 2450 525 2481 etiam
551 2449 708 2492 susceptis
725 2449 803 2481 alias
831 2449 889 2482 rite
913 2460 972 2492 per
996 2461 1052 2482 eos
1077 2451 1164 2483 ordi-

427 2500 522 2533 nibus
548 2500 643 2533 etiam
669 2500 700 2532 in
727 2502 834 2534 altaris
864 2502 1044 2535 ministerio
1070 2503 1164 2535 mini-

426 2558 527 2585 stra-ae
553 2553 647 2585 etiam
674 2554 775 2587 libere
794 2559 826 2587 et
845 2554 931 2588 licite
948 2556 1084 2597 valeant,
1102 2557 1163 2589 dis-

426 2615 611 2649 pensamus.

1200 934 1312 970 torum,
1330 930 1381 962 vel
1399 929 1536 961 aliorum
1559 937 1846 971 quorumcumque,
1869 937 1933 959 non

1200 987 1305 1014 tamen
1332 982 1513 1015 feudalibus
1540 986 1570 1014 ct
1595 980 1853 1023 emphyteuticis,
1881 986 1935 1012 aut

1200 1034 1440 1073 ecclesiasticis,
1457 1035 1509 1066 vel
1534 1034 1573 1066 ab
1598 1033 1737 1066 ecclesia
1761 1031 1933 1074 acquisitis,

1199 1098 1235 1119 ac
1260 1087 1328 1120 sine
1353 1086 1552 1129 praeiudicio
1578 1085 1775 1117 venientium
1792 1085 1832 1116 ab
1854 1083 1935 1115 inte—

1199 1145 1278 1172 stato
1302 1141 1352 1172 vel
1378 1150 1413 1171 cx
1440 1138 1688 1171 lideicommisso
1706 1147 1762 1169 seu
1788 1136 1866 1169 alias
1895 1135 1934 1167 de

1199 1192 1269 1225 iure
1292 1191 1395 1224 valida
1421 1190 1653 1233 dispositione,
1680 1188 1854 1221 succedere
1870 1214 1877 1228 ,
1905 1192 1936 1219 et

1200 1245 1255 1277 illa
1291 1244 1474 1277 donationis
1512 1253 1569 1275 seu
1602 1242 1664 1274 alio
1697 1241 1809 1283 quovis
1842 1240 1935 1272 titulo

1200 1296 1354 1338 consequi
1377 1301 1410 1328 et
1431 1295 1560 1334 habere,
1581 1304 1616 1326 ac
1634 1294 1672 1326 ad
1691 1293 1844 1335 aequales
1860 1302 1936 1335 por»

1201 1349 1304 1381 tiones
1330 1358 1402 1380 cum
1426 1347 1577 1389 legitimis
1603 1346 1787 1384 succedere,
1814 1355 1870 1377 eos
1896 1344 1934 1376 ad

1201 1401 1308 1434 omnia
1332 1401 1401 1433 iura
1426 1400 1569 1442 legitima
1594 1404 1625 1431 et
1648 1398 1868 1431 successiones
1897 1408 1934 1429 ex

1201 1458 1393 1486 testamento
1425 1454 1474 1485 vel
1499 1453 1538 1484 ab
1564 1452 1724 1492 intestato,
1752 1450 1937 1483 haeredita-

1203 1510 1258 1545 tes,
1276 1506 1390 1547 legata,
1409 1505 1574 1537 libertates
1588 1503 1787 1535 restituendo
1805 1507 1837 1535 et
1855 1502 1936 1534 rein-

1202 1558 1356 1601 tegrando
1381 1557 1511 1590 realiter
1536 1562 1566 1595 et
1591 1567 1662 1589 cum
1687 1555 1813 1588 effectu.

1245 1611 1259 1653 ξ
1284 1611 1314 1643 5.
1341 1610 1475 1643 Necnon
1505 1610 1543 1642 ad
1569 1609 1765 1651 dignitates,
1792 1608 1936 1641 honores

1203 1668 1234 1695 et
1257 1672 1458 1706 quaecumqe
1480 1662 1542 1694 alia
1558 1661 1662 1694 officia
1679 1661 1858 1693 saecularia
1881 1671 1938 1703 pu-

1202 1715 1285 1747 blica
1308 1716 1357 1747 vel
1383 1714 1504 1757 privata
1526 1713 1624 1746 etiam
1649 1713 1789 1753 assumi,
1817 1713 1937 1755 illaque

1203 1778 1316 1810 gerere
1347 1772 1378 1799 et
1402 1777 1551 1799 exercere
1583 1766 1615 1798 in
1651 1766 1802 1798 omnibus
1827 1770 1859 1797 et
1882 1775 1940 1808 per

1203 1820 1308 1853 omnia
1321 1830 1356 1852 ac
1373 1820 1398 1852 si
1416 1819 1454 1852 de
1470 1819 1615 1861 legitimo
1635 1818 1841 1851 matrimonio
1866 1828 1941 1860 pro-

1203 1873 1301 1905 creati
1326 1873 1444 1912 forent3
1463 1881 1508 1911 ac,
1529 1872 1642 1904 eodem
1660 1871 1787 1903 defectu
1804 1880 1870 1902 non
1889 1871 1941 1903 cb-

1203 1931 1315 1966 stante,
1334 1926 1360 1958 si
1381 1925 1468 1957 aliud
1493 1923 1682 1956 canonicum
1701 1923 1747 1955 eis
1766 1933 1831 1955 non
1853 1923 1941 1955 obsi-

1203 1984 1267 2011 stat
1290 1977 1570 2022 impedimentum,
1588 1975 1634 2008 ac¹
1659 1975 1799 2008 clericali
1826 1975 1940 2008 chara-

1204 2037 1310 2071 ctere,
1337 2030 1390 2073 qui
1416 2031 1472 2062 illo
1497 2029 1643 2062 nondum
1672 2028 1817 2070 insigniti
1843 2034 1936 2069 sunt,

1204 2084 1374 2127 insigniri,
1399 2088 1430 2116 et
1454 2083 1492 2115 ad
1518 2092 1630 2115 omnes
1655 2081 1750 2114 etiam
1775 2091 1883 2113 sacros
1908 2087 1939 2116 et

1205 2138 1443 2180 presbyteratus
1469 2135 1609 2174 ordines,
1634 2134 1659 2167 si
1691 2135 1730 2167 ad
1760 2134 1834 2167 illos
1858 2144 1939 2167 non-

1205 2190 1280 2221 dum
1303 2189 1442 2232 promoti
1463 2192 1546 2227 sunt,
1566 2187 1773 2230 promoveri,
1800 2191 1832 2219 et
1855 2192 1941 2229 post,-

1205 2244 1337 2275 modum
1362 2243 1549 2275 charactere
1579 2245 1612 2273 et
1635 2239 1804 2273 ordinibus
1830 2240 1941 2272 huius-

1204 2295 1301 2335 modi,
1333 2295 1527 2336 illorumque
1558 2293 1737 2336 privilegiis
1762 2293 1821 2333 uti,
1847 2304 1883 2326 ac
1908 2293 1941 2325 in

1205 2348 1325 2380 eisdem
1350 2346 1517 2379 ordinibus
1542 2346 1637 2377 ctiam
1660 2345 1692 2377 in
1718 2345 1827 2377 altaris
1852 2345 1942 2378 mini-

1205 2400 1305 2432 sterio
1320 2399 1513 2439 ministrare,
1528 2408 1564 2429 ac
1580 2408 1801 2441 quaecumque
1816 2403 1848 2430 et
1868 2408 1942 2440 qua-

1205 2452 1384 2495 liacumque
1409 2462 1479 2484 cum
1505 2453 1582 2484 cura
1599 2455 1631 2484 et
1656 2451 1725 2484 sine
1750 2453 1827 2484 eura
1846 2452 1941 2484 bene-

1241 2575 1250 2601 1
1274 2574 1428 2601 Coniunctio
1448 2582 1481 2601 ac
1505 2573 1655 2609 redundat,
1676 2574 1717 2601 vel
1743 2573 1886 2610 legendum
1905 2576 1937 2601 ut

1204 2627 1252 2654 pro
1271 2628 1303 2646 ac
1322 2620 1361 2653 (n.
1378 2619 1428 2655 τ.).

1936 255 1987 281 An.
2008 255 2037 281 C.
2056 254 2124 282 1670

1963 315 2083 344 illegitimo„
2094 315 2123 335 lu-

1941 344 2017 367 gdunus
2048 341 2124 362 natan-

1943 368 1979 388 bun
1997 369 2096 387 restituit.

1976 1622 2003 1642 Ad
2018 1622 2131 1645 dignitalut

1948 1648 2029 1668 sdinlttl
2046 1648 2111 1668 iubet.
