2279 3260
171 260 221 286 An.
240 259 268 286 C.
294 260 355 288 1071

214 1483 280 1503 Sacra
296 1488 343 1502 con·

163 1512 258 1534 grommo
277 1510 344 1528 eann-

161 1535 240 1555 ualium
250 1535 300 1562 quid
311 1536 344 1555 dc>

161 1564 235 1582 cei-uit.

997 260 1138 285 CIAEHENS
1159 261 1178 285 Χ
1203 262 1250 286 ΡΡ.

366 310 420 342 ilia
438 308 554 342 virtute
580 307 772 341 humilitatis
789 307 867 352 <qua
884 308 918 340 sit
934 314 968 341 ut
989 309 1096 342 omnia

367 367 494 395 terrena
511 361 687 401 cacumina,
709 361 881 404 temporali
906 361 1096 394 mobilitate¹

365 414 521 454 nutantia,
535 424 599 446 non
616 414 757 446 humano
769 419 925 457 usurpata
939 415 1030 454 fastu,
1041 415 1097 447 sed

364 466 469 498 divina
494 466 597 508 gratia
615 466 732 498 donata
750 467 906 499 celsitudo
933 472 1097 499 transcen-

364 517 431 561 d'at)
449 518 588 558 solidati,
615 519 777 551 bellarunt
793 520 880 552 bella
898 519 1033 559 Domini,
1057 525 1095 559 et,

364 571 458 604 unico
476 571 522 604 illi
541 571 759 611 fundamento,
779 573 865 615 quod
886 578 936 605 est
951 572 1096 605 Christus

363 624 456 663 lesus,
485 623 596 662 innixi,
625 624 936 667 superaeditiearunt
961 636 1095 665 aurum,

362 683 538 719 argentum,
565 677 688 720 lapides
713 678 895 721 pretiosos,
923 679 1099 711 manentis-

362 740 424 773 que
449 730 557 772 operis
583 731 767 763 mercedem
786 731 818 763 in
839 737 990 764 aeternae
1016 733 1098 764 salu-
1118 751 1120 758 ι

363 783 400 815 tis
427 783 601 815 stabilitate
627 783 775 826 accipere
808 789 1098 823 mcrue1·nnt,con-

361 835 448 876 gruis
472 836 633 868 honormn
653 836 845 878 laudumque
864 836 1047 878 praeconiis
1066 836 1097 868 in

362 887 456 920 terris
482 888 698 920 celebrandos
731 899 802 921 esse
834 888 949 921 merito
986 899 1098 921 cense-

360 951 450 980 mus,
473 951 508 973 ac
540 941 675 983 proinde
713 941 889 983 ssagitantia
920 942 959 974 ad
991 942 1096 985 ipsum

360 1003 471 1034 regum
493 994 749 1026 orthodoxorum
774 1004 840 1026 non
865 994 972 1027 minus
996 995 1097 1037 pieta-

362 1045 411 1085 tis,
430 1046 631 1089 aliarumque
657 1046 905 1078 christianarum
931 1047 1093 1087 virtutum,

359 1109 454 1141 quam
478 1099 557 1141 regii
578 1099 692 1141 fastigii
711 1099 885 1142 splendore
905 1100 1095 1142 fulgentium
1117 1117 1119 1136 ,ι

359 1156 432 1183 vota
461 1157 599 1194 paterno
637 1152 751 1184 affectu
784 1152 987 1192 exaudimus,
1015 1153 1118 1185 sicut:

358 1204 396 1235 ad
422 1203 584 1237 Ecclesiae
610 1204 789 1237 catholicae
816 1205 922 1245 decus,
951 1205 1096 1248 spiritua-
1117 1232 1118 1242 ,

1117 1283 1118 1286 ,
1139 1263 1294 1300 quantum
1320 1269 1391 1291 cum
1418 1259 1551 1293 Domino
1576 1271 1754 1304 possumus,
1781 1273 1875 1305 prae-

358 1257 486 1299 lemque
512 1256 654 1290 fidelium
681 1259 876 1300 populorum
901 1258 1096 1291 aedificatio-

358 1320 430 1342 nem
447 1315 540 1352 atque
560 1310 766 1343 devotionem
794 1311 964 1343 Povendam
982 1317 1013 1343 et
1025 1322 1095 1354 pro-

357 1363 550 1395 movendam
576 1364 780 1397 conducibile
806 1364 838 1396 in
863 1364 999 1397 Domino
1025 1365 1093 1397 sore

357 1415 562 1448 arbitramur.

400 1469 414 1511 ξ
442 1468 469 1501 1.
497 1468 574 1502 Cum
598 1469 706 1513 itaque
733 1470 831 1509 alias,
865 1470 1015 1503 videlicet
1044 1470 1093 1503 die

356 1532 425 1555 xxm
439 1521 512 1554 maii
527 1532 641 1562 noem,
654 1522 860 1565 congregatio
873 1529 946 1555 tunc
961 1523 1094 1556 existen-

359 1574 435 1606 tium
460 1574 490 1608 S.
511 1575 548 1607 R.
568 1575 602 1607 E.
623 1575 834 1607 cardinalium
860 1576 956 1608 sacris
981 1576 1093 1608 ritibus

355 1627 618 1671 praepositorum
644 1639 679 1661 ex
707 1629 855 1661 deductis
881 1629 912 1660 in
938 1640 1092 1672 processu

355 1681 544 1712 auctoritate
587 1680 766 1723 apostolica
805 1682 952 1713 consecto
995 1692 1093 1724 super

355 1743 430 1765 casu
463 1738 598 1776 excepto
632 1734 844 1766 declaraverit
869 1735 907 1766 de
933 1735 989 1767 illo
1015 1745 1091 1766 con-

354 1791 441 1818 stare
469 1796 505 1818 ex
532 1787 617 1818 cultu
645 1786 789 1818 exhibito
815 1797 910 1819 servo
937 1787 991 1819 Dei
1017 1787 1113 1819 Fer-¹

354 1838 496 1870 dinando
514 1838 551 1870 III
569 1839 637 1881 regi
656 1838 810 1871 Castellae
827 1844 857 1871 et
873 1839 1024 1882 Legionis
1043 1851 1090 1873 co-

354 1897 530 1933 gnomento
563 1892 679 1923 Sancto
713 1902 772 1934 per
805 1892 1090 1925 immemorabilem

354 1944 509 1986 temporis
550 1954 679 1976 cursum
722 1945 929 1977 excedentem
971 1951 1088 1978 metam

354 2002 481 2029 centum
504 2007 663 2029 annorum
682 2003 754 2029 ante
774 1998 903 2030 decreta
924 1998 1025 2031 felicis
1043 2010 1090 2032 re—

353 2049 549 2082 cordationis
569 2049 686 2082 Urbani
706 2050 809 2092 Papae
824 2050 886 2083 Vlll
904 2052 1089 2094 praedeces-

354 2103 436 2135 soris
453 2103 556 2135 nostri
584 2114 655 2135 cum
685 2103 818 2135 scientia
844 2105 893 2136 vel
920 2105 1088 2137 tolerantia

353 2155 604 2195 Qrdinariorum,
631 2162 661 2188 et
681 2162 863 2189 emanatum
882 2158 1023 2201 desuper
1042 2159 1088 2191 di-

353 2214 420 2241 ctae
445 2210 705 2252 congregationis
742 2211 905 2243 decretum
942 2213 1088 2244 recolen-

354 2261 412 2293 dae
433 2262 605 2294 memoriae
629 2263 808 2295 Alexander
826 2263 909 2306 Papa
926 2264 975 2296 VII
993 2264 1087 2296 etiam

353 2315 598 2357 praedecessor·
618 2320 729 2348 noster
760 2315 810 2348 die
840 2326 909 2349 xxxi
942 2316 1087 2350 eiusdem

353 2367 473 2399 mensis
489 2367 726 2410 approbaverit,
742 2373 773 2400 et
789 2368 874 2400 inter
889 2369 951 2401 alia
967 2369 1087 2412 plenis-

353 2419 432 2452 sime
458 2420 641 2452 constiterit
673 2421 711 2453 de
733 2421 952 2454 celebratione
978 2422 1087 2454 missa-

353 2483 423 2505 rum
454 2472 485 2504 in
512 2473 669 2505 honorem
705 2474 861 2516 praedicti
897 2475 980 2507 servi
1013 2475 1083 2515 Dei,

352 2531 450 2569 prout
467 2526 504 2558 dc
520 2526 641 2558 Sanctis
659 2527 815 2559 celebrari
833 2528 949 2567 solent,
973 2533 1035 2560 tam
1053 2528 1085 2560 in

391 2599 397 2622 l
424 2597 543 2623 Pessime
563 2596 627 2623 edit.
649 2596 727 2623 Main.
745 2597 894 2625 nobilitate
910 2606 957 2633 pro
975 2599 1086 2626 mobili-

351 2644 408 2668 tate
427 2647 465 2675 cn.
480 2640 529 2674 T.).

1139 310 1278 342 sacrario
1304 311 1412 351 veteri,
1431 323 1522 355 quam
1551 313 1583 345 in
1600 317 1746 357 cappella
1761 317 1798 348 B.
1815 317 1871 349 Ma-

1140 362 1205 394 riae
1229 363 1351 405 Regum
1381 367 1564 407 nuncupata
1602 368 1871 411 metropolitanae

1139 415 1294 448 ecclcsiae
1320 416 1518 460 Hispalensis
1545 418 1596 450 ubi
1622 424 1707 452 extat
1723 421 1808 453 illius
1824 431 1872 454 se-

1140 469 1309 512 pulchrum
1327 481 1333 502 2

1183 521 1197 563 ἓ
1221 521 1240 553 2
1266 522 1346 554 llinc
1364 524 1515 566 estquod
1533 534 1602 563 nos,
1622 525 1683 568 piis
1704 526 1871 570 enixisque

1140 574 1296 606 carissimi
1332 575 1361 607 in
1395 575 1521 609 Christo
1550 576 1606 610 filii
1639 579 1741 611 nostri
1768 578 1871 613 Caroli

1141 626 1366 669 Hispaniarum
1402 629 1486 670 regis
1524 630 1692 669 catholici,
1718 642 1754 663 ac
1779 632 1874 664 caris-

1140 678 1237 710 simae
1256 679 1287 711 in
1299 679 1426 713 Christo
1443 681 1526 713 tiliae
1542 686 1671 714 nostrae
1691 682 1872 716 Mariannae

1140 732 1323 764 earumdem
1350 733 1577 776 Hispaniarum
1609 734 1739 776 reginae
1764 736 1875 767 catho-

1140 783 1218 815 licae
1242 784 1354 816 viduae
1373 785 1442 817 eius
1460 785 1624 827 genitricis
1642 787 1802 829 precibus,
1817 798 1875 820 no-

1140 835 1189 867 bis
1214 847 1272 878 per
1297 837 1447 869 dilectum
1472 838 1571 870 tilium
1604 839 1746 871 nobilem
1772 840 1875 874 virum

1140 888 1267 920 Petrum
1294 889 1332 921 de
1359 890 1530 931 Aragonia,
1559 891 1673 924 ducem
1699 892 1875 935 S'egorbiae

1118 943 1119 968 ἰ
1139 941 1315 981 Cardouae,
1340 943 1431 984 regni
1458 943 1658 986 Neapolitani
1682 955 1873 988 proregem,

1140 1005 1175 1026 ac
1207 995 1351 1027 eiusdem
1389 996 1493 1028 Caroli
1524 997 1610 1039 regis
1640 998 1725 1040 apud
1758 1009 1817 1031 nos
1844 1005 1876 1032 et

1117 1046 1253 1079 *Sedem
1279 1048 1493 1090 Apostolicam
1520 1055 1681 1082 oratorem
1711 1052 1749 1083 ad
1782 1062 1876 1094 prae-

1140 1100 1286 1132 standam
1318 1101 1410 1133 nobis
1442 1102 1543 1144 ipsius
1577 1102 1681 1135 Caroli
1707 1104 1792 1146 regis
1818 1115 1876 1137 no-

1139 1152 1225 1184 mine
1240 1152 1457 1186 obedientiam
1476 1154 1615 1195 missum,
1631 1166 1727 1198 super
1746 1157 1807 1189 hoc
1821 1157 1875 1189 hu-

1139 1205 1260 1237 militer
1278 1206 1448 1248 porrectis,
1469 1207 1676 1241 favorabilem
1697 1219 1875 1250 assensum,

1139 1311 1215 1343 bere
1231 1311 1412 1354 cupientes,
1432 1318 1466 1344 ut
1479 1313 1511 1345 in
1530 1314 1680 1346 omnihus
1697 1315 1805 1357 regnis
1821 1316 1875 1348 Hi-

1138 1363 1323 1407 spaniarum
1359 1371 1390 1397 ct
1415 1366 1594 1399 ditionibus
1623 1367 1729 1400 eidem
1760 1368 1875 1403 Carolo

1138 1417 1207 1459 regi
1233 1418 1397 1458 subiectis,
1423 1424 1452 1451 et
1479 1419 1510 1451 in
1536 1421 1673 1453 ecclesia
1697 1421 1744 1453 Ss.
1768 1422 1873 1455 iacobi

1138 1476 1169 1502 et
1192 1471 1381 1513 Idelphonsi
1414 1473 1452 1504 dc
1480 1473 1562 1505 Urbe
1595 1474 1735 1506 nationis
1762 1475 1875 1518 Hispa-

1138 1534 1262 1563 norum,
1289 1524 1327 1556 de
1354 1531 1530 1557 memorato
1554 1536 1646 1559 servo
1672 1526 1728 1559 Dei
1754 1527 1873 1560 Ferdi-

1137 1576 1245 1608 nando
1266 1576 1303 1608 Ill
1322 1587 1397 1618 rege
1413 1577 1509 1610 missa
1523 1584 1554 1610 et
1571 1578 1711 1611 officium
1727 1580 1765 1612 de
1785 1591 1873 1612 com-

1137 1628 1224 1660 muni
1250 1628 1475 1662 Confessorum
1501 1641 1565 1663 non
1593 1631 1784 1664 Pontificum
1811 1634 1871 1666 sub

1136 1681 1197 1713 ritu
1224 1681 1344 1724 duplici
1371 1682 1457 1714 iuxta
1484 1683 1627 1716 rubricas
1656 1684 1807 1718 breviarii
1840 1692 1873 1718 et

1136 1734 1273 1766 missalis
1295 1735 1421 1767 romani
1437 1736 1609 1778 ‹piotaunis
1631 1737 1663 1769 in
1679 1743 1870 1780 perpetuum

1136 1786 1185 1818 dic
1200 1797 1258 1819 xxx
1273 1787 1355 1825 maii,
1373 1799 1435 1830 qua
1450 1788 1535 1821 idem
1553 1799 1662 1821 servus
1679 1790 1733 1822 Dei
1752 1791 1870 1823 obdor-

1134 1839 1224 1871 mivit
1241 1839 1273 1871 in
1292 1840 1438 1880 Domino,
1458 1840 1626 1880 celebrari,
1648 1846 1679 1874 et
1696 1841 1751 1874 ab⁴
1770 1844 1869 1875 omni-

1134 1892 1193 1924 bus
1218 1892 1385 1935 utriusque
1403 1904 1496 1925 sexus
1515 1894 1791 1935 christifidelibus,
1815 1896 1869 1939 qui

1134 1946 1172 1978 ad
1199 1946 1294 1979 horas
1328 1947 1499 1979 canonicas
1534 1953 1709 1988 tenentur,
1740 1949 1869 1982 recitari

1133 1998 1243 2032 libere·
1259 2006 1291 2031 et
1316 2000 1401 2032 licite
1419 2000 1544 2042 possint
1560 2006 1591 2033 et
1608 2002 1737 2033 valeant
1759 2012 1869 2046 respe-

1133 2052 1222 2092 ctive,
1239 2053 1430 2086 auctoritate
1449 2053 1637 2096 apostolica,
1655 2060 1869 2098 tenoreprae

1132 2105 1285 2144 sentium,
1312 2106 1522 2138 concedimus
1549 2112 1581 2139 et
1605 2107 1821 2149 indulgemus.

1175 2159 1188 2201 ἓ
1213 2157 1243 2190 .3.
1271 2158 1340 2190 Non
1366 2158 1568 2191 obstantibus
1586 2159 1867 2192 constitutionibus
1905 2168 1996 2193 verosa·
2013 2174 2063 2188 cou-

1878 2198 1956 2214 ΙΓιΙΙἹΙῆ.

1131 2217 1162 2244 ct
1186 2211 1444 2244 ordinationibus
1462 2212 1647 2255 apostolicis
1667 2223 1701 2245 ac
1719 2213 1866 2253 decretis,

1131 2264 1311 2306 ceterisque
1337 2264 1504 2296 contrariis
1529 2265 1797 2308 quibuscumque.

1174 2316 1235 2358 §Aa
1264 2316 1418 2348 Volumus
1448 2322 1557 2349 autem
1588 2322 1623 2348 ut
1641 2317 1864 2360 praesentium

1131 2368 1309 2401 litterarum
1345 2370 1580 2413 transumptis,
1615 2380 1669 2402 seu
1694 2370 1862 2412 exemplis,

1130 2421 1224 2454 etiam
1251 2422 1436 2465 impressis,
1458 2432 1555 2454 manu
1581 2422 1720 2455 alicuius
1746 2421 1864 2454 notarii

1130 2474 1254 2517 publici
1283 2475 1491 2518 subscriptis,
1516 2480 1548 2507 et
1572 2475 1680 2516 sigillo
1701 2485 1864 2517 personae

1128 2527 1160 2559 in
1175 2528 1397 2560 ecclesiastica
1414 2528 1571 2570 dignitate
1586 2528 1783 2560 constitutae
1800 2537 1865 2559 mu-

1165 2645 1173 2668 1
1197 2642 1347 2677 Praeposit.
1365 2643 1399 2668 ab
1416 2651 1463 2669 nos
1479 2642 1602 2668 addimus
1617 2643 1654 2675 (R.
1672 2643 1722 2674 Γ),

1771 258 1835 292 159
1882 267 2062 296 An.c.1671

1922 538 2024 558 indultum
2040 540 2066 558 da

1884 570 1924 589 ’[υο
1940 571 1959 585 in
1973 566 2065 586 rubrica.

1916 2325 1980 2345 futes
2005 2327 2061 2345 trau-

1876 2355 2013 2377 sumptorum.
