2279 3260
229 224 277 250 An.
302 223 330 250 C.
351 224 418 251 1676

463 215 528 250 650

423 274 637 314 eummsionis,
651 274 863 318 Epiphaniae.
878 274 1084 307 Ascensionis
1098 275 1159 307 Do*

423 326 510 363 mini,
530 326 763 360 Purificationis
780 332 811 360 ct
829 326 1064 369 Assumptionis
1083 327 1158 359 Bea-

423 383 471 411 tae
498 379 625 419 Mariae,
650 379 682 412 in
706 379 871 412 Nativitate
898 380 928 411 S.
956 374 1083 411 loannis
1104 379 1158 411 Ba-

423 431 562 474 ptistae,
593 431 743 465 Natalitio
768 432 991 475 apostolorum
1017 431 1102 463 Petri
1128 436 1159 464 ct

424 484 535 524 Pauli,
565 495 601 517 ac
625 486 792 517 beatorum
818 483 1076 526 patriarcharum
1102 494 1158 516 no-

423 542 564 569 strorum
582 537 709 570 Ioannis
728 542 759 569 et
776 536 902 575 Felicis,
921 536 998 568 etin
1013 537 1157 569 secundo

424 589 505 621 sesto
531 595 658 621 sanctae
686 588 817 629 Agnetis
837 587 969 630 virginis
996 593 1027 620 et.
1047 594 1159 631 marty-

423 641 476 681 ris,
488 641 590 674 nostri
609 640 734 673 Ordinis
751 645 921 682 patronae,
942 640 972 671 in
989 639 1157 673 festivitate

423 699 530 726 autem
555 693 704 726 Omnium
729 693 921 725 Sanctorum
954 703 1083 735 semper
1108 704 1158 725 ca-

423 751 542 778 nantur
555 746 677 788 primae
698 756 861 787 vesperae,
878 745 981 788 quoad
1001 746 1158 778 secundas

423 800 622 839 observetur,
649 798 729 830 sicut
751 803 780 831 et
805 799 909 840 quoad
930 808 1080 840 resperas
1106 798 1159 830 de—

424 851 616 890 functorum,
639 851 724 893 quod
750 850 868 883 dictum
887 855 936 882 est
961 851 999 883 de
1022 861 1159 884 conven-

423 903 507 935 tibus
534 914 603 946 cap.
624 913 658 942 11,
686 903 700 945 ᾗ
721 902 751 942 ’1,
775 913 860 934 num.
882 913 946 942 v113
975 903 1006 934 in
1024 903 1158 945 reliquis

424 966 498 989 vero
517 954 742 988 festivitatibus
767 955 890 997 primae
918 960 973 987 aut
997 955 1157 987 secundae

423 1008 543 1047 classis,
571 1018 651 1051 quae
677 1007 715 1039 ad
742 1007 915 1039 colendum
942 1006 1158 1050 pronuncianL

423 1066 484 1102 tur,
502 1062 606 1093 solum
631 1070 785 1103 vesperae
803 1060 964 1092 secundae
982 1064 1154 1099 canantur,

422 1115 455 1146 in
486 1112 660 1146 recitandis
687 1117 794 1145 autern
821 1117 935 1155 quarta
960 1122 1033 1155 pars
1058 1112 1156 1144 horae

423 1166 636 1209 expendatur.

465 1230 494 1251 x.
522 1217 709 1251 Immediate
740 1222 814 1261 post
847 1218 1019 1250 mentalem
1045 1218 1158 1250 oratio-

422 1283 496 1306 nem
518 1271 731 1315 vespertinam
753 1271 877 1303 dicatur
896 1270 1156 1312 completorium,

423 1326 507 1368 quod
534 1325 601 1357 sere
627 1334 686 1367 per
711 1324 922 1366 quadrantem
948 1323 1045 1355 horae
1068 1323 1157 1355 dura-

421 1377 477 1417 bit,
500 1382 532 1409 et
549 1387 587 1409 eo
606 1376 706 1415 finito,
726 1375 822 1407 cellas
841 1379 952 1417 petant
969 1375 1006 1407 ad
1028 1375 1157 1407 studen-

423 1431 496 1463 dum
523 1440 626 1472 usque
652 1429 688 1461 ad
716 1429 827 1460 horam
854 1435 996 1460 octavam
1022 1438 1094 1459 cum
1113 1428 1157 1460 di-

421 1483 528 1522 midia,
540 1482 602 1514 nisi
618 1481 710 1524 quies
726 1486 757 1512 et
771 1480 926 1513 recreatio
940 1480 981 1512 sit
994 1481 1152 1513 habenda.

421 1536 452 1569 Si
474 1542 581 1568 autem
609 1535 703 1567 suerit
728 1544 789 1566 nox
814 1534 991 1566 communis
1016 1535 1157 1576 flagella-

421 1589 529 1627 tionis,
548 1588 753 1631 ssagellentur
772 1592 915 1629 tempore
940 1586 1064 1628 hyemis
1084 1592 1157 1630 post

422 1641 671 1684 completorium
687 1645 759 1672 ante
773 1638 927 1678 studium;
940 1639 1071 1682 reliquis
1082 1651 1157 1673 vero

422 1695 497 1727 anni
524 1693 726 1737 temporibus
758 1697 833 1736 post
862 1697 1055 1724 nocturnum
1081 1703 1156 1725 con-

423 1747 576 1780 scientiae
604 1756 748 1780 examen.

464 1811 507 1833 xr
534 1799 722 1832 Matutinum
747 1798 898 1831 recitetur
929 1798 1158 1831 inviolabiliter

422 1854 504 1886 hora
519 1853 619 1885 noetis
639 1854 748 1885 octava
766 1862 837 1884 cum
856 1851 995 1892 dimidia,
1017 1852 1078 1884 nisi
1097 1852 1158 1884 sue-

422 1906 465 1939 rit
489 1917 550 1938 nox
577 1905 804 1945 recreationis,
836 1910 909 1936 tunc
934 1905 1019 1936 enim
1047 1905 1159 1938 imme-

424 1959 509 1991 diate
534 1962 608 2001 post
633 1956 881 2000 completorium
899 1957 1036 1997 dicetur,
1059 1962 1091 1989 et
1108 1967 1159 1989 re-

424 2010 534 2044 citatio
560 2010 627 2043 eius
654 2010 750 2041 duret
767 2009 832 2041 sere.
858 2019 914 2052 per
932 2009 1058 2041 horam.
1082 2009 1159 2042 Can-

424 2069 508 2097 tetur
532 2068 637 2096 autem
660 2073 729 2094 cum
756 2062 905 2095 laudibus
930 2062 1093 2105 (tempore
1123 2073 1159 2095 ac

424 2117 633 2150 solemnitate
658 2127 692 2149 ac
726 2116 756 2148 in
782 2115 1016 2158 conventibus)
1044 2115 1076 2147 in
1107 2115 1158 2148 (lie

424 2170 600 2202 Nativitatis
626 2173 657 2202 et
681 2168 937 2201 Resurrectionis
962 2168 1104 2208 Domini,
1124 2178 1159 2201 ac

425 2222 457 2254 in
484 2222 588 2254 triduo
608 2221 737 2254 maioris
762 2221 997 2261 hebdomadae,
1016 2226 1047 2253 et
1064 2221 1097 2253 in
1118 2221 1160 2253 se-

425 2280 474 2307 sto
492 2274 643 2317 Corporis
657 2274 773 2307 Christi
788 2285 861 2306 cum
875 2276 942 2306 tota
954 2274 1022 2306 eius
1040 2276 1158 2314 octav&

426 2333 458 2361 at
475 2338 551 2360 vero
577 2338 607 2359 in
634 2328 716 2360 sesto
741 2327 794 2360 Ss'.
817 2327 990 2367 Trinitatis,
1017 2333 1048 2360 et
1064 2327 1158 2370 primi

426 2380 488 2413 diei
507 2381 725 2420 Pentecostes,
756 2385 787 2412 et
814 2379 912 2412 sancti
934 2380 1031 2423 patris
1056 2381 1159 2414 nostri

425 2433 551 2466 loannis
578 2434 617 2466 de
642 2433 746 2465 Matha
771 2438 916 2465 cantetur
941 2433 1036 2466 etiam
1060 2439 1161 2466 matu-

426 2487 527 2519 tinum
557 2497 628 2519 cum
665 2486 813 2519 laudibus
848 2487 930 2519 hora
956 2486 1068 2529 quinta
1088 2491 1161 2530 post

424 2540 604 2573 meridiem.

468 2604 524 2627 ΧΠ.
552 2594 640 2626 Circa
657 2593 882 2636 religiosorum
901 2602 1082 2635 numerum,
1104 2593 1159 2637 qui

1007 225 1186 251 BULLAmUM
1209 228 1357 255 ROMANUM

1202 278 1378 320 requiritur
1391 280 1430 313 ad
1447 281 1627 314 canendum
1644 281 1751 314 omnia
1768 280 1935 324 praedicta

1201 329 1231 361 in
1247 331 1456 372 solemnibus,
1476 339 1508 366 et
1525 334 1611 377 quid,
1625 334 1754 377 quando
1772 333 1934 367 celebran-

1202 386 1253 413 tur
1278 393 1342 415 non
1369 384 1400 417 in
1426 386 1565 428 propriis
1592 386 1719 425 diebus,
1742 386 1935 419 observetur

1201 436 1288 476 quod
1306 436 1427 469 dictum
1443 443 1492 470 est
1515 438 1553 471 de
1570 439 1788 479 conventibus,
1807 449 1876 482 cap.
1893 449 1933 479 xi,

1200 487 1214 530 ἓ
1235 487 1266 526 ’1,
1295 499 1379 521 num.
1404 499 1459 522 vn.

1243 550 1311 573 xm.
1339 540 1474 584 Insuper
1498 542 1714 585 praecipimus
1739 549 1774 576 ut
1798 544 1831 577 in
1857 555 1934 587 qua-

1202 597 1274 624 tuor
1298 593 1372 625 anni
1397 594 1626 627 anniversariis
1652 595 1804 629 recitetur
1820 596 1852 628 in
1871 607 1935 630 om-

1201 645 1295 677 nibus
1313 646 1429 678 nostris
1454 646 1599 688 collegiis
1618 647 1778 689 integrum
1795 649 1934 682 officium

1201 697 1424 730 defunctorum
1439 699 1519 731 sicut.
1537 699 1567 730 in
1587 699 1806 741 conventibus,
1822 706 1854 734 et
1868 711 1934 734 orn-

1202 760 1257 781 nes
1284 750 1495 792 collegiorum
1521 751 1677 793 religiosi,
1699 751 1754 794 qui
1779 762 1932 786 coronam

1202 802 1314 834 Beatae
1340 802 1455 835 Mariae
1484 803 1620 845 Yirginis
1638 814 1702 835 non
1728 804 1935 838 recitaverint

1201 854 1232 886 in
1250 855 1413 887 communi
1439 866 1509 887 cum
1528 855 1672 897 collegis,
1690 855 1778 888 illam
1797 856 1935 890 recitent

1202 907 1361 949 privatim.

1243 970 1305 992 x1v.
1327 960 1359 992 In
1385 961 1641 993 recreationibus
1659 961 1825 994 nocturnis
1843 972 1860 993 a
1878 961 1934 994 Pa-

1200 1012 1311 1045 schate
1330 1024 1431 1056 usque
1457 1014 1494 1046 ad
1514 1014 1736 1047 Pentecosten]
1757 1015 1859 1047 solum
1876 1025 1934 1058 po-

1201 1070 1309 1097 terunt
1332 1076 1542 1108 perseverare
1567 1077 1669 1109 usque
1689 1067 1726 1099 ad
1746 1067 1859 1100 horam
1877 1077 1932 1100 no-

1200 1127 1281 1157 nam,
1303 1122 1334 1150 et
1359 1117 1390 1149 in
1414 1118 1544 1151 residuo
1570 1123 1714 1162 tempore
1741 1119 1862 1152 aestivo
1893 1120 1931 1152 ad

1199 1180 1357 1203 summum
1381 1182 1480 1213 usque
1509 1171 1548 1204 ad
1574 1171 1738 1204 dimidiam
1769 1177 1843 1214 post
1868 1183 1929 1205 no-

1201 1233 1282 1254 nam.

1242 1285 1291 1307 xv.
1318 1275 1386 1308 Non
1411 1276 1621 1309 admittantur
1645 1276 1677 1309 in
1703 1277 1850 1319 collegiis
1875 1288 1934 1310 no-

1200 1327 1270 1360 stris
1302 1334 1453 1361 externae
1491 1340 1646 1372 personae
1680 1331 1718 1362 ad
1752 1330 1931 1371 lectiones,

1199 1381 1424 1414 conclusiones
1445 1382 1493 1414 vel
1512 1382 1573 1415 alia
1593 1381 1745 1415 litteralia
1769 1383 1930 1423 exercitia,

1199 1443 1257 1464 nec
1282 1433 1427 1475 religiosi
1452 1433 1555 1466 nostri
1581 1439 1670 1467 extra
1700 1434 1848 1477 proprias
1878 1435 1933 1468 do-

1200 1496 1267 1518 mos
1292 1486 1421 1528 publice
1447 1492 1583 1529 arguant
1599 1488 1647 1520 vel
1668 1487 1855 1520 defendant.
1874 1486 1934 1525 Qui

1200 1543 1307 1570 autem
1324 1539 1547 1571 constitutioni
1566 1539 1617 1572 isti
1636 1539 1768 1572 omnino
1793 1540 1841 1572 vel
1861 1550 1934 1582 par-

1201 1590 1254 1622 tim
1280 1591 1549 1631 contravenerint,
1569 1591 1711 1634 privatus
1736 1591 1778 1624 sit
1801 1602 1878 1625 voce
1903 1597 1936 1625 et

1202 1644 1269 1675 loco
1295 1642 1380 1675 iuxta
1405 1644 1595 1685 gravitatem
1621 1644 1746 1686 culpae.

1245 1706 1265 1728 1.
1292 1695 1327 1727 In
1344 1699 1542 1739 unoquoque
1560 1702 1721 1729 conventu
1743 1707 1779 1730 ac
1795 1696 1934 1739 collegio

1201 1753 1309 1781 nostro
1334 1748 1374 1780 sit
1397 1748 1578 1781 communis
1606 1748 1817 1791 bibliotheca,
1845 1749 1936 1782 cuius

1201 1800 1436 1833 incrementum
1462 1811 1497 1833 ac
1520 1801 1551 1833 in
1570 1801 1637 1834 dies
1658 1807 1865 1844 augmentum
1882 1801 1936 1834 mi-

1202 1853 1295 1886 nistri
1319 1859 1505 1896 procurent.
1524 1854 1558 1887 In
1579 1856 1616 1887 ea
1640 1854 1703 1887 sint
1719 1854 1794 1888 libri
1812 1855 1851 1887 ad
1869 1860 1936 1888 stu-

1202 1907 1253 1939 ‹lia
1277 1906 1518 1949 religiosorum,
1551 1907 1765 1949 spiritualium
1789 1908 1935 1950 ipsorum

1201 1960 1392 2001 profectum,
1411 1964 1442 1992 et
1467 1960 1690 2003 proximorum
1715 1961 1867 2000 salutem;
1894 1960 1935 1992 sit

1201 2013 1371 2055 deputatus
1414 2024 1431 2044 a
1455 2012 1644 2055 provinciali
1675 2012 1847 2055 religiosus
1880 2013 1933 2056 qui

1201 2074 1270 2096 eam
1305 2064 1491 2097 mundatam
1523 2065 1727 2107 clausamque
1759 2065 1880 2097 habeat
1903 2070 1935 2097 et

1202 2117 1301 2150 libros
1326 2128 1383 2149 suo
1407 2118 1520 2150 ordine
1549 2117 1634 2150 iuxta
1659 2117 1806 2160 ipsorum
1830 2117 1934 2150 diver-

1201 2180 1249 2202 sas
1275 2170 1442 2202 facultates
1467 2169 1649 2212 dispositos,
1676 2169 1729 2212 qui
1757 2169 1855 2202 etiam
1878 2180 1934 2203 ne-

1202 2222 1360 2256 cessarios
1390 2222 1548 2264 religiosis
1579 2223 1617 2254 ad
1653 2222 1825 2255 lectionem
1863 2228 1931 2255 stu-

1202 2276 1355 2318 diumque
1371 2274 1541 2307 distribuat
1554 2285 1624 2308 cum
1638 2274 1767 2307 licentia
1784 2275 1933 2318 praelati;

1202 2334 1232 2361 ct
1257 2328 1298 2361 sit
1322 2338 1450 2371 quoque
1476 2328 1508 2360 in
1533 2328 1602 2371 ipsa
1625 2328 1799 2361 biblioteca
1823 2328 1935 2361 inven-

1203 2382 1318 2413 tarium
1344 2386 1431 2413 recto
1457 2380 1572 2413 ordine
1598 2381 1803 2423 alphabetico
1829 2381 1936 2424 dispo-

1203 2435 1299 2467 situm
1324 2433 1468 2467 omnium
1504 2434 1664 2467 librorum
1701 2440 1878 2468 conventus
1903 2439 1936 2468 et

1202 2487 1345 2529 collegii.
1890 2525 1893 2529 .

1246 2550 1281 2572 11.
1316 2539 1355 2572 Ut
1387 2544 1492 2572 autem
1521 2539 1597 2571 libri
1623 2550 1689 2573 non
1716 2539 1937 2574 diminuantur

1204 2603 1260 2625 nec
1275 2592 1434 2633 deficiant,
1450 2591 1665 2635 praecipimus
1680 2592 1711 2625 in
1729 2593 1844 2628 virtute
1864 2604 1936 2628 san-

1941 231 1992 261 Αιι,
2008 233 2037 261 c.
2061 216 2128 262 ¹⁶76

1972 1709 1982 1735 ἓ
2004 1708 2023 1729 7.
2047 1708 2075 1729 Do
2097 1709 2130 1729 bt·

1946 1735 2062 1756 btnahoca.
