2279 3260
206 243 254 269 An.
273 243 302 269 C.
328 243 389 269 unt

230 566 371 586 Prooeuiiunn

258 1985 352 2010 lnttmgut
377 1987 397 2005 ul

216 2013 236 2033 in
252 2013 344 2031 rubrica.

439 232 502 265 990

623 291 756 317 Clemens
779 291 856 323 Papa
877 290 910 321 X,

519 336 553 361 ad
576 339 749 368 perpetuam
770 336 812 360 rei
835 333 1015 360 memoriam.

396 397 551 424 Universis
575 396 822 423 christifidelibus
852 397 1026 428 praesentes
1051 392 1134 418 litte-

448 449 497 468 ras
519 441 718 473 inspecturis,
740 441 869 466 salutem
889 441 919 464 et
939 436 1134 470 apostolicam
1154 452 1156 462 .

447 485 693 513 benedictionem.

442 556 603 598 Unigeniti
625 555 679 587 Dei
698 553 767 586 Filii
788 552 1001 594 Redemporis
1020 556 1051 583 et
1075 551 1135 583 Do-

397 610 474 641 mini
500 609 600 641 nostri
620 609 689 640 lesu
708 606 836 645 Christi,
860 605 915 647 qui
941 615 957 637 e
982 604 1052 636 sinn
1078 604 1135 635 Pa-

397 663 453 694 tris
479 660 645 693 descendit
669 660 701 690 in
729 664 866 695 terram,
895 662 945 695 et,
981 656 1135 688 caducam

397 715 558 746 humanae
597 712 702 743 carnis
743 709 948 751 fragilitatem
980 707 1134 740 ineffabili

397 766 567 799 clementia
598 764 735 795 induens
764 768 798 794 ut
829 772 931 803 genus
957 761 1136 793 humanum

398 820 435 852 dc
462 820 576 860 laqueo
602 815 763 848 servitutis
790 815 933 857 eriperet
961 819 991 845 et
1015 813 1053 845 ad
1071 812 1137 855 pri-

398 881 540 903 maevam
566 868 691 901 divinae
726 866 874 907 imaginis
910 871 1003 908 atque
1028 864 1138 897 simili*-

399 923 517 956 tudinis
543 921 744 954 nobilitatem
764 920 966 957 reformaret,
992 917 1138 950 saluber-

399 976 553 1007 rimorum
589 978 838 1016 praeceptorum
864 971 1012 1013 vitaeque
1039 969 1138 1011 magi-

399 1029 499 1062 sterio
518 1039 576 1060 nos
596 1026 753 1066 instruxit,
768 1026 865 1065 vicesy
882 1026 970 1057 nullo
985 1023 1138 1056 licetme-

399 1082 536 1114 ritorurn
554 1085 738 1112 nostrorum
757 1077 919 1120 suffragio,
940 1081 1087 1119 gerentes
1104 1074 1137 1107 in

401 1134 519 1173 terris,
555 1132 716 1175 gloriosos
746 1130 896 1163 caelestis
922 1128 1013 1171 regni
1049 1128 1159 1160 ineo--

400 1188 455 1224 las,
472 1186 546 1218 illos
562 1183 763 1227 praesertim,
779 1182 844 1224 qui,
859 1186 1020 1223 tamquam
1034 1181 1138 1222 splen-
1157 1192 1159 1199 ⁴

402 1238 587 1272 didissimae
613 1238 767 1269 lucernae
794 1244 891 1277 super
907 1233 1138 1266 candelabrum
1158 1235 1160 1246 '

401 1293 434 1325 in
452 1292 547 1324 domo
568 1289 693 1322 Domini
714 1288 853 1330 positae,
872 1287 1051 1319 divinornm
1072 1287 1139 1318 elo-

403 1344 552 1387 quiorum
585 1352 701 1373 arcana
727 1338 941 1377 reserarunt¹,
974 1344 1004 1370 et
1029 1335 1161 1378 Eccle-}

403 1396 481 1428 siam
499 1394 680 1426 nniversam
692 1392 840 1424 salutaris
860 1390 1026 1423 doetrinae
1042 1391 1140 1422 ssuen-

405 1448 444 1479 tis
470 1446 660 1489 irrigarunt,
687 1446 909 1487 fructuumque
932 1455 947 1476 e
974 1443 1138 1475 charitatis

403 1500 510 1533 radice
536 1498 737 1541 surgentium
763 1498 856 1540 copia
880 1498 1138 1539 locupletarunt,

405 1554 532 1585 sincera
551 1552 722 1584 devotione.
749 1551 988 1593 prosequimur,
1011 1555 1042 1581 et
1065 1548 1142 1581 fide-

405 1607 481 1639 lium
516 1615 592 1646 erga
626 1604 700 1636 illos
726 1604 900 1646 pietatem,
926 1601 1163 1645 spiritualiumt

406 1658 590 1701 gratiarum,
617 1667 752 1700 quarum
781 1656 981 1698 dispensatio
1008 1654 1100 1688 nobis
1126 1665 1143 1686 a

406 1711 543 1744 Domino
570 1709 691 1742 credita
717 1714 775 1747 est,
804 1708 1008 1747 muneribus,
1036 1708 1142 1740 fovere

407 1771 501 1807 atque
528 1762 661 1795 incitare
687 1762 862 1799 studemus,
885 1761 970 1793 sieut
994 1762 1031 1793 ad
1056 1762 1144 1804 ipso-

407 1828 478 1849 rum
502 1815 645 1847 fidelium
677 1813 933 1846 aedificationem
966 1814 1145 1846 Ecclesiae-

407 1880 488 1913 quae
525 1868 697 1901 utilitatem
729 1867 900 1899 salubriter
935 1867 1087 1909 expedire
1114 1867 1145 1899 in

409 1922 543 1955 Domino
566 1921 773 1954 arbitramur.

453 1977 467 2019 ἓ
495 1976 523 2007 l.
554 1975 663 2017 Itaque
691 1974 806 2006 eximia
838 1975 1007 2016 omnisque
1036 1974 1147 2006 huma-

411 2039 470 2061 nae
488 2027 592 2061 laudis
606 2026 814 2069 praeconium
830 2027 924 2067 longe
939 2036 1149 2069 supergressa

412 2081 513 2114 sancti
535 2079 708 2122 Augustini
729 2079 873 2122 episcopi
892 2084 922 2111 et
942 2079 1148 2119 confessoris,

409 2133 571 2166 Ecclesiae
591 2132 732 2164 doctoris
753 2132 1064 2174 praecellentissimi,
1085 2132 1147 2174 qui,

410 2186 524 2229 spiritu
550 2185 606 2217 Dei
632 2185 758 2227 plenas,
787 2184 958 2215 haeresum
985 2195 1149 2216 errorum-

412 2250 473 2282 que
500 2239 662 2277 t÷=nebras,
690 2242 851 2279 tamquam
878 2237 1147 2278 lulgentissimum

414 2291 608 2325 christianae
634 2289 827 2322 eruditionis
846 2289 949 2329 iubar,
968 2290 1149 2332 profundis-

414 2345 514 2380 simis,
534 2344 691 2386 simulque
722 2344 788 2375 Sole
816 2343 1005 2375 clarioribus
1023 2343 1151 2386 scriptis

412 2397 611 2442 profligavit,
639 2402 670 2429 et
695 2395 863 2428 hominum
885 2396 982 2427 corda
1006 2406 1058 2436 eo,
1086 2406 1149 2439 quo

414 2452 482 2495 ipse
520 2450 745 2482 ardentissime
783 2448 959 2490 flagrabat,
985 2448 1151 2480 charitatis

416 2505 489 2547 igne
514 2502 690 2542 succendit,
718 2501 845 2534 decora²
863 2506 952 2543 grato
971 2502 1149 2545 devotoque

453 2576 464 2601 1
488 2574 557 2600 Edit.
579 2573 656 2599 Main.
680 2573 741 2607 legit
762 2574 946 2599 reservarunt
965 2572 1002 2606 (R.
1019 2571 1068 2605 T.).

455 2619 471 2645 2
491 2618 664 2651 Sabinu-llige
687 2618 790 2644 merita
810 2624 838 2650 (ιι
866 2616 913 2649 Τ.).

974 240 1153 264 BULLARIUM
1177 239 1327 263 Romnum

1176 288 1293 319 mentis
1308 286 1422 320 affectu
1440 287 1630 325 recolentes;
1647 289 1840 327 sanctaeque
1854 284 1915 317 Mo-

1176 340 1265 372 nicae
1292 340 1360 372 eius
1379 340 1554 382 genitricis,
1575 339 1664 371 cuius
1682 338 1743 381 piis
1763 337 1912 380 lacrymis

1176 398 1207 425 et
1231 393 1314 435 apud
1344 392 1443 424 Deum
1469 392 1642 434 gemitibus
1677 390 1755 424 tanti
1786 395 1914 432 tamque

1177 444 1322 477 sublimis
1332 444 1475 477 Doctoris
1484 445 1731 478 conversionem
1744 444 1912 481 debemus,

1177 508 1211 529 ac
1225 502 1409 529 sanctorum
1428 496 1549 529 Nicolai
1562 496 1773 529 Tolentinatis
1788 500 1820 527 et
1832 493 1915 527 Tho-

1176 559 1245 581 mae
1276 549 1315 581 de
1340 548 1506 581 villanova
1536 547 1773 590 archiepiscopi
1801 547 1915 579 Valen-

1178 601 1246 641 tini,
1266 601 1331 644 qui,
1350 600 1535 642 religiosam
1551 599 1647 631 vitam
1663 599 1693 631 in
1711 599 1830 632 Ordine
1846 609 1915 631 ere-

1177 654 1326 686 mitarum
1352 653 1498 685 eiusdem
1522 652 1624 684 sancti
1650 651 1818 693 Augustini
1843 661 1916 694 pro-

1178 707 1261 745 l'essi,
1283 706 1364 738 vitae
1387 705 1553 737 sanctitate
1579 709 1610 736 et
1634 703 1810 744 miraculis,
1833 714 1914 746 quae

1179 758 1286 791 divina
1311 758 1438 790 bonitas
1459 767 1571 790 eorum
1588 755 1822 788 intercessione
1839 766 1916 798 ope-

1178 811 1241 844 rari
1256 811 1392 853 ‚dignata
1411 816 1467 849 est,
1487 809 1602 841 eximie
1620 810 1817 848 claruerunt,
1837 807 1916 840 alio-

1177 874 1315 906 rumque
1333 863 1522 895 Sanctorum
1548 861 1623 894 dieti
1644 860 1772 894 Ordinis
1795 860 1917 902 profes-

1178 927 1288 948 sorum
1309 917 1475 958 praeclara
1492 914 1609 947 merita
1626 914 1680 956 pia
1704 912 1915 945 meditatione

1178 969 1433 1008 considerantes,
1453 977 1579 1000 necnon
1598 965 1791 999 venerabilis
1809 965 1916 997 fratris

1178 1021 1306 1064 losephi
1331 1020 1462 1053 Eusanii
1496 1018 1641 1062 episcopi
1671 1017 1916 1061 Helenopolita-

1179 1074 1233 1114 ni,
1260 1073 1390 1107 sacrarii
1415 1072 1519 1105 nostri
1543 1071 1713 1114 apostolici
1738 1070 1915 1114 praefecti,

1180 1127 1233 1170 qui
1257 1127 1289 1159 in
1314 1125 1495 1158 minoribus
1519 1124 1713 1169 constitutus
1742 1122 1917 1166 professio-

1179 1190 1254 1212 nem
1271 1180 1455 1221 regularem
1471 1177 1504 1209 in
1521 1176 1640 1209 Ordine
1658 1175 1823 1219 praedicto
1840 1174 1919 1207 emi-

1180 1233 1240 1273 sit,
1274 1230 1565 1275 supplicationibus
1598 1229 1691 1262 nobis
1724 1238 1822 1271 super
1854 1228 1918 1260 hoe

1181 1284 1349 1317 humiliter
1384 1282 1542 1326 porrectis
1573 1281 1714 1323 benigne
1750 1279 1917 1319 inclinati,

1181 1348 1216 1370 ac
1236 1338 1275 1370 de
1301 1335 1535 1378 omnipotentis
1560 1334 1617 1367 Dei
1642 1332 1864 1366 misericordia
1888 1337 1920 1364 et

1181 1393 1350 1424 beatorum
1386 1389 1470 1422 Petri
1511 1393 1543 1420 et
1578 1387 1666 1420 Pauli
1699 1387 1919 1429 apostolorum

1182 1444 1250 1476 eius
1276 1443 1464 1475 auctoritate
1490 1440 1610 1480 confisi,
1631 1439 1779 1473 omnibus
1806 1443 1838 1471 et
1855 1438 1921 1471 sin-

1183 1497 1266 1540 gulis
1284 1497 1453 1538 utriusque
1471 1504 1563 1527 sexus
1581 1492 1847 1525 christifidelibus
1866 1502 1921 1524 ve-

1183 1561 1217 1582 re
1246 1548 1491 1592 poenitentibus
1513 1552 1544 1578 et
1568 1545 1745 1585 confessis,
1771 1556 1808 1577 ac
1831 1545 1922 1577 sacra

1184 1602 1411 1635 communione
1444 1599 1585 1639 resectis,
1624 1598 1678 1642 qui
1712 1598 1852 1640 aliquam
1884 1607 1921 1629 ex

1185 1655 1332 1688 ecclesiis
1358 1660 1421 1686 tam
1447 1653 1582 1685 fratrum
1606 1651 1703 1684 etiam
1719 1651 1922 1683 Excalceato-

1184 1719 1256 1741 rum
1277 1718 1372 1751 quarn
1398 1705 1577 1739 monalium
1602 1704 1677 1737 dicti
1701 1704 1829 1737 Ordinis
1854 1704 1924 1736 hac-

1186 1767 1280 1794 tenus
1298 1760 1413 1793 erectis
1442 1765 1474 1792 et
1491 1759 1523 1791 in
1541 1759 1682 1791 futurum
1707 1757 1924 1800 quandocum-

1187 1825 1249 1857 que
1276 1813 1461 1855 erigendis,
1500 1823 1535 1844 ac
1557 1811 1751 1853 ubicumque
1776 1812 1924 1844 locorum

1188 1867 1407 1905 existentibus,
1424 1867 1454 1898 in
1469 1865 1658 1898 eorumdem
1671 1869 1852 1896 sanctorum
1867 1864 1925 1895 Au-

1188 1920 1306 1963 gustini
1325 1926 1356 1952 et
1375 1919 1526 1957 Monimo,
1545 1929 1581 1950 ae
1601 1916 1723 1949 Nicolai
1741 1915 1926 1948 Tolentina-

1191 1974 1228 2006 tis
1247 1979 1279 2006 et
1294 1973 1435 2005 Thoinae
1453 1972 1491 2004 de
1508 1970 1672 2003 Villanova
1693 1969 1783 2001 festis
1802 1968 1925 2007 diebus,

1190 2036 1317 2060 necnon
1335 2025 1385 2057 die
1406 2035 1461 2057 xui
1483 2022 1678 2061 novembris,
1698 2032 1761 2064 qua
1781 2021 1926 2054 omnium

1191 2085 1373 2112 sanctoruni
1397 2077 1525 2110 Ordinis
1550 2076 1707 2119 praedicti
1733 2085 1926 2107 commemo-

1191 2133 1273 2165 ratio
1299 2132 1417 2163 ibidem
1435 2129 1504 2162 fieri
1529 2130 1623 2168 solet,
1644 2140 1661 2160 a
1679 2128 1791 2171 primis
1814 2138 1927 2170 vespe-

1192 2186 1233 2217 ris
1259 2194 1360 2227 usque
1386 2183 1423 2215 ad
1450 2192 1599 2215 occasum
1624 2181 1702 2213 solis
1729 2181 1852 2213 dierum
1872 2181 1928 2212 hu-

1191 2236 1342 2275 iusmodi,
1369 2235 1460 2268 annis
1481 2233 1618 2276 singulis
1644 2233 1759 2265 devote
1785 2233 1927 2266 visitave-

1191 2290 1266 2330 rint,
1289 2295 1320 2321 et
1336 2288 1379 2320 ibi
1398 2298 1457 2331 pro
1475 2286 1725 2320 christianorum
1742 2286 1928 2329 principum

1193 2342 1376 2381 concordia,
1391 2341 1562 2373 haeresum
1576 2338 1800 2382 extirpatione,
1813 2350 1849 2371 ac
1862 2350 1930 2372 san-

1192 2401 1259 2428 ctae
1277 2394 1383 2427 Matris
1399 2393 1559 2426 Ecclesiae
1585 2392 1780 2425 exaltatione
1799 2392 1869 2435 pias
1890 2392 1929 2425 ad

1191 2449 1292 2481 Deum
1307 2457 1421 2490 preces
1439 2445 1624 2485 effuderint,
1640 2456 1703 2488 quo
1721 2445 1773 2478 (lie
1791 2456 1827 2478 ex
1842 2456 1931 2488 prae-

1193 2501 1264 2534 fatis
1285 2500 1317 2533 id
1338 2499 1473 2542 egerint,
1488 2498 1667 2541 plenariam
1693 2497 1837 2530 omnium
1857 2508 1931 2541 pec-

1194 2559 1337 2587 catorum
1357 2562 1488 2585 suorum
1505 2551 1739 2594 indulgentiam
1760 2557 1791 2584 et
1816 2551 1931 2584 remis-

1195 2606 1319 2639 sionem
1356 2604 1613 2638 misericorditer
1638 2604 1670 2636 in
1694 2603 1830 2637 Domino
1856 2613 1931 2637 con-

1922 234 1972 262 An.
1988 233 2017 262 C.
2040 235 2103 262 1671
