2279 3260
651 394 923 476 INDEX
991 395 1593 479 RUBRICARUM

859 538 1410 596 CONSTITUTIONUM

703 651 1129 708 CLEMENTIS
1185 651 1435 708 PAPAE
1491 652 1542 708 X.

528 759 582 787 AB
616 758 728 789 ANNO
761 759 887 788 PRIMO
920 760 974 788 AD
1007 759 1152 789 ANNUM
1185 760 1391 789 SEPTIMUM
1424 761 1474 789 ET
1509 761 1704 791 L'LTIML'M.

345 1132 368 1163 I.
397 1130 601 1164 Canonizatio
624 1131 655 1164 S.
684 1131 767 1164 Petri
787 1131 826 1164 de
845 1132 1015 1165 Alcantara
1035 1132 1093 1165 Or-

437 1183 520 1216 dinis
545 1183 703 1217 Minorum
730 1184 831 1217 sancti
850 1184 1010 1217 Francisci
1031 1184 1095 1218 Dis-

438 1237 668 1277 calceatoi'uin,
696 1237 726 1270 t.

350 1290 385 1322 Il.
414 1290 504 1323 Bulla
528 1292 594 1324 sive
620 1291 744 1324 litterae
769 1292 946 1325 decretales
964 1292 1094 1325 eanoni-

438 1342 571 1376 zationis
607 1344 638 1376 S.
672 1343 788 1377 Mariae
822 1344 1029 1386 Magdalenae
1055 1345 1094 1378 dc

438 1395 542 1429 I‘azzis
563 1396 692 1429 Ordinis
723 1398 757 1430 B.
785 1398 823 1430 M.
852 1398 886 1430 V.
916 1398 955 1431 de
990 1399 1095 1431 Monte

437 1448 599 1489 Carmelo,
627 1460 723 1492 quam
750 1450 896 1484 Clemens
922 1450 961 1484 lx
987 1451 1096 1484 Ponti-

438 1502 487 1534 I'cx
512 1502 666 1535 Maximus
691 1506 755 1536 una
780 1514 853 1537 cum
879 1505 913 1537 B.
942 1505 1035 1537 Petro
1056 1506 1096 1538 de

438 1556 608 1589 Alcantara
640 1557 831 1590 Sanctorum
866 1558 1012 1601 catalogo
1042 1560 1097 1592 ad-

438 1608 589 1651 scripsit,
626 1620 643 1642 a
673 1609 727 1643 SS.
761 1609 925 1644 Clemente
951 1611 978 1644 X
1003 1621 1094 1655 expc-

438 1661 515 1701 dita,
543 1662 597 1694 tt.

349 1715 398 1747 III.
428 1714 566 1755 ludmila,
587 1716 709 1758 gratiae
728 1722 758 1749 et
778 1717 944 1760 privilegia
970 1719 1096 1751 concla-

438 1767 548 1807 vistis‚
575 1768 630 1811 qui
666 1769 696 1801 in
729 1770 871 1803 conclavi
898 1771 1092 1812 adsuerunt,

437 1821 569 1864 quando
587 1821 627 1854 ad
646 1822 869 1865 pontificatum
891 1823 949 1856 I'uit
968 1830 1096 1858 evectas

438 1882 600 1913 concessa,
629 1874 682 1908 22).

350 1926 397 1959 IV.
427 1926 639 1961 Confirmatio
664 1930 878 1972 quarumdam
898 1932 1096 1965 constitutio-

439 1990 516 2013 num
551 1991 610 2023 pro
642 1982 901 2025 Congregatione
940 1985 1095 2019 Missionis

440 2033 472 2065 in
506 2041 666 2068 conventu
695 2037 837 2078 generali
872 2037 976 2071 dictae
1008 2039 1091 2072 Con-

439 2087 636 2128 gregationis
663 2088 831 2129 factarum,
856 2096 884 2123 et
910 2101 927 2123 a
952 2091 1095 2134 particu-

437 2139 495 2171 lari
508 2141 758 2182 congregatione
773 2143 992 2185 praelatorum
1008 2143 1095 2177 iussu

438 2192 491 2226 SS.
520 2193 691 2227 Clementis
724 2195 759 2228 IX
792 2196 966 2229 rerisarum
1002 2203 1033 2230 et
1065 2208 1095 2231 e-

441 2246 677 2287 mendatarum,
702 2259 773 2281 cum
801 2249 927 2282 illarum
951 2250 1097 2283 insertio·

440 2309 491 2338 ne,
519 2298 572 2332 34.

351 2350 386 2383 V.
415 2351 624 2386 Confirmatio
658 2354 901 2397 pririlegiorum
934 2362 965 2389 et
989 2356 1096 2389 indul-

439 2404 619 2445 gentiarum
642 2417 701 2449 pro
728 2408 876 2441 tratribus
894 2408 1022 2442 Ordinis
1042 2409 1096 2442 Mi-

439 2467 554 2489 norum
580 2459 680 2492 sancti
710 2460 870 2494 Francisci
909 2461 948 2494 dc
981 2462 1096 2495 Obser-

439 2512 545 2544 x-antia
571 2511 602 2543 in
626 2512 852 2554 Terrasancta,
880 2515 1015 2558 aliisque
1040 2517 1094 2559 qui

440 2563 558 2596 dictam
587 2569 702 2597 terram
729 2566 885 2607 incolunt,
909 2574 965 2601 aut
985 2568 1023 2601 οὐ
1043 2569 1095 2602 de-

439 2615 575 2649 votionis
600 2620 695 2651 causa
720 2621 980 2663 peregrinantur,
1008 2623 1060 2654 35³.

1147 1133 1194 1166 vl.
1223 1133 1434 1167 Confirmatio
1456 1135 1573 1178 prloris
1598 1136 1768 1177 generalis,
1787 1141 1817 1169 et
1838 1137 1895 1169 ‹Ie-

1235 1192 1357 1219 cretum
1379 1187 1419 1220 de
1435 1187 1656 1220 assistentibus
1674 1188 1803 1221 Ordinis
1818 1189 1896 1221 Issea-

1236 1245 1286 1272 tae
1311 1239 1428 1273 Mariae
1452 1240 1491 1273 de
1511 1240 1616 1273 Monte
1636 1240 1781 1274 Carmelo
1809 1251 1898 1273 man-

1236 1292 1290 1325 dat
1313 1292 1466 1336 suspendi
1504 1303 1606 1336 usque
1630 1293 1669 1326 ad
1694 1293 1782 1326 aliud
1811 1296 1895 1327 Iutu-

1237 1356 1308 1378 rum
1331 1346 1507 1389 capitulum
1534 1346 1694 1388 generale,
1723 1345 1772 1379 2¹⁷).

1149 1398 1209 1431 ΥΙΙ.
1237 1398 1427 1440 privilegia,
1455 1400 1675 1443 exemptiones
1709 1406 1739 1433 et
1770 1400 1893 1433 indulta

1237 1451 1409 1494 dapiferis,
1437 1451 1492 1495 qui
1519 1452 1550 1484 in
1576 1453 1718 1486 conclavi
1744 1463 1821 1485 suae
1846 1464 1896 1486 as-

1236 1505 1429 1548 sumptionis
1446 1505 1476 1539 S.
1494 1506 1529 1538 It.
1551 1506 1584 1538 Ε.
1603 1506 1821 1539 cardinalibus
1847 1507 1896 1539 in-

1236 1558 1425 1598 servierunt,
1454 1568 1617 1599 concessa,
1644 1559 1698 1592 liz).

1149 1611 1224 1645 x'111.
1254 1611 1415 1645 Indultum
1444 1612 1482 1644 de
1508 1612 1616 1645 officio
1641 1613 1741 1646 sancti
1762 1614 1895 1647 Franci-

1239 1665 1284 1698 sci
1303 1665 1430 1698 Xaverii
1449 1665 1480 1697 in
1495 1665 1658 1698 Breviario
1675 1666 1734 1699 sub
1756 1667 1820 1699 ritu
1838 1668 1896 1700 du·

1237 1719 1312 1761 pilci
1349 1719 1561 1761 apponendo,
1590 1724 1621 1752 et
1650 1720 1689 1751 ab
1715 1720 1890 1761 omnibus,

1237 1771 1291 1815 qui
1317 1772 1356 1805 ad
1387 1772 1481 1804 horas
1515 1772 1686 1805 canonicas
1717 1777 1891 1813 tenentur,

1236 1825 1276 1858 de
1301 1831 1475 1868 praecepto
1500 1825 1678 1866 recitando,
1707 1825 1758 1858 51.

1148 1878 1200 1911 IX.
1229 1878 1364 1912 Indictio
1391 1879 1521 1911 iubilaci
1551 1878 1741 1912 universalis
1767 1880 1807 1913 ad
1833 1880 1894 1912 im-

1235 1931 1429 1974 plorandum
1457 1931 1600 1964 divinum
1619 1932 1774 1965 auxilium
1802 1933 1895 1966 initio

1237 1985 1285 2018 sui
1311 1985 1517 2028 pontificatus
1536 1995 1595 2028 pro
1612 1985 1744 2018 salutari
1763 1992 1891 2019 sanctae

1237 2038 1396 2071 Ecclesiae
1422 2038 1599 2071 catholicae
1626 2038 1792 2080 regimine,
1815 2039 1869 2072 502.

1147 2091 1182 2124 X.
1212 2091 1405 2124 Constitutio
1423 2091 1454 2123 in
1481 2102 1543 2134 qua
1569 2092 1766 2133 regularium
1792 2093 1893 2135 privi-

1238 2144 1337 2186 legia,
1370 2145 1476 2187 quoad
1504 2145 1776 2187 praedicaticnci‘n
1804 2146 1893 2179 verbi

1238 2197 1292 2230 Dei
1317 2203 1348 2230 et
1372 2197 1564 2230 sacramenti
1592 2197 1810 2231 I’ocnitentiae
1838 2199 1894 2231 ad-

1239 2250 1520 2291 ministrationem,
1541 2251 1758 2291 declarantur,
1786 2250 1838 2283 55.

1148 2304 1197 2337 XI.
1219 2304 1381 2337 Indultum
1400 2315 1588 2338 concessum
1608 2304 1731 2338 clericis
1746 2315 1894 2338 camerae

1237 2349 1444 2400 apestolicae,
1466 2363 1529 2390 tam
1552 2357 1773 2401 praesentibus
1794 2368 1890 2401 quam

1238 2410 1364 2449 suturis,
1382 2411 1526 2453 gestandi
1541 2411 1640 2453 galeri
1655 2411 1895 2451 redimiculum,

1238 2464 1373 2496 cordonc
1398 2464 1574 2506 vulgariter
1590 2470 1823 2507 nuncupatum,
1843 2474 1894 2497 co-

1237 2517 1314 2550 loris
1338 2517 1471 2550 violacei
1494 2517 1524 2549 in
1544 2517 1803 2561 quibuscumque
1822 2518 1893 2551 fun-

1237 2570 1397 2602 ctionibus
1410 2575 1441 2603 et
1463 2570 1585 2603 actibus
1610 2570 1746 2613 publicis
1772 2576 1799 2603 ct
1827 2571 1895 2613 pri-

1236 2623 1326 2663 vatis,
1356 2622 1407 2655 5¹4).
