2279 3260
200 239 251 264 Λη.
270 239 297 263 c.
317 235 383 265 1⁶73
429 228 492 263 tta

252 929 387 952 Exponit-itur

204 955 303 976 Clementi
314 954 339 975 tx
351 954 387 974 ttu-

204 981 239 1002 lua
254 987 277 1001 ex
289 984 349 1005 part„¹
359 987 386 999 vi-

205 1008 309 1027 cantorum
339 1012 389 1032 ..po-

204 1034 333 1054 stulti-orum.

978 236 1156 262 nummum
1180 219 1331 261 neumam

394 298 542 320 normam
576 288 756 328 tradamus,
784 293 829 327 et,
855 285 988 319 sublatis
1024 283 1131 317 dubiis
1173 283 1433 326 praepositorum
1449 284 1610 324 destinati,
1625 284 1678 327 qni
1698 282 1907 315 missionibus

393 346 489 383 atque
508 341 746 380 controversiis,
764 351 846 383 quae
864 340 948 371 inter
963 336 1132 381 operarios

395 394 426 426 in
452 393 579 426 vineam
603 393 730 426 Domini
753 392 879 431 missos,
905 391 936 423 in
961 393 1061 433 eaque
1083 400 1132 421 sc-

395 446 470 479 dulo
497 446 683 479 laborantes
710 445 830 483 enasci,
856 444 1051 485 illorumque
1088 442 1133 474 la-

396 498 492 531 bores
517 503 548 530 et
573 499 720 531 laborum
746 498 884 529 fructum
918 496 1048 527 turbare
1081 494 1132 526 vel

398 551 555 593 impedire
580 555 725 593 possent,
752 548 859 581 omnia
880 548 931 591 pie
957 551 1132 589 sancteque

398 604 572 647 (quantum
610 602 764 635 Dominus
802 602 925 633 donare
962 599 1132 641 dignatur)

398 658 568 700 disponere
587 661 778 697 satagamus,
796 664 859 697 quo
882 652 984 696 optati
1002 657 1135 694 surgant

396 709 611 742 benedicente
636 707 772 740 Domino
799 708 927 746 fructus,
950 716 986 738 ac
1005 705 1043 737 ad
1070 715 1135 736 ma-

397 762 560 794 turitatem
585 760 815 803 perducantur,
842 763 1016 800 sanctaque
1037 756 1136 788 Mater

397 814 539 846 Ecclesia
573 812 778 844 uberioribus
818 816 912 854 atque
944 809 1134 842 laetioribus

398 867 429 898 in
448 866 516 899 dies
534 865 673 908 gandeat
691 864 914 897 incrementis.

442 920 456 962 ἓ
485 918 537 951 10.
570 918 646 950 Cum
679 917 786 960 itaque
812 916 914 959 <sicut
945 914 1137 948 venerabilis

399 974 496 1005 frater
520 970 710 1004 Franciscus
736 969 906 1013 episcopus
930 968 1137 1011 Heliopolita-

399 1036 467 1065 nus,
489 1023 625 1057 vicarius
652 1024 852 1067 apostolicus
878 1022 911 1055 in
935 1032 1035 1064 regno
1054 1021 1138 1053 Tun-

400 1077 488 1110 chini
507 1087 578 1110 cum
603 1075 881 1109 administratione
898 1074 1137 1118 provinciarum

399 1130 491 1163 Sinae
516 1129 593 1162 huic
616 1138 716 1170 regno
741 1126 968 1165 adiacentium,
989 1125 1139 1158 videlicet

398 1183 528 1221 lunam,
555 1180 734 1220 Qnerikeu,
760 1179 953 1221 Hucquang,
980 1177 1136 1217 Succuen,

398 1234 550 1277 Qnangsii
568 1239 599 1266 et
620 1234 711 1271 Laos,
733 1244 749 1264 a
776 1232 876 1264 felicis
902 1231 1138 1264 recordationis

399 1287 580 1321 Alexandro
608 1286 666 1318 PP.
690 1285 739 1317 t'tt
757 1285 1010 1328 praedecessore
1028 1290 1137 1317 nostro
1158 1281 1159 1305 1

399 1341 589 1374 constitutus
615 1344 646 1371 ct
672 1339 855 1381 deputatus,
882 1342 946 1369 tarn
967 1347 1023 1369 suo
1042 1347 1137 1380 quam

399 1392 592 1426 venerabilis
617 1392 739 1435 pariter
764 1390 870 1422 fratris
896 1390 983 1422 Petri
1012 1390 1160 1433 episco-,

400 1446 433 1490 pi
458 1445 653 1488 Berytensis,
668 1443 778 1475 vicarii
809 1443 980 1486 apostolici
1005 1442 1160 1475 Coelan-1

400 1498 516 1531 chinae
541 1507 614 1529 cum
640 1495 919 1528 administratione
952 1495 1140 1538 infrascrip-

400 1556 504 1583 tarum
544 1549 783 1592 provinciarum
823 1548 917 1580 Sinae
935 1574 942 1587 ,
990 1547 1140 1580 videlicet

400 1602 572 1643 Cechiang‚
595 1600 750 1639 Fochien,
769 1600 965 1647 gttantttmg,
988 1599 1139 1639 Chiamsi,

400 1655 527 1687 insulae
552 1654 697 1696 Haynan,
723 1658 754 1685 et
784 1652 920 1685 aliarum
946 1653 1137 1691 insularum,

401 1713 499 1752 atque
514 1708 609 1740 etiam
625 1706 767 1750 episcopi
781 1705 1047 1749 Metellopolitani
1065 1716 1140 1738 con-

402 1760 519 1794 secrati
552 1765 607 1792 aut
643 1770 714 1792 mox
758 1758 992 1799 consecrandi,
1029 1758 1140 1791 vicarii

402 1812 572 1857 apostolici
597 1811 741 1844 Nanchin
774 1812 805 1843 in
835 1811 910 1844 Sina
943 1822 1016 1844 cum
1041 1811 1140 1844 admi-

402 1865 596 1899 nistratione
614 1863 851 1908 provinciarum
869 1864 999 1903 Pecliin,
1018 1864 1137 1898 Xansii,

402 1919 566 1960 Xantung,
592 1917 716 1957 Honan,
735 1915 859 1956 Xensii‚
879 1915 998 1949 Coreae
1018 1921 1050 1949 et
1066 1916 1140 1948 Tar-

405 1971 513 2011 tariae,
529 1971 568 2003 ab
602 1971 717 2003 eodem
742 1970 925 2003 Alexandro
953 1970 1141 2013 praedeces-

404 2035 475 2057 sore
500 2023 622 2067 pariter
648 2023 907 2063 constitutorum,
935 2034 1005 2056 cum
1031 2029 1141 2055 exten-

1173 334 1294 367 ibidem
1328 336 1388 368 sub
1425 337 1607 370 directione
1640 346 1771 369 suorum
1799 345 1908 378 respe-

1174 387 1255 420 ctive
1286 388 1548 431 praepositorum
1585 395 1638 421 aut
1673 389 1908 432 praefectorum

1175 450 1308 482 operam
1332 445 1464 482 navant;
1492 452 1671 485 eorumque
1693 440 1851 480 nonnulli,
1875 445 1911 472 ut

1174 492 1378 525 necessarios
1421 494 1588 535 operarios
1635 494 1910 537 multiplicarent,

1175 546 1301 589 aliquos
1327 557 1362 579 ex
1389 547 1637 579 ferventioribus
1658 546 1831 590 neophytis
1863 556 1912 578 ca-

1176 598 1330 631 techistas
1357 597 1536 639 effecerint,
1563 598 1717 641 illosque¹
1736 598 1795 631 sibi
1821 609 1913 631 suae-

1176 661 1239 693 que
1266 650 1435 683 directioni
1457 651 1648 694 quibusdam
1669 651 1750 684 votis
1775 650 1913 683 adstrin-

1176 703 1301 743 xerint3
1327 703 1483 746 praedicti
1519 713 1596 736 vero
1632 703 1777 746 episcopi
1802 703 1912 736 vicarii

1178 755 1344 799 apostolici
1379 755 1548 788 humiliter
1572 766 1589 788 a
1613 755 1707 788 nobis
1732 757 1915 798 postulave-

1178 808 1250 848 rint,
1276 813 1311 840 ut
1334 808 1525 841 auctoritate
1543 807 1637 840 nobis
1655 818 1672 840 a
1696 807 1831 841 Domino
1857 813 1915 840 tra-

1179 861 1246 893 dita
1271 861 1446 894 decernere
1480 866 1574 904 atque
1605 860 1769 894 declarare
1805 860 1916 903 digna-

1178 924 1307 946 rumur:

1222 965 1254 998 1Ω
1280 967 1327 998 An
1356 966 1463 1010 aliqua
1492 966 1533 998 sit
1563 966 1648 999 inter
1675 965 1813 999 vicarios
1839 975 1916 1009 apo—

1179 1019 1309 1052 stolicos
1345 1024 1377 1051 et
1401 1020 1568 1061 regulares
1593 1019 1779 1061 praedictos
1803 1019 1917 1051 subor-

1181 1071 1314 1111 dinatio,
1331 1076 1363 1103 et
1386 1071 1419 1103 in
1445 1071 1561 1114 quibus
1588 1070 1621 1103 hi
1647 1070 1685 1103 ab
1710 1070 1774 1103 illis
1796 1071 1917 1114 depen-

1181 1125 1257 1157 dere
1284 1124 1442 1157 debeant:

1224 1177 1256 1209 02⁰
1282 1177 1329 1209 An
1354 1176 1549 1209 catechistae
1580 1187 1639 1220 per
1664 1181 1737 1209 vota
1761 1175 1918 1218 regulari-

1179 1229 1240 1261 bus
1258 1229 1340 1261 sacta
1365 1228 1545 1261 eximantur
1573 1239 1589 1261 a
1618 1227 1843 1261 iurisdictione
1861 1236 1916 1261 eo-

1181 1282 1327 1314 rumdem
1344 1281 1534 1317 vicariorum
1554 1281 1826 1323 apostolicorum:

1223 1335 1304 1377 511.
1324 1334 1398 1374 Nos,
1415 1334 1621 1366 attendentes
1639 1343 1677 1365 co
1695 1333 1915 1376 potisssimum

1179 1451 1262 1481 nam,
1288 1439 1419 1472 Sianum
1444 1444 1475 1472 et
1499 1438 1561 1471 alia
1587 1439 1691 1471 vicina
1714 1449 1817 1481 regna
1844 1438 1917 1471 mis-

1179 1504 1233 1526 sos
1265 1493 1375 1536 ibique
1413 1491 1606 1525 constitutos
1642 1502 1712 1524 esse
1749 1491 1918 1534 episcopos

1159 1545 1313 1578 'vicarios
1347 1544 1562 1588 apostolicos,
1589 1549 1625 1576 ut
1661 1554 1697 1576 ex
1730 1543 1916 1576 christianis

1178 1599 1341 1641 indigenis
1380 1609 1437 1630 seu
1470 1597 1584 1630 incolis
1615 1597 1743 1630 illarum
1777 1597 1916 1640 partium

1179 1652 1427 1684 instituerentur
1452 1650 1561 1683 clerici
1595 1655 1628 1683 et
1652 1650 1846 1691 sacerdotes,
1871 1660 1916 1689 ac,

1180 1709 1348 1738 crescente
1373 1703 1435 1736 fide
1472 1703 1681 1746 fideliumque
1703 1713 1851 1743 numero,
1872 1703 1919 1735 di—

1180 1757 1336 1801 sciplinae
1376 1756 1615 1789 ecclesiasticae
1651 1767 1728 1789 usus
1763 1756 1917 1799 paulatim

1180 1811 1463 1850 i11troduceretur;
1490 1809 1800 1852 considerantesque
1818 1820 1853 1841 ex
1875 1809 1918 1841 in-

1182 1863 1401 1908 dependentia
1414 1863 1629 1906 plurimorum
1647 1862 1868 1906 operariorum
1884 1862 1916 1894 in

1181 1917 1296 1950 iisdem
1331 1916 1422 1956 locis,
1443 1916 1616 1959 praecipue
1656 1925 1727 1947 cum
1764 1925 1781 1947 a
1805 1914 1919 1947 Sancta

1180 1970 1262 2003 Sede
1287 1969 1350 2001 sint
1373 1974 1507 2008 remota,
1526 1968 1603 2000 oriri
1628 1968 1720 2000 facile
1744 1978 1840 2010 posse
1858 1967 1919 2000 dis-

1181 2023 1360 2063 sensiones,
1377 2022 1471 2062 rian,
1492 2021 1667 2054 divisiones
1686 2026 1718 2053 et
1741 2020 1918 2053 schismata

1917 233 1966 260 Aa.
1984 233 2001 257 Γ,
2032 233 2099 260 46Ἲ3

1978 1345 2112 1371 Rogntarinm

1179 1388 1241 1420 fine
1268 1388 1298 1419 in
1324 1386 1450 1426 Sinam,
1471 1386 1697 1426 Tunchinum,
1725 1385 1917 1419 Cochinchi-
1927 1372 2112 1424 {5¹3¹{ii3220i1¹0⁰·³22

405 2077 496 2109 sione
520 2074 808 2108 administrationis
826 2074 903 2107 dicti
922 2075 1064 2118 episcopi
1079 2075 1141 2108 ΜΘ.-
1182 2078 1213 2110 in
1250 2076 1446 2110 christianae
1478 2073 1646 2117 religionis
1688 2074 1917 2106 detrimentum

405 2128 621 2172 tellopolitani
658 2128 697 2160 ad
729 2127 889 2160 civitatem
928 2127 1056 2160 Juthiae
1094 2133 1142 2160 to-
1161 2142 1162 2148 ¹
1182 2136 1277 2173 atque
1299 2128 1475 2172 perniciem
1499 2132 1665 2170 eruptura,
1691 2126 1752 2159 nisi
1777 2127 1841 2159 illis
1855 2137 1917 2159 ma-

406 2188 539 2225 tumque
575 2181 659 2213 Siani
692 2190 828 2222 regnum
865 2191 881 2212 a
914 2180 1008 2213 nobis
1038 2191 1142 2224 nuper
1183 2187 1250 2217 ture
1274 2187 1479 2221 ocem-ratum
1505 2181 1544 2213 de
1573 2186 1823 2213 memoratorum
1849 2191 1918 2213 car-

406 2235 507 2274 sacta,
533 2233 718 2266 nominibus
737 2260 743 2273 ,
776 2233 869 2265 nobis
901 2233 1020 2276 exponi
1054 2234 1140 2277 fecit)
1183 2236 1338 2270 dinalium
1355 2233 1503 2273 consilio,
1522 2233 1709 2266 auctoritate
1728 2233 1916 2276 apostolica,

407 2287 415 2304 ¹
440 2287 473 2320 in
502 2286 594 2320 dictis
622 2286 730 2329 regnis
767 2292 799 2319 et
834 2286 1009 2330 provinciis
1041 2298 1142 2330 repe—

406 2341 530 2374 riantur
562 2342 760 2372 ‹tiversornm
793 2339 949 2372 Ordinum
973 2340 1139 2383 religiosi,

410 2399 471 2426 tam
506 2404 520 2425 a
546 2392 610 2424 suis
638 2392 816 2435 respective
843 2392 1062 2435 superioribus
1088 2404 1142 2436 ge-

409 2446 587 2486 neralibus,
603 2456 697 2488 quam
723 2456 740 2477 a
764 2444 1023 2487 Congregatione
1048 2457 1142 2479 vene-

408 2500 558 2533 rabilium
590 2499 721 2531 fratrum
758 2503 942 2530 nostrorum
977 2498 1007 2531 S.
1040 2499 1078 2531 R.
1105 2499 1139 2532 E.

408 2551 622 2587 cardinalium
642 2551 780 2594 negotiis
804 2551 1035 2594 Propagandae
1053 2552 1142 2585 Fidei

444 2616 455 2647 1
478 2613 641 2641 Particulam
657 2613 731 2648 quod
746 2612 808 2640 hinc
825 2612 965 2640 abiicimus
979 2613 1018 2648 (a.
1039 2613 1088 2649 T.).

1184 2295 1295 2322 tenore
1320 2287 1550 2331 praesentium,
1578 2286 1745 2318 statuimus
1774 2291 1806 2319 et
1830 2286 1918 2319 ordi-

1182 2352 1296 2374 namus
1335 2341 1419 2384 quod
1451 2338 1606 2382 praedicti
1638 2338 1780 2382 episcopi
1808 2339 1917 2372 vicarii

1183 2393 1355 2438 apostolici
1380 2393 1419 2425 ab
1444 2392 1593 2425 omnibus
1618 2397 1650 2425 et
1674 2392 1811 2434 singulis
1842 2391 1918 2425 reli-

1184 2447 1282 2490 giosis
1308 2445 1482 2479 cuiuslibet
1497 2444 1638 2485 Ordinis,
1658 2445 1919 2487 congregationis

1184 2506 1216 2533 et
1250 2499 1405 2539 instituti,
1432 2498 1528 2531 etiam
1563 2497 1730 2531 Societatis
1766 2498 1859 2539 lesu,
1885 2498 1918 2530 in

1220 2572 1232 2596 1
1254 2569 1324 2596 Male
1344 2569 1371 2595 in
1398 2569 1456 2597 loco
1476 2568 1604 2605 parallelo
1625 2568 1738 2604 legimus
1759 2576 1820 2595 cum
1839 2567 1918 2597 Maia.

1184 2614 1293 2649 illaque
1312 2619 1348 2649 (a.
1365 2614 1413 2646 T.)-
