2279 3260
226 248 274 273 Λιι.
296 249 323 274 11.
350 248 414 273 11171
461 240 525 272 47⁶2

1009 245 1186 271 milvinum
1211 242 1274 266 11011
1281 244 1360 266 xxiiii

418 303 449 328 ct
475 297 679 340 requirendi,
701 307 764 329 non
786 301 945 339 parentes,
966 295 1150 326 f1·andant‹·s
1171 291 1173 305 ”
1194 295 1274 330 ctos,
1299 301 1358 333 per
1380 301 1425 330 se,
1444 292 1492 324 vel
1512 291 1619 328 alium,
1641 302 1697 323 seu
1715 291 1812 327 alios,
1832 291 1928 322 ctiam

419 356 450 382 ct
474 357 601 383 ceteros
633 356 837 383 contumaces
874 349 904 380 in
936 356 1089 379 censuras
1122 349 1153 375 ct

420 413 540 446 poenas
554 402 734 445 praedictas
749 401 906 439 incidisse,
921 403 1043 431 servata
1055 397 1153 429 forma

421 455 554 488 Concilii
572 455 764 493 Tridentini,
784 451 984 489 declarandi;
1011 448 1155 492 proprie-

422 513 513 547 tates,
540 518 591 539 rcs
618 508 737 539 fructus
765 511 795 537 ct
813 505 873 536 alia
899 504 984 535 bona
1010 502 1154 543 ipsorum

423 560 518 593 etiam
543 570 638 592 manu
664 559 751 600 regia
776 554 1042 599 apprehendendi
1060 558 1091 585 et
1108 563 1158 584 us-

423 623 486 656 qne
518 613 557 644 ad
582 611 774 653 condignam
801 607 1055 640 satisfactionem
1082 604 1158 636 reti-

424 665 546 705 nendi,
573 664 836 702 contradictores,
862 660 1105 705 perturbatores
1128 663 1159 690 et

426 719 564 750 rebelles
590 725 828 759 quoscumque,
856 714 967 755 eisque
993 710 1157 749 auxilium,

427 770 596 803 consilium
615 770 664 801 vcl
680 769 827 805 favorem,
846 765 975 808 publice
991 765 1039 797 vel
1055 763 1161 796 occul-

428 829 467 861 te,
494 821 603 864 quovis
628 820 775 863 quaesito
800 819 911 851 colore
942 820 1158 859 praestantes,

427 875 655 915 cuiuscumque
670 871 848 914 dignitatis,
864 870 980 913 gradus
994 874 1026 902 et
1039 867 1160 901 ordinis

429 925 563 965 fuerint,
596 925 768 967 praedictis
798 923 934 965 aliisque
960 920 1105 954 censuris
1131 924 1162 952 61

428 978 543 1022 poenis
561 977 800 1015 ecclesiasticis,
814 985 941 1008 necnon
956 972 1160 1017 pecuniariis,

429 1030 609 1072 ceterisque
634 1029 712 1061 iuris
744 1034 776 1061 61
801 1028 872 1060 facti
898 1026 1051 1059 remediis
1076 1035 1162 1058 com-

430 1083 584 1128 pellendi,
610 1083 744 1125 illasque
771 1082 867 1114 etiam
893 1079 1016 1113 iteratis
1040 1078 1162 1111 vicibus

430 1135 646 1179 aggravandi·,
673 1134 905 1177 dignitatibus,
932 1131 1099 1165 beneficiis
1133 1136 1165 1163 et

432 1189 544 1223 ossiciis
578 1188 726 1221 omnibus
757 1186 903 1230 privandi
929 1190 961 1218 et
984 1184 1163 1223 amovendi,

433 1243 470 1276 ad
490 1243 596 1274 futura
616 1241 774 1273 inhabiles
792 1239 940 1278 faciendi,
957 1237 1164 1270 interdictum

434 1293 688 1328 ecclesiasticum
713 1290 916 1335 apponendi,
947 1289 1164 1331 auxiliumque

434 1347 557 1380 brachii
589 1345 762 1379 saecularis
793 1343 1059 1387 quandocumque
1085 1352 1166 1384 opus

435 1399 532 1433 fuerit
555 1398 737 1437 invocandi3
763 1389 802 1429 ad
827 1396 998 1428 sanitatem
1022 1404 1098 1427 vero
1117 1404 1167 1426 re-

435 1463 560 1492 versos,
586 1451 639 1494 qui
664 1450 772 1483 debite
797 1447 1025 1487 satisfecerint,
1044 1447 1083 1479 ab
1101 1457 1167 1479 om-

436 1506 529 1539 nibus
554 1503 698 1537 censuris
720 1508 752 1535 et
775 1501 891 1546 poenis
917 1499 1110 1544 supradictis
1135 1500 1165 1531 in

437 1560 537 1592 forma
551 1557 712 1590 Ecclesiae
730 1556 883 1588 consueta
897 1552 1101 1593 absolvendi,
1118 1562 1168 1584 su-

437 1622 494 1655 per
519 1609 755 1652 irregularitate
780 1608 887 1640 forsan
912 1607 1050 1646 incursa,
1079 1606 1169 1638 dum-

438 1663 535 1697 modo
560 1668 666 1694 tamcn
686 1661 718 1694 in
739 1665 926 1703 contemptu
951 1659 1088 1692 clavium
1105 1669 1170 1691 non

439 1715 685 1755 celebraverint,
713 1713 933 1757 dispensandi,
953 1718 984 1745 et
1003 1712 1042 1745 ad
1066 1711 1172 1755 pristi-

1195 342 1382 384 simpliciter
1406 348 1437 376 ct
1463 344 1501 376 de
1521 345 1618 386 plano
1643 354 1678 375 ac
1699 342 1767 375 sinc
1793 343 1929 386 strepitu

1196 400 1226 427 et
1253 396 1352 438 figura
1386 396 1493 429 iudicii
1530 396 1714 440 inquirendi
1752 402 1783 429 et
1807 396 1932 428 meritis

1197 448 1310 490 poenis
1340 448 1517 491 puniendi,
1543 449 1657 482 modos
1689 454 1721 482 ct
1757 450 1874 482 formas
1899 450 1930 481 in

1197 500 1372 542 praedictis
1398 501 1572 534 servandos
1596 501 1852 544 praescribendi,
1880 501 1935 533 du-

1198 552 1250 585 bia
1282 564 1506 596 quaecumque
1539 554 1571 586 in
1603 554 1789 597 praemissis
1825 555 1932 587 forsan

1200 605 1321 638 oritura
1342 606 1537 646 declarandi,
1556 617 1591 639 ac
1616 617 1751 650 prorsus
1776 608 1886 640 onmia
1903 612 1936 640 et

1201 668 1421 700 quaecumque
1447 658 1531 690 circa
1556 668 1592 691 ea
1617 659 1797 691 necessaria
1822 665 1855 691 et
1879 670 1937 702 op-

1202 715 1340 752 portuna
1356 710 1504 749 faciendi,
1520 710 1681 744 statuendi
1697 716 1728 743 et
1745 711 1937 753 exequendi,

1202 763 1326 795 etiamsi
1364 763 1439 795 talia
1471 763 1604 803 forent,
1639 774 1721 806 qnae
1754 764 1937 796 mandatnm

1203 815 1371 857 exigerent
1403 816 1504 857 magis
1534 816 1676 858 speciale
1714 826 1809 858 quam
1846 825 1939 858 prae-

1203 867 1349 901 sentibus
1376 873 1423 901 est
1448 879 1654 911 expressum,
1674 870 1711 900 ea
1735 873 1841 900 tamen
1866 879 1941 901 con-

1204 922 1327 955 ditione
1351 922 1485 962 adiecta,
1503 922 1589 965 quod
1611 923 1804 955 collectores
1825 926 1855 954 et
1872 922 1942 953 sub-

1205 976 1396 1008 collectores
1427 974 1601 1017 deputandi
1635 985 1691 1007 5611
1726 973 1941 1006 substituendi

1206 1027 1409 1068 huiusmodi,
1437 1038 1495 1070 per
1519 1027 1763 1070 deputationem
1787 1037 1844 1059 seu
1870 1027 1943 1059 sub-

1206 1080 1407 1113 stitutionem
1431 1081 1470 1113 de
1499 1091 1610 1112 eorum
1629 1079 1780 1122 personis
1798 1084 1833 1111 111
1849 1088 1943 1123 prae-

1209 1134 1309 1166 fertur
1328 1133 1515 1172 faciendam,
1532 1133 1621 1165 nullo
1639 1132 1736 1165 modo
1748 1136 1944 1165 censeantur

1208 1185 1346 1228 exempti
1380 1197 1397 1218 a
1422 1185 1589 1218 solutione
1621 1184 1715 1217 trium
1747 1184 1943 1218 decimarum

1208 1238 1459 1281 praedictarum,
1483 1249 1561 1281 quas
1583 1237 1707 1270 ratione
1725 1237 1944 1277 ecclesiarum,

1209 1290 1497 1329 monasteriorum,
1525 1289 1756 1322 beneficiorum
1788 1300 1842 1321 seu
1867 1300 1946 1332 pen—

1209 1343 1335 1375 sionum
1349 1353 1407 1386 per
1428 1353 1484 1375 eos
1508 1342 1718 1374 obtentorum
1744 1342 1869 1374 solvere
1895 1342 1948 1374 de-

1210 1394 1361 1429 bebant⁴.

1254 1449 1269 1492 g
1294 1448 1347 1481 11.
1373 1448 1441 1481 Non
1463 1447 1664 1480 obstantibus
1680 1447 1753 1491 piae
1769 1447 2141 1507 m⁰⁰10¹'i³eir3ff?³}ss{.fi⁰‘¹s

1211 1501 1403 1545 praesertim
1434 1500 1523 1533 Pauli
1548 1501 1586 1533 III
1618 1512 1654 1533 ac
1683 1500 1829 1543 Gregorii
1857 1500 2100 1540 xlltfflffldmga.

1213 1555 1337 1598 quibus,
1363 1554 1448 1586 inter
1465 1554 1537 1594 alia,
1558 1559 1697 1594 cavetur,
1723 1554 1810 1597 quod
1835 1553 1945 1586 clerici

1214 1608 1379 1650 regulares
1396 1606 1565 1639 Societatis
1590 1606 1660 1639 Iesu
1679 1617 1697 1639 11
1713 1607 1876 1639 solutione
1895 1606 1948 1638 de-

1214 1660 1369 1692 cimarum
1401 1659 1588 1692 huiusmodi
1620 1659 1759 1702 exempti
1795 1669 1867 1692 esse
1893 1659 1948 1692 de-

1214 1714 1331 1753 beant,
1362 1723 1399 1745 ac
1424 1712 1458 1744 13.
1489 1712 1535 1744 Pii
1565 1712 1588 1742 V
1615 1711 1786 1744 duodecim
1814 1722 1948 1755 congre-

1216 1765 1401 1809 gationibus
1432 1764 1587 1808 praefatis
1619 1775 1655 1797 ex
1688 1764 1781 1798 titulo
1807 1775 1947 1798 oneroso

1929 242 1976 268 ΑηΔ
1999 241 2027 266 C.
2054 239 2121 266 1074

439 1781 515 1802 num
539 1773 657 1801 statum
678 1767 809 1800 omnino
834 1766 1038 1806 restituendi3

273 1827 430 1875 ξιξ-«1111111116
485 1823 499 1865 g
523 1821 575 1853 40.
595 1821 763 1853 Praeterea
780 1820 970 1852 collectores
989 1824 1020 1851 et
1044 1819 1172 1851 subcol-

247 1860 420 1902 issii‘ffhossmubi
442 1877 581 1908 lectores
606 1873 690 1906 viros
713 1872 833 1915 ubique
858 1871 1021 1914 providos,
1047 1882 1082 1903 ac
1110 1871 1172 1904 fide

249 1915 289 1934 11116
309 1908 430 1927 collectores

248 1939 281 1981 ἵὲς
295 1934 422 1984 sgfffifflf
443 1934 475 1960 et
493 1926 696 1959 facultatibus
719 1926 908 1968 locupletes,
926 1930 958 1957 et
976 1926 1122 1966 solertes,
1142 1925 1173 1957 in

249 1979 592 2037 gifflsoffiffiiriogagomnibus
614 1978 802 2018 civitatibus,
829 1978 921 2010 terris
947 1983 978 2010 et
1002 1978 1173 2020 provinciis

249 2039 385 2086 fli-'.c¹f.⁰¹¹t¹'³
399 2031 545 2065 ru-ltalis¹
564 2037 595 2064 et
611 2031 787 2064 insularum
811 2030 858 2063 illi
880 2031 1095 2063 adiacentium
1119 2031 1174 2063 hu-

444 2085 592 2124 iusmodi,
610 2088 769 2127 quotquot
793 2083 908 2116 viderit
931 2084 1085 2127 expediri,
1103 2095 1174 2117 cum

442 2138 539 2171 simili
557 2138 605 2170 vel
623 2136 765 2175 limitata,
784 2146 849 2168 non
874 2141 981 2168 tamen
1006 2137 1174 2169 absolven-

443 2191 486 2230 di,
512 2194 683 2233 potestate,
710 2188 938 2229 constituendi,
960 2199 1098 2232 eumque
1123 2191 1173 2223 vel

442 2254 499 2276 eos
522 2242 589 2275 eius
614 2240 747 2274 arbitrio
773 2239 953 2281 revocandi,
972 2242 1173 2284 negligentes

442 2301 473 2328 61
505 2304 651 2328 morosos
682 2293 886 2334 removendi,
912 2304 948 2326 ac
983 2294 1079 2326 alium
1115 2306 1173 2328 seu

441 2347 523 2380 alios
555 2345 753 2389 subrogandi
788 2346 1053 2389 quotiescumque
1079 2348 1107 2380 ei
1133 2348 1175 2381 vi-

443 2399 581 2439 debitur,
599 2410 634 2431 ac
649 2400 688 2431 ab
707 2399 752 2432 eis
777 2409 955 2442 eorumque
980 2400 1174 2433 haeredibus

444 2457 472 2485 61
501 2452 745 2485 successoribus
771 2451 1058 2485 administrationis
1078 2453 1175 2486 ratio-

441 2516 498 2538 nes
525 2504 684 2547 exigendi,
704 2504 735 2536 in
754 2504 983 2546 delinquentes
1009 2510 1040 2538 et
1063 2516 1175 2549 suspe-

1216 1829 1327 1863 parem
1344 1817 1583 1861 exemptionem
1604 1818 1820 1858 concedentis,
1839 1823 1870 1850 et
1890 1819 1949 1850 Bo-

1217 1871 1325 1905 nifacii
1335 1871 1408 1911 VIII,
1423 1871 1637 1903 Romanorum
1650 1870 1841 1903 Pontificum
1854 1870 1948 1903 etiam

1218 1925 1506 1968 praedecessorum
1524 1929 1728 1964 nostrorum,
1757 1924 1794 1956 de
1819 1926 1892 1964 una,
1918 1929 1950 1956 et

1217 1979 1250 2011 in
1267 1976 1406 2010 concilio
1424 1976 1569 2019 generali
1588 1975 1673 2008 edita
1688 1977 1726 2009 de
1743 1976 1865 2009 duabus
1883 1977 1949 2010 die-

1218 2032 1269 2072 tis,
1289 2036 1321 2063 et
1345 2030 1414 2063 aliis
1438 2029 1623 2073 apostolicis
1649 2029 1948 2071 constitutionibus,

1218 2095 1343 2118 necnon
1385 2083 1614 2123 ecclesiarum,
1651 2083 1947 2125 monasteriorum,

1217 2138 1439 2182 prioratuum,
1463 2135 1626 2175 ominum,
1651 2136 1949 2178 congregationum,

1218 2190 1436 2233 hospitalium,
1453 2188 1638 2221 militiarum
1653 2193 1685 2220 et
1700 2189 1844 2221 locorum
1862 2199 1951 2232 prac-

1218 2243 1385 2282 dictorum,
1405 2242 1593 2281 iuramento,
1612 2240 1856 2273 confirmatione
1875 2252 1951 2284 apo-

1217 2297 1341 2336 stolica,
1367 2296 1419 2328 vel
1444 2294 1555 2338 quavis
1585 2293 1737 2327 firmitate
1762 2294 1823 2327 alia
1854 2295 1952 2327 roho-

1217 2351 1303 2390 ratis,
1330 2349 1457 2382 statutis
1480 2354 1514 2381 et
1534 2348 1833 2390 consuetudinibus,
1854 2348 1952 2381 stabi-

1217 2402 1358 2435 limentis
1373 2429 1380 2441 ,
1418 2401 1530 2434 usibus
1569 2406 1600 2434 et
1640 2401 1763 2435 naturis
1779 2428 1786 2442 ,
1823 2412 1953 2434 necnon

1218 2454 1384 2497 quibusvis
1406 2454 1593 2497 privilegiis,
1613 2454 1761 2495 indultis,
1781 2454 1953 2498 exemptio·

1218 2506 1331 2546 nibus,
1359 2507 1455 2539 etiam
1491 2507 1523 2539 in
1556 2517 1693 2550 corpore
1720 2507 1798 2540 iuris
1824 2507 1952 2547 clausis,

479 2620 489 2648 1
514 2618 621 2645 Videtur
637 2617 776 2653 legendum
793 2617 897 2646 ltaliae
911 2618 948 2653 (tt.
963 2619 1012 2652 1.).
1256 2619 1264 2644 1
1288 2618 1381 2645 Potius
1400 2618 1458 2653 lege
1478 2619 1596 2647 debeant
1612 2621 1648 2656 (R.
1663 2620 1713 2656 τ.).
