2279 3260
165 257 215 283 An.
231 257 261 283 C.
287 259 352 284 1674

357 308 630 349 immunitatibus,
658 310 775 341 litteris
807 308 994 351 apostolicis
1011 335 1018 348 ,
1042 308 1093 340 Or-

358 360 498 400 dinibus,
526 361 844 403 congregationiluis,
870 361 1002 399 militiis,
1028 370 1094 392 mo-

358 413 518 452 nasteriis,
537 414 765 453 conventibus,
782 414 984 456 regularibus
1003 413 1091 452 locis,

358 465 515 507 capitulis,
535 465 757 507 dignitatibus,
778 466 911 509 aliisque
930 465 1092 508 quibusvis

358 517 508 559 personis
534 519 750 561 supradictis,
782 524 845 551 tam
874 518 1093 552 saecularibus

358 580 453 612 quam
486 571 703 612 regularibus,
732 571 927 614 generaliter
950 572 1001 603 vel
1025 580 1094 612 spc-

358 621 502 661 cialiter,
527 623 587 655 sub
615 634 816 666 quacumque
842 625 944 657 fornia
970 628 1002 656 et
1026 634 1094 655 ver-

357 675 471 706 bomm
489 675 697 718 expressione
715 677 754 709 ab
772 677 882 710 eadem
897 677 976 709 Sede
998 677 1094 709 etiam

359 737 395 759 ex
415 729 511 759 causa
534 729 726 761 concordiae
752 735 806 761 aut
824 728 1094 762 remunerationis

358 779 509 812 laborum
534 781 584 813 vel
611 780 703 813 titulo
722 791 870 820 oneroso,
889 786 941 813 aut
960 780 1036 813 alias
1057 790 1093 811 ex

359 831 502 874 qualibet
533 833 595 864 alia
619 835 713 865 causa
739 834 835 866 etiam
867 834 918 865 hic
943 844 1008 865 non
1034 843 1091 864 ex-

358 885 470 926 pressa
503 889 535 916 et
567 885 753 918 necessario
788 885 1005 928 exprimenda,
1021 895 1095 916 con-

359 936 474 976 cessis,
500 937 687 980 approbatis
713 942 744 970 et
769 938 948 978 innovatis;
976 938 1093 980 quibus

359 989 510 1021 omnibus
545 995 577 1021 et
611 990 768 1032 singulis,
796 990 922 1022 etiarnsi
955 990 993 1021 de
1029 990 1094 1022 illis

359 1052 538 1083 eorumque
559 1042 634 1074 totis
654 1043 823 1075 tenoribus
848 1043 1007 1086 specialis,
1025 1053 1096 1085 spe-

359 1093 458 1133 cifica,
478 1103 631 1136 expressa
656 1100 687 1127 et
711 1095 886 1135 individua,
903 1106 966 1127 non
987 1100 1095 1127 autem

359 1156 420 1189 per
445 1147 606 1179 clausulas
624 1149 794 1188 generales
812 1147 898 1180 idem
923 1147 1096 1190 importan-

359 1204 426 1239 tes,
453 1199 578 1231 mentio
603 1210 658 1232 seu
688 1200 817 1242 quaevis
841 1200 903 1232 alia
927 1200 1095 1243 expressio

359 1252 510 1285 habenda
538 1257 591 1284 aut
608 1252 715 1295 aliqua
741 1253 803 1285 alia
821 1253 978 1296 exquisita
995 1253 1097 1286 fornia

360 1305 400 1337 ad
427 1305 488 1338 hoc
512 1305 668 1338 servanda
693 1306 795 1346 soret,
821 1310 952 1339 tenores
986 1306 1097 1338 huius-

359 1358 447 1390 modi
465 1368 522 1400 pro
548 1359 644 1401 plene
661 1364 692 1390 et
712 1358 908 1391 sufficienter
933 1359 1095 1401 expressis

361 1415 393 1443 et
418 1411 548 1443 insertis
575 1411 754 1451 habentes,
780 1412 843 1445 illis
877 1412 955 1444 alias
980 1413 1012 1444 in
1038 1423 1096 1445 suo

360 1463 478 1495 robore
503 1464 738 1506 permansuris,
754 1465 814 1496 bac
834 1464 901 1497 vice
926 1465 1095 1504 dumtaxat,

360 1516 475 1548 harum
499 1515 582 1548 serie
609 1516 764 1549 latissime
791 1523 822 1549 et
846 1517 1032 1560 plenissime
1061 1529 1097 1549 ac

361 1567 546 1610 specialiter
563 1573 595 1600 et
619 1579 772 1611 expresse
791 1569 1000 1612 derogamus;
1020 1581 1098 1602 eon-

361 1620 466 1653 trariis
491 1621 767 1663 quibuscumque;

195 1685 293 1715 neptam
317 1690 352 1715 ec-
407 1673 421 1715 ξ,
450 1673 499 1705 14.
526 1673 704 1715 Quodque¹
734 1673 759 1705 si
788 1674 944 1716 praelatis
970 1679 1001 1706 et
1023 1685 1097 1717 per-

167 1712 264 1763 ffffr's'ssssls
286 1713 451 1758 ¹⁰⁰¹³2lsonis
476 1725 651 1768 praedictis
681 1736 860 1769 eorumque
887 1727 1034 1759 ecclesiis
1067 1733 1096 1771 et

167 1764 441 1821 hfiffff¹³ssllffmssll310cis
460 1779 508 1811 vel
535 1778 698 1821 quibusvis
716 1779 786 1811 aliis
806 1780 1022 1812 communiter
1044 1786 1098 1812 aut

166 1817 489 1868 3532’5-'3'Sss'p1l32dix-isim
525 1843 542 1863 a
572 1832 715 1874 praefata
747 1832 787 1864 sit
811 1833 891 1865 Sede
918 1833 1095 1873 indultum,

167 1875 198 1888 uis
214 1876 226 1888 a
241 1869 298 1889 dicta
319 1875 352 1888 so·
475 1885 480 1889 .
584 1885 589 1890 .
615 1885 620 1890 .
806 1886 811 1891 .

169 1895 248 1915 lunone
260 1885 447 1928 decima-quod
473 1885 631 1923 interdici,
658 1886 812 1928 suspendi
844 1887 892 1918 vel
918 1897 1099 1919 exeommu-

168 1927 220 1943 rum.
243 1922 304 1942 uihus
317 1927 351 1948 pa-
389 1937 393 1942 .
458 1936 463 1941 .
662 1937 667 1941 .
834 1938 839 1943 .

168 1948 219 1968 ruer
246 1948 324 1974 magar.
363 1948 464 1969 nicari
490 1947 554 1969 non
579 1943 707 1979 possint
730 1948 790 1980 per
819 1939 943 1970 litteras
969 1946 1098 1981 aposto-

360 1990 438 2023 licas
471 2000 537 2022 non
567 1989 722 2022 facientes
759 1992 887 2033 plenam
913 1997 944 2024 et
968 2002 1098 2034 expres-

360 2053 426 2074 sam
445 2053 480 2074 ac
506 2042 544 2074 dc
569 2042 667 2074 verbo
693 2043 732 2075 ad
757 2042 889 2075 verbum
914 2044 953 2076 de
972 2044 1096 2083 indulto

360 2094 556 2134 huiusmodi,
583 2105 711 2127 necnon
736 2095 891 2138 personis,
918 2106 1095 2139 corumque

360 2146 548 2180 nominibus
582 2153 613 2180 et
645 2147 909 2189 cognominibus,
939 2148 1094 2189 ecclesiis,

362 2199 569 2232 monasteriis
603 2205 634 2232 et
667 2199 839 2232 Ordinibus
873 2211 909 2232 ac
933 2201 1012 2233 locis
1038 2202 1097 2234 liu-

362 2252 503 2284 iusmodi
528 2252 784 2293 mentionem,et
812 2253 1009 2296 quibuslibet
1027 2254 1096 2286 aliis

361 2304 560 2348 privilegiis,
587 2305 866 2348 exemptionibus,
892 2305 1098 2338 immunitati-

360 2358 421 2390 bus
446 2357 477 2389 in
504 2368 622 2399 genere
639 2359 688 2390 vel
705 2359 737 2390 in
755 2358 862 2401 specie
881 2360 1097 2401 quandocum-

362 2421 424 2454 que
451 2410 624 2449 concessisy
651 2411 846 2444 confirmatis·
871 2416 903 2444 et
926 2412 1097 2453 innovatis„

361 2464 455 2496 etiam
476 2464 671 2496 solutionem
689 2464 883 2496 decimarum
902 2465 978 2497 alia<
1001 2477 1096 2508 quam

361 2517 537 2549 secundum
573 2517 735 2559 antiquam
772 2523 875 2550 taxam
910 2524 940 2550 et
972 2518 1032 2551 nisi
1067 2520 1097 2551 in

399 2589 408 2611 1
432 2586 525 2612 Potius
554 2586 609 2619 lege
637 2586 693 2612 Aul
715 2586 753 2612 vel
782 2588 872 2621 Atque
899 2596 946 2622 pro
969 2588 1099 2623 Quodque

361 2632 400 2665 (n.
416 2637 464 2662 T.).

451 2684 529 2711 Ball.
555 2684 633 2712 nom.
678 2683 737 2712 1⁷01.
759 2684 863 2711 XVIII.
901 2722 907 2729 Ι
1024 2686 1058 2713 ϋι)

984 260 1126 284 ΕῘΛΕῊΕΝΞ
1150 261 1165 283 X
1192 261 1238 287 1²1¹,

1764 250 1829 282 473
1875 258 1921 283 Α...
1941 258 1969 283 c.
1992 257 2059 282 παπ

1135 308 1307 341 universali
1327 308 1523 341 decimarum
1544 319 1600 350 per
1624 308 1740 339 Orbem
1767 307 1869 349 impo—

1135 360 1251 392 sitione
1279 360 1345 392 licri
1372 359 1634 403 proliilwntilnis,
1656 370 1779 391 necnon
1800 370 1869 401 pru-

1135 412 1353 452 missionibus,
1380 411 1666 455 a]1plieationilms,
1692 410 1870 443 donationi-

1134 464 1202 505 bus,
1229 465 1490 507 obligationibus,
1516 463 1728 502 iuramentis,
1757 474 1869 494 renun-

1117 517 1334 558 ¹ciationibus‚
1361 517 1496 550 vinculis
1523 523 1554 549 et
1581 516 1713 549 cautelis
1740 515 1770 547 in
1795 515 1871 547 assi-

1136 570 1285 611 gnatione
1315 571 1550 613 praedictarum
1569 569 1762 611 pensionum
1782 568 1869 599 lactis

1136 623 1268 665 (quibus
1281 634 1338 665 per
1352 622 1592 665 impositionem
1607 621 1801 653 decimarum
1819 620 1872 651 bu-

1136 674 1274 706 iusmodi
1315 675 1476 706 neminem
1522 673 1645 712 teneri,
1678 684 1782 714 neque
1817 683 1870 703 cas

1136 727 1242 768 quoad
1277 727 1454 769 praemissa
1488 731 1600 758 contra
1637 735 1871 768 quemcumque

1137 780 1240 811 locum
1291 779 1412 811 babere
1458 778 1609 810 similiter
1646 778 1871 816 declaramus),

1136 831 1272 874 aliisque
1302 831 1436 863 indultis
1471 836 1501 863 et
1538 830 1655 862 litteris
1688 828 1873 872 apostolicis

1136 883 1340 925 generalibus
1362 884 1410 915 vel
1431 883 1626 925 specialibus
1644 882 1873 924 cuiuscumque

1136 936 1258 968 tenoris
1285 935 1431 975 existant,
1458 946 1515 978 per
1541 946 1633 978 quae,
1650 934 1872 977 praesentibus

1136 998 1201 1020 non
1226 998 1379 1031 expressa
1404 993 1457 1020 aut
1482 988 1613 1020 omuino
1639 998 1704 1019 non
1731 987 1849 1019 inserta
1865 1013 1872 1026 ,

1138 1040 1268 1073 effectus
1294 1051 1402 1072 earum
1428 1040 1580 1082 impediri
1606 1040 1708 1072 valeat
1733 1050 1875 1082 quomo-

1138 1093 1262 1125 dolibet
1285 1094 1335 1126 vel
1361 1092 1505 1131 dillerri,
1538 1097 1569 1124 et
1601 1092 1639 1124 de
1665 1091 1792 1134 quibus,
1819 1102 1874 1123 eo-

1137 1156 1272 1188 rumque
1306 1145 1381 1177 totis
1407 1144 1575 1177 tenoribus
1600 1144 1750 1177 habenda
1776 1144 1817 1176 sit
1841 1144 1874 1176 in

1138 1198 1256 1231 nostris
1289 1197 1404 1231 litteris
1435 1197 1556 1230 mentio
1590 1197 1759 1240 specialis:
1793 1208 1873 1239 quae

1139 1250 1247 1284 omnia
1275 1256 1389 1284 contra
1421 1250 1599 1293 praeniissa
1630 1251 1780 1282 nolumus
1811 1249 1876 1281 cui-

1139 1314 1233 1346 quam
1258 1304 1289 1336 in
1314 1304 1424 1346 aliquo
1443 1302 1624 1345 suflragari,
1651 1313 1779 1335 necnon
1804 1303 1874 1335 aliis

1140 1357 1323 1389 huiusmodi
1342 1356 1608 1399 impositionibus
1635 1361 1666 1388 et
1690 1356 1875 1389 concessio-

1139 1410 1232 1442 nibus
1264 1410 1303 1442 ad
1337 1415 1460 1452 tempus
1485 1409 1630 1442 nondum
1656 1410 1822 1452 elapsum,
1848 1409 1873 1441 si

1140 1473 1219 1506 quae
1244 1463 1318 1501 sint,
1345 1462 1434 1494 sactis
1451 1489 1458 1502 ‚
1494 1462 1675 1504 ceterisque
1704 1461 1874 1494 contrariis

1140 1516 1406 1559 quibuscumque.

1183 1570 1197 1611 ξ
1222 1568 1274 1601 162.
1295 1568 1334 1601 Ut
1350 1579 1424 1601 vcro
1443 1568 1586 1601 subsidia
1611 1567 1792 1600 huiusmodi
1812 1579 1872 1600 ma-
1910 1574 1985 1597 tnvitav
2010 1576 2067 1595 dein-

1885 1602 1940 1621 tores
1950 1601 2067 1621 huiusnw-t.

1140 1623 1185 1664 gis
1209 1628 1360 1665 prompta
1394 1622 1505 1654 baberi
1529 1621 1664 1664 possint,
1679 1627 1710 1654 et
1734 1622 2066 1677 d⁰⁶¹¹¹¹³¹³⁴¹05,”'„¹1‘.¹331.¹t{?„,:.23‘

1140 1675 1318 1718 praedictas
1350 1676 1472 1707 solvere
1500 1675 1655 1707 debentes
1680 1675 1718 1706 ad
1743 1686 1873 1717 compo·
1884 1684 1929 1699 ruffi
1941 1680 2067 1701 ¹⁴-C2111wffl-

1140 1728 1289 1760 sitionem
1319 1738 1389 1759 cum
1426 1727 1508 1759 dicta
1538 1726 1667 1759 Camera
1693 1727 1876 1769 Apostolica

1140 1779 1373 1812 deveniendum
1391 1779 1588 1822 peramplius
1607 1779 1797 1818 invitentur,
1817 1784 1876 1811 sta-

1140 1833 1256 1865 tuimus
1270 1838 1301 1865 et
1312 1832 1525 1870 decernimus,
1546 1832 1640 1874 quod,
1661 1831 1684 1863 si
1703 1836 1776 1863 ante
1792 1831 1879 1874 quin-

1140 1885 1272 1929 quennii
1304 1885 1461 1928 praedicti
1500 1885 1765 1917 terminationem
1792 1885 1879 1917 deci-

1139 1950 1263 1971 marum
1289 1938 1417 1978 solutio,
1443 1944 1477 1970 ut
1502 1938 1593 1977 infra,
1609 1938 1804 1977 cessaverit,
1827 1948 1880 1969 ea-

1140 1992 1212 2024 dem
1226 1991 1554 2033 CamcraAl‘tostolica
1574 1991 1613 2022 ad
1635 1990 1877 2022 restitutionem

1140 2050 1171 2076 et
1200 2043 1411 2076 relectionem
1447 2043 1658 2086 pecuniarum
1689 2044 1727 2075 ab
1754 2043 1876 2075 eisdem

1140 2096 1274 2130 decimis
1283 2095 1542 2139 provenientium
1560 2096 1636 2135 illis,
1651 2096 1715 2138 qui,
1733 2101 1768 2128 ut
1784 2106 1877 2138 prae-

1139 2150 1248 2189 fertur,
1275 2160 1346 2181 cum
1375 2151 1412 2182 ea
1436 2149 1726 2188 concordaverint,
1762 2149 1876 2181 sacien-

1140 2203 1221 2241 dam,
1247 2212 1305 2245 pro
1326 2203 1394 2236 rata
1413 2208 1517 2235 tamen
1536 2201 1689 2244 temporis
1708 2207 1780 2234 ante
1798 2201 1874 2233 dicti

1140 2254 1354 2297 quinquennii
1380 2256 1506 2297 lapsum
1533 2254 1660 2286 decursi
1679 2259 1709 2286 ct
1729 2264 1872 2287 summae

1139 2318 1198 2350 per
1223 2318 1278 2340 eos
1304 2309 1441 2347 solutae,
1468 2307 1599 2340 omnino
1626 2313 1782 2340 tencatur.

1183 2361 1197 2403 ἓ
1222 2359 1272 2393 13.
1298 2360 1335 2392 Et
1366 2360 1499 2403 insuper
1521 2362 1678 2399 volumus,
1712 2361 1810 2403 quod⁷
1837 2361 1871 2400 si,
1884 2362 2070 2414 caujssssjjssjjfliffij

1140 2413 1265 2445 favente
1291 2412 1365 2452 Deo,
1390 2424 1515 2452 causac,
1541 2418 1675 2455 propter
1699 2424 1777 2456 quas
1795 2413 1874 2446 deci·
1885 2416 2068 2462 '515222'3311'15fe5-

1139 2476 1262 2497 marum
1277 2465 1515 2508 praedictarum
1530 2465 1693 2508 impositio
1704 2466 1874 2505 emanavit,

1141 2523 1215 2551 ante
1241 2518 1497 2560 quinquennium
1524 2518 1708 2550 huiusmodi
1738 2528 1877 2550 cessave-

1142 2572 1217 2609 rint,
1232 2570 1328 2603 etiam
1344 2571 1540 2603 decimarum
1559 2571 1740 2603 huiusmodi
1756 2571 1875 2603 solutio

1143 2629 1247 2657 cesset
1278 2629 1311 2657 et
1346 2634 1489 2657 cessasse
1515 2628 1686 2657 censojatur
1720 2634 1757 2656 eo
1790 2624 1874 2666 ipso.
