2279 3260
502 255 543 287 88

496 312 603 338 vitatis
624 312 832 346 castellanae,
861 316 891 340 et
917 313 1139 340 Bartholomneo
1164 312 1198 338 de

495 355 589 382 Leone
622 356 817 383 Cordubensis
845 357 1014 390 respective
1042 356 1197 383 civitatum

494 401 541 426 vel
561 400 730 427 dioecesum
755 401 876 428 clericis
911 407 966 427 seu
993 400 1196 433 presbyteris,

495 445 541 470 vel
562 444 659 476 laicis,
681 445 812 472 cubiculi
829 445 926 472 nostri
941 444 1139 475 auditoribus,
1155 443 1198 469 fa-

497 487 663 514 miliaribus
688 489 842 515 continuis
869 487 1117 515 commensalibus
1145 493 1197 513 no-

495 531 579 565 stris,
600 532 727 558 salutem
747 535 777 559 et
798 531 994 566 apostolicam
1014 530 1197 558 benedictio-

497 582 571 602 nem.

272 264 320 289 An.
337 264 362 289 (ἶ,
390 264 456 289 1670

296 639 435 660 From-nuum.
506 629 521 671 ᾗ
546 629 575 660 l.
610 629 847 672 Circiunsptwta
874 628 1008 661 Romani
1034 628 1197 660 Pontiae-is

462 682 633 723 gratiarum
661 682 892 724 dispensatoris
918 681 1119 724 providentia
1144 681 1199 713 dc-

460 739 551 766 votos
566 734 721 767 etsidclcs
739 745 822 771 suos,
842 734 914 766 illos
933 733 1125 776 praesertim
1143 734 1196 776 qui

459 789 549 826 grata
574 784 798 816 familiaritatis
831 784 988 827 obsequia
1019 783 1136 826 iugiter
1169 785 1197 816 ci

459 836 674 878 impendunt,
690 847 724 868 ac
743 847 822 879 quos
843 836 881 868 ad
907 836 938 868 id
964 836 1042 869 alias
1066 837 1199 880 propria

459 888 612 920 virtutum
639 889 753 920 merita
788 889 1037 929 commendant,
1066 890 1199 922 lionoris

459 946 490 973 ct
506 942 605 973 famae
624 940 838 983 amplioribus
856 941 1039 983 praeconiis
1062 954 1098 975 ac
1112 953 1199 986 prae-

459 994 554 1026 claris
576 993 767 1035 dignitatum
786 994 885 1026 titulis
912 994 1066 1027 decorare
1092 1000 1125 1027 et
1149 1006 1200 1028 or-

460 1057 536 1078 nare
559 1057 685 1078 necnon
705 1046 854 1089 specialis
880 1046 1126 1080 benevolentiae
1157 1049 1200 1080 sa-

462 1099 592 1131 voribus
618 1099 767 1141 amplecti
795 1100 890 1139 solet,
918 1105 1014 1142 prout
1045 1111 1200 1143 persona-

462 1163 532 1184 rum
558 1152 764 1194 qualitatibus
790 1152 949 1195 conspicit
969 1153 1153 1186 convenire.

357 1217 451 1237 munim
506 1206 520 1247 ς’
545 1205 575 1237 ⁶2.
604 1205 683 1237 Hinc
709 1210 757 1237 est
782 1206 865 1248 quod
892 1217 958 1244 nos,
985 1207 1023 1239 ad
1045 1212 1136 1249 grata
1160 1209 1200 1240 sa-

269 1247 654 1296 &illst-”gssss'sstlssffmiliat-itatis
676 1258 841 1300 obsequia,
858 1270 940 1302 quae
954 1270 1020 1299 VOS,
1036 1261 1090 1303 qui
1105 1261 1199 1294 etiam

269 1298 379 1343 {ffliffimm
402 1302 451 1316 ⁰⁰¹²*
463 1311 607 1343 continui
626 1313 859 1344 commensales
884 1312 986 1345 nostri
1006 1313 1149 1354 existitis,
1169 1320 1201 1347 et

462 1364 597 1406 quilibet
618 1370 757 1396 vestrum
787 1364 881 1397 nobis
901 1366 1058 1399 hactenus
1076 1367 1200 1410 impen-

461 1416 564 1455 distis,
590 1422 622 1448 et
642 1417 747 1449 adhuc
772 1417 922 1450 sollicitis
936 1418 1048 1451 studiis
1075 1419 1200 1462 impen-

462 1469 539 1502 dere
567 1480 630 1517 nomn
657 1469 826 1508 desistitis,
853 1480 979 1502 necnon
1006 1471 1043 1502 ad
1068 1471 1200 1504 vitaeac

461 1532 588 1555 morum
605 1516 840 1561 honestatem,
867 1522 994 1565 aliaque
1026 1524 1199 1557 laudabilia

461 1574 632 1618 probitatis
665 1580 697 1607 ct
726 1575 879 1607 virtutum
912 1575 1047 1615 merita,
1085 1577 1200 1620 quibus

461 1637 617 1670 personas
642 1633 783 1666 vestras,
807 1627 901 1659 etiam
928 1628 1078 1661 familiari
1104 1640 1200 1672 expc-

460 1679 578 1712 rientia
614 1679 712 1711 iuvari
746 1680 975 1723 percepimus,
1003 1681 1198 1724 condignam

456 1723 620 1764 ‘rationem
639 1732 805 1772 habentes,
825 1744 860 1764 ae
878 1739 1052 1776 propterca
1068 1735 1199 1767 easdem

462 1794 619 1827 personas
649 1790 769 1817 vestras
803 1786 955 1828 peculiari
989 1787 1097 1819 favore
1130 1798 1201 1830 gra-

462 1837 525 1870 tiae
542 1848 578 1869 ac
602 1837 751 1880 specialis
778 1838 912 1871 honoris
935 1843 966 1871 et
988 1841 1199 1874 excellentiae

463 1891 629 1934 dignitatis
655 1892 747 1924 titulo
765 1892 936 1925 sublimare
956 1893 1114 1933 volentes,
1132 1905 1201 1927 vos-

462 1955 525 1987 que
550 1950 581 1976 et
605 1944 782 1987 quemlibet
816 1950 956 1977 vestrum
987 1956 1004 1977 a
1034 1946 1200 1989 quibusvis

462 1996 814 2036 excommunicationis,
841 1997 1068 2039 suspensionis
1099 2003 1130 2030 et
1154 2000 1202 2031 in-

462 2048 609 2088 terdicti,
640 2049 779 2091 aliisque
805 2050 1037 2082 ecclesiasticis
1070 2057 1201 2083 senten-

463 2101 515 2133 tiis
531 2128 538 2141 ,
563 2102 708 2147 censuris
736 2106 768 2134 et
788 2102 901 2144 poenis
917 2129 924 2142 ,
951 2113 967 2134 a
993 2103 1062 2135 iure
1087 2105 1136 2136 vel
1162 2105 1199 2137 ab

464 2154 607 2194 homine,
630 2154 740 2197 quavis
770 2155 937 2187 occasione
964 2157 1013 2188 vel
1039 2159 1134 2189 causa
1159 2159 1200 2189 la-

464 2207 503 2239 tis
521 2233 528 2247 ,
555 2207 581 2239 si
603 2207 719 2250 quibus
757 2208 1001 2250 quomodolibet
1029 2209 1199 2243 innodatus

464 2259 611 2299 existitis,
631 2260 670 2292 ad
692 2259 839 2292 effectum
865 2261 1089 2303 praesentium
1111 2263 1200 2295 dum-

464 2316 551 2344 taxat
574 2313 855 2355 consequendum,
890 2314 1003 2346 harum
1038 2315 1121 2347 serie
1147 2316 1200 2348 ab-

464 2365 628 2397 solventes
661 2370 692 2397 et
719 2365 884 2398 absolutos
914 2366 981 2398 sere
1007 2373 1196 2408 censentes,

464 2424 550 2449 metu
575 2418 721 2461 propriO,
750 2429 815 2450 non
840 2419 879 2451 ad
904 2424 1043 2452 vestram
1060 2422 1107 2453 vel
1126 2422 1199 2453 altc-

465 2471 530 2503 rius
551 2482 609 2514 pro
634 2472 724 2504 vobis
749 2483 849 2515 super
874 2473 936 2505 hoc
960 2474 1086 2506 oblatae
1112 2475 1196 2516 peti-

465 2522 784 2565 tionisinstantiam,
808 2526 863 2557 sed
889 2526 928 2557 de
953 2529 1039 2558 mera
1060 2527 1201 2559 liberali-

466 2583 531 2610 tate
557 2583 588 2610 et
613 2580 700 2610 certa
724 2578 857 2610 scientia
883 2579 1023 2618 nostris,
1049 2590 1085 2611 ac
1110 2581 1148 2612 de
1170 2591 1200 2612 a-

464 2631 642 2678 postolicae
667 2631 837 2675 potestatis
863 2631 1079 2675 plenitudine,
1098 2643 1151 2666 vos
1170 2638 1202 2666 et

1045 265 1225 289 mltttntt‘nt
1250 263 1402 290 ROMXNI'M

1989 266 2037 293 Λη.
2052 266 2080 293 C.
2105 267 2171 295 1670

1241 312 1419 354 quemlibet
1443 317 1583 345 vestrum
1606 313 1780 356 respective
1798 313 1828 345 in
1846 317 1976 346 nostros

1240 368 1272 395 ct
1295 363 1386 396 Sedis
1411 364 1617 407 Apostolicae
1643 366 1787 398 notarios
1818 365 1907 407 (sine
1933 370 1978 398 ta-

1239 426 1311 447 men
1336 417 1536 459 praeiudicio
1554 418 1744 451 dilectorum
1762 417 1901 451 filiorum
1920 428 1978 450 no-
2008 453 2011 455 ,

1241 467 1396 500 tariorum
1429 469 1469 501 de
1504 480 1638 502 numero
1674 470 1977 513 participantium),

1240 520 1417 562 apostolica
1444 522 1646 563 auctoritate,
1681 528 1793 555 tenore
1824 534 1978 565 praesen-

1241 571 1330 612 tium,
1346 572 1530 615 recipimus,
1550 584 1586 605 ac
1601 575 1684 607 sacri
1711 575 1819 617 palatii
1837 579 1869 607 et
1888 576 1977 607 aulae

1240 624 1464 657 Lateranensis
1495 626 1653 666 comites,
1689 637 1817 659 necnon
1847 632 1976 659 auratae

1239 676 1372 708 militiae
1400 677 1535 720 equites,
1559 688 1594 709 ac
1619 679 1747 711 nobiles
1771 689 1922 712 romanos
1947 684 1979 712 et

1241 728 1328 760 urbis
1354 729 1495 770 Romae,
1522 740 1558 762 ac
1586 730 1747 763 civitatum
1774 732 1979 764 Avenionen-

1240 780 1294 820 sis,
1332 781 1558 822 Bononiensis,
1600 782 1817 815 Ferrariensis
1851 788 1882 816 et
1921 784 1979 816 Be-

1241 838 1459 874 ncventanae,
1488 834 1699 877 omniumque
1725 840 1756 867 et
1780 836 1979 878 singularum

1241 886 1375 917 aliarum
1400 877 1572 926 ciritatum,
1592 892 1751 919 terrarum
1773 892 1808 919 et
1832 889 1980 921 locorum

1241 938 1403 970 Romanae
1437 938 1597 971 Ecclesiae
1630 939 1768 972 mediate
1792 941 1841 972 vel
1870 939 1981 973 imme—

1242 991 1325 1023 diate
1351 991 1591 1032 subiectorum,
1619 992 1704 1024 cives
1729 1002 1802 1024 cum
1830 993 1979 1025 omnibus

1242 1043 1386 1083 iuribus,
1413 1043 1690 1077 iurisdictionibus
1705 1071 1712 1084 ,
1745 1045 1980 1088 praerogativis

1242 1101 1273 1128 ct
1297 1095 1477 1138 insignibus
1503 1097 1621 1129 debitis
1647 1102 1679 1129 ct
1704 1097 1869 1131 consuetis
1892 1109 1981 1131 crea-

1243 1160 1311 1181 mus
1331 1160 1367 1181 ac
1392 1150 1628 1189 constituimus,
1647 1161 1683 1182 ac
1703 1151 1735 1183 in
1760 1162 1930 1184 numerum
1949 1156 1982 1185 et

1243 1202 1440 1234 consortium
1466 1202 1603 1235 aliorum
1629 1207 1812 1235 nostrorum
1842 1209 1874 1236 et
1897 1204 1981 1236 eius-

1243 1255 1314 1287 dem
1339 1254 1430 1287 Sedis
1454 1255 1679 1296 notariorum,
1712 1266 1839 1288 necnon
1869 1257 1981 1299 palatii

1243 1313 1274 1340 et
1297 1309 1388 1340 aulae
1416 1308 1601 1341 huiusmodi
1635 1309 1810 1349 comitum,
1836 1309 1982 1352 equitum

1242 1366 1273 1393 et
1297 1360 1454 1393 nobilium
1473 1361 1701 1402 Rornanorum,
1721 1355 1924 1405 aliorumque
1942 1362 1982 1396 ci.
2020 1365 2022 1367 ’

1242 1414 1328 1446 vium
1353 1414 1514 1447 civitatum
1540 1419 1572 1447 et
1597 1420 1758 1448 terrarum
1795 1416 1981 1458 praedicta-

1243 1478 1312 1499 rum
1338 1467 1505 1500 reserimus
1531 1473 1562 1500 et
1586 1468 1833 1501 conscribimus.

1286 1520 1356 1563 §3
1390 1520 1574 1563 Vobisque,
1609 1521 1734 1554 etiamsi
1768 1522 1915 1555 habitum
1949 1528 1981 1555 et
2017 1534 2175 1566 11=<⁴0rnmwpu7

1242 1573 1443 1605 rocchettum
1455 1574 1653 1606 notariorum
1669 1574 1772 1607 dictae
1790 1574 1881 1607 Sedis
1896 1575 1982 1608 iuxta
1992 1561 2176 1608 iiiiiffinffl'ai'aiii

1243 1627 1372 1658 decreta
1397 1626 1621 1659 Lateranensis
1647 1627 1775 1660 concilii
1809 1628 1981 1661 novissime
1992 1614 2103 1661 ‘32in'
2131 1620 2177 1634 ’Μ’

1243 1678 1397 1712 celebrati
1424 1689 1487 1711 non
1506 1679 1671 1719 deseratis,
1692 1685 1747 1712 aut
1764 1680 1908 1713 civitates
1926 1681 1983 1713 hu-

1243 1731 1381 1764 iusmodi
1407 1742 1471 1764 non
1497 1732 1721 1772 incolueritis,
1746 1743 1806 1765 nec
1839 1743 1983 1776 unquam

1244 1785 1274 1816 in
1301 1784 1424 1817 eisdem
1444 1784 1624 1817 civitatibus
1646 1785 1845 1818 domicilium
1864 1786 1985 1819 habue-

1244 1837 1331 1876 ritis,
1358 1842 1393 1869 ut
1418 1838 1569 1870 omnibus
1588 1843 1620 1870 et
1645 1838 1904 1882 quibuscumque
1923 1839 1985 1882 pri-

1245 1890 1368 1932 vilegiis
1395 1895 1426 1922 et
1450 1890 1672 1930 facultatibus,
1700 1891 1958 1933 exemptionibus
1975 1918 1983 1933 ,

1243 1942 1517 1981 immunitatibus,
1543 1942 1746 1975 libertatibus
1761 1970 1768 1983 ,
1796 1944 1958 1976 favoribus
1974 1971 1982 1984 ,

1244 1996 1353 2038 gratiis
1380 2000 1412 2028 et
1435 1995 1568 2027 indultis
1597 1995 1771 2037 gaudeatis,
1792 1996 1910 2038 quibus
1932 2007 1984 2030 ce-

1244 2048 1302 2081 teri
1324 2058 1436 2081 omnes
1461 2048 1579 2080 notarii
1605 2048 1717 2089 nostri,
1744 2049 1838 2081 etiam
1865 2049 1903 2081 de
1926 2060 1983 2081 nu-

1243 2111 1333 2133 mero
1358 2100 1636 2143 participantium,
1663 2111 1700 2133 ac
1723 2102 1867 2142 comites,
1895 2102 1984 2144 equi-

1244 2159 1290 2185 tes
1308 2158 1341 2185 et
1358 2153 1484 2185 nobiles
1510 2153 1605 2196 (citra
1631 2158 1739 2187 tamen
1759 2155 1982 2199 exemptiones

1243 2218 1260 2239 a
1284 2216 1374 2239 sacro
1410 2206 1554 2239 Concilio
1587 2206 1777 2239 Tridentino
1815 2208 1978 2248 sublatas,

1242 2260 1286 2292 ita
1320 2265 1356 2291 ut
1390 2259 1509 2291 nedum
1543 2260 1647 2302 quoad
1684 2260 1885 2301 criminalia,
1923 2261 1980 2293 sed

1243 2313 1339 2345 etiam
1365 2313 1470 2355 quoad
1497 2312 1603 2344 civilia
1627 2313 1818 2359 subiaceatis
1850 2313 1983 2346 Ordina-

1243 2365 1314 2405 riis,
1341 2370 1371 2398 et
1395 2365 1476 2397 citra
1502 2365 1671 2397 facultates
1694 2366 1917 2407 legitimandi,
1943 2368 1982 2399 ad

1243 2420 1358 2462 gradus
1383 2419 1603 2461 promovendi,
1630 2419 1775 2452 notarios
1797 2430 1854 2452 scu
1880 2420 1983 2452 tabel-

1243 2473 1346 2506 liones
1372 2472 1526 2512 creandi,
1555 2473 1680 2516 aliaque
1706 2473 1892 2506 huiusmodi
1917 2473 1983 2516 pri-

1243 2526 1358 2568 vilegia
1383 2538 1400 2558 a
1426 2525 1560 2559 notariis
1586 2531 1617 2558 et
1641 2525 1810 2558 comitibus
1829 2526 1982 2568 praefatis

1243 2585 1429 2623 praetensa,
1456 2580 1537 2612 itaut
1553 2579 1617 2612 illis
1634 2580 1751 2612 nullibi
1771 2580 1818 2612 uti
1837 2581 1978 2619 valeatis,

1243 2644 1279 2665 ac
1305 2632 1429 2665 irritum
1462 2638 1494 2666 et
1530 2633 1624 2666 inane
1660 2634 1790 2675 existat,
1824 2633 1978 2679 quicquid
