2279 3260
199 265 250 292 An.
263 265 293 291 C.
316 264 383 292 1673

235 1113 343 1137 Qunasitio
360 1113 379 1132 et

195 1140 379 1159 doen-»inmmerito

197 1166 378 1191 congregauonis.

1020 266 1162 290 CLEMENS
1187 268 1204 290 Χ
1229 268 1276 291 ΡΡ.

707 313 806 346 CXLI.

392 381 605 426 Confirmatio
625 384 744 416 decreti
769 383 1035 428 Conyregyationis
1053 384 1122 426 epi-

433 446 600 478 scoporum
618 440 646 468 et
670 436 886 479 reqularium,
911 447 973 479 quo
997 435 1126 467 resolvi-

432 492 495 527 tur,
514 489 738 531 praecedentia
756 489 876 521 Brevia
895 489 970 521 Sum
978 489 1023 520 mi
1040 489 1125 521 Pon-

432 540 536 582 tificis,
549 541 635 573 edila
652 541 703 573 die
715 552 792 574 xviii
807 542 958 574 ianuarii
974 550 1124 574 MDCLitxu

431 597 459 624 et
476 603 512 626 111
537 594 672 635 auqusti
686 594 826 626 eiusdem
846 594 937 631 αηηί,
955 593 1124 634 confirma-

432 646 515 677 toria
540 646 781 678 nonnullarum
800 646 1055 678 declarationem
1080 644 1125 676 cli-

432 701 499 729 ctae
520 698 783 741 Corzyreyatiom's
804 709 900 741 super
916 698 1125 730 associatione

434 750 624 782 cadaverum
658 755 686 783 et
715 751 863 793 ingyressu
907 750 949 782 acl
980 750 1124 782 ccclesias

434 804 657 845 reqularium,
691 814 753 835 non
785 792 847 835 esSe
879 802 1077 835 observanda
1105 812 1125 833 a

434 855 517 888 clero
541 856 705 888 saeculari
726 855 759 888 in
783 857 893 898 reqm‘s
919 854 1074 889 Castetlae
1098 858 1124 886 et

433 908 594 951 Leyz'om's.

618 987 751 1014 Clemens
772 987 849 1019 Papa
868 986 899 1018 X,

530 1032 565 1058 ad
586 1031 718 1058 futuram
739 1031 782 1057 rei
804 1030 984 1057 memoriam.

434 1101 448 1144 ἓ
470 1101 496 1133 l.
516 1101 680 1133 Emanavit
704 1111 808 1144 nuper
833 1112 850 1132 a
867 1099 1125 1142 Congregatione

392 1154 624 1187 venerabilium
645 1154 779 1186 fratrum
796 1159 982 1186 nostrorum
996 1153 1025 1185 S.
1041 1153 1076 1185 R.
1089 1153 1122 1184 E.

389 1207 601 1240 cardinalium
625 1207 763 1249 negotiis
781 1212 811 1239 et
836 1205 1124 1239 consultationibus

389 1260 618 1303 episcoporum
651 1264 682 1291 et
717 1259 915 1301 regularium
940 1258 1126 1302 praeposita

389 1313 554 1346 decretum
581 1313 705 1345 tenoris
724 1313 776 1355 qui
794 1312 949 1354 sequitur,
967 1312 1125 1344 videlicet:

438 1378 451 1397 α
466 1366 499 1398 In
517 1367 610 1398 causa
625 1365 848 1409 Hispaniarum
866 1365 943 1397 iuris
960 1365 1127 1408 parochia-

388 1420 428 1452 lis
455 1419 623 1451 deferendi
649 1419 803 1451 cadavera
835 1419 874 1451 ad
900 1418 1051 1451 ecclesias
1076 1429 1126 1450 re-

389 1472 561 1515 gularium.
576 1471 663 1511 Cum,
679 1472 718 1503 ad
736 1471 1003 1514 supplicationem
1018 1476 1125 1513 patres

389 1524 609 1568 procuratoris
642 1523 804 1566 generalis
837 1523 964 1556 Ordinis
994 1524 1125 1556 fratrum

389 1578 548 1611 Minorum
564 1576 666 1609 sancti
681 1577 842 1609 Francisci
862 1577 900 1609 de
916 1576 1126 1609 Observantia

390 1634 421 1664 et
444 1630 650 1673 postmodum
675 1630 774 1672 patris
800 1629 959 1672 Alphonsi
977 1629 1014 1661 de
1037 1630 1126 1661 Alar-

390 1693 445 1716 cos
471 1682 688 1726 procuratoris
706 1682 865 1724 generalis
886 1681 1123 1724 provinciarum

389 1735 616 1778 Hispaniarum
644 1734 811 1767 Societatis
830 1734 913 1773 Iesu,
936 1745 1024 1766 sacra
1049 1734 1125 1767 Con-

390 1787 534 1830 gregatio
549 1788 879 1820 eminentissimorum
899 1787 929 1820 S.
945 1787 981 1819 R.
1002 1788 1035 1819 E.
1056 1798 1124 1819 car-

389 1841 546 1874 dinalium
582 1840 721 1883 negotiis
766 1846 796 1873 et
836 1841 1123 1873 consultationibus

389 1894 613 1937 episcoporum
648 1899 678 1926 et
713 1893 910 1935 regularium
941 1893 1123 1936 praeposita

389 1947 590 1979 concesserit
604 1947 776 1979 nonnullas
795 1947 1027 1979 declarationes
1046 1947 1123 1979 alias

389 2000 489 2033 editas
510 2000 595 2032 circa
612 2000 860 2032 associationem
885 2000 1077 2032 cadaverum
1094 2006 1123 2032 et

389 2052 571 2094 ingressum
596 2051 630 2083 in
648 2052 800 2084 ecclesias
818 2052 1021 2095 regularium,
1041 2063 1122 2095 quae

389 2105 520 2147 quidem
554 2105 876 2148 declarationes'per
900 2105 1022 2137 litteras
1049 2116 1123 2148 apo-

389 2158 517 2190 stolicas
538 2158 570 2189 in
589 2158 691 2190 forma
709 2157 816 2190 Brevis
841 2157 892 2190 die
917 2167 993 2190 xvin
1018 2157 1123 2190 ianua-

389 2210 428 2242 rii
442 2219 591 2243 MDCLxxu
603 2211 779 2253 respective
794 2221 810 2242 a
824 2210 876 2243 SS.
893 2210 927 2242 D.
945 2210 980 2242 N.
994 2211 1123 2242 fuerunt

389 2263 613 2296 confirmatae:
634 2264 738 2296 clerus
757 2264 931 2296 saecularis
948 2263 1124 2306 provincia-

389 2325 459 2347 rum
472 2315 627 2348 Castellae
649 2320 681 2348 et
700 2316 859 2358 Legionis,
882 2315 1122 2358 praesentiens¹

389 2379 423 2401 se
435 2372 609 2410 gravatum,
622 2373 652 2400 et
664 2369 764 2401 dictas
778 2369 1010 2402 declarationes
1026 2369 1121 2402 fuisse

389 2421 562 2464 obreptitie
588 2421 743 2461 obtentas
766 2433 801 2455 ex
828 2433 865 2455 eo
883 2422 968 2464 quod
989 2423 1121 2465 praefati

388 2479 496 2517 patres
528 2479 752 2517 procuratores
789 2476 958 2516 generales
992 2475 1122 2508 silentio

388 2527 590 2566 involverint,
610 2528 695 2569 quod
722 2528 759 2559 ad
786 2519 926 2560 favorem
948 2529 1022 2561 dicti
1045 2530 1121 2561 cleri

389 2580 562 2612 saecularis
589 2580 739 2612 adessent
763 2583 919 2614 nonnulla
953 2582 1014 2614 alia
1039 2588 1122 2614 ante-

425 2644 435 2669 1
459 2641 557 2668 Forsan
577 2641 665 2676 aptius
681 2643 860 2676 persentiens
879 2644 916 2677 (n.
938 2643 985 2678 T.).

457 2695 535 2724 Bau.
561 2695 641 2721 Rom.
662 2709 696 2714 —-—
720 2695 776 2722 Vol.
800 2695 906 2723 XVIII.
1015 2718 1018 2720 .
1051 2696 1084 2723 52

1134 528 1147 584 l

1169 314 1256 347 riora
1287 315 1418 348 decreta
1450 315 1713 358 Congreeationis
1739 329 1902 351 sacrorum

1168 367 1287 399 rituum
1312 379 1371 410 per
1391 368 1511 401 litteras
1530 369 1640 401 itidem
1658 370 1689 402 in
1708 371 1808 403 forma
1828 371 1902 403 Bre-

1166 419 1212 451 vis
1237 420 1288 452 die
1306 430 1349 453 vn
1375 421 1446 453 maii
1473 432 1578 455 unctv
1597 427 1628 455 et
1642 433 1672 455 v1
1698 423 1764 455 iulii
1784 434 1901 456 ›ioctvi

1167 482 1182 503 a
1208 477 1334 506 sanctae
1360 475 1536 507 memoriae
1558 475 1738 507 Alexandro
1757 476 1805 507 Vll
1824 487 1901 508 con-

1168 523 1331 565 firmatam
1359 526 1431 559 ideo
1460 527 1600 570 ipsemet
1633 529 1739 560 clerus
1768 529 1900 571 supplex

1166 577 1298 619 petivit,
1325 583 1374 618 ut,
1400 579 1586 611 examinatis
1610 579 1778 622 utriusque
1804 580 1901 622 partis

1166 629 1354 669 rationibus,
1366 631 1549 663 huiusmodi
1562 632 1793 670 controversia,
1808 637 1903 674 prout

1167 681 1243 714 iuris
1262 683 1367 723 fuerit,
1384 684 1583 716 definiretur.
1604 685 1641 717 Et
1659 696 1746 717 sacra
1763 685 1903 727 Congre-

1167 735 1252 776 gatio
1278 736 1607 770 eminentissimorum
1632 737 1663 770 S.
1684 738 1720 770 R.
1747 738 1780 770 E.
1805 738 1903 770 cardi-

1166 787 1285 819 nalium
1312 789 1450 831 negotiis
1467 796 1498 822 et
1522 791 1813 823 consultationibus
1840 791 1903 833 epi-

1167 851 1341 883 scoporum
1360 847 1391 874 et
1411 843 1609 884 regularium
1624 843 1816 886 praeposita,
1833 854 1903 886 par-

1169 893 1250 924 tibus
1274 894 1539 935 informantibus,
1566 906 1666 938 reque
1698 903 1820 929 mature
1841 896 1903 929 dis-

1168 945 1270 985 cussa,
1282 946 1441 979 referente
1457 947 1714 980 eminentissimo
1728 948 1900 991 Imperiali,

1169 998 1294 1029 censuit
1318 1009 1353 1030 ac
1378 999 1537 1031 decrevit:
1569 1000 1679 1032 Brevia
1703 1000 1903 1033 sanctissimi

1169 1049 1291 1081 domini
1309 1051 1422 1091 nostri,
1445 1051 1682 1084 confirmatoria
1699 1053 1902 1085 decretorum

1168 1102 1311 1135 eiusdem
1332 1114 1441 1136 sacrae
1466 1103 1734 1146 Congregationis
1766 1106 1902 1148 negotiis

1169 1160 1199 1187 et
1215 1156 1504 1189 consultationibus
1522 1157 1750 1200 episcoporum
1768 1163 1798 1190 et
1815 1168 1903 1199 regu-

1169 1208 1283 1240 larium
1301 1210 1503 1252 praepositae
1522 1215 1632 1242 contra
1649 1211 1770 1242 clerum
1796 1221 1903 1243 saecu-

1169 1262 1269 1293 larem
1299 1272 1474 1304 regnorum
1498 1262 1653 1295 Castellae
1679 1267 1709 1295 et
1733 1263 1899 1305 Legionis,

1169 1318 1197 1346 et
1223 1319 1334 1347 contra
1353 1325 1390 1347 ea
1407 1326 1489 1357 quae
1508 1315 1722 1357 disponuntur
1739 1315 1772 1347 in
1797 1326 1902 1358 supra<

1170 1367 1306 1399 narratis
1324 1367 1476 1400 Brevibus
1491 1373 1619 1400 sanctae
1637 1368 1812 1400 memoriae
1830 1368 1903 1400 Ale-

1170 1420 1280 1452 xandri
1297 1420 1364 1460 vll,
1387 1431 1453 1453 non
1478 1431 1548 1453 esse
1575 1420 1791 1461 observanda;
1818 1431 1899 1453 con*

1170 1472 1273 1505 trariis
1305 1473 1563 1516 quibuscumque
1599 1473 1683 1505 circa
1715 1473 1902 1516 supradicta

1168 1525 1274 1557 omnia
1298 1525 1430 1558 mininie
1457 1525 1667 1565 obstantibus,
1690 1531 1750 1558 etc.

1212 1577 1339 1617 Rornae,
1358 1588 1368 1610 1
1388 1578 1582 1621 septembris
1602 1588 1779 1611 MDCLXXIII.

1342 1630 1376 1662 F.
1393 1630 1432 1662 M.
1452 1630 1625 1663 cardinalis
1644 1631 1854 1664 Erasmus.

1255 1683 1339 1715 Loco
1364 1686 1386 1723 †
1412 1683 1508 1725 sigilli
1536 1695 1566 1715 )).

1210 1737 1224 1780 ᾗ
1249 1736 1280 1769 ⁶2.
1307 1736 1382 1769 Cum
1409 1742 1526 1776 autem,
1547 1736 1633 1768 sicut
1657 1736 1791 1769 dilectus
1817 1737 1902 1771 filius

1167 1790 1353 1822 Franciscus
1373 1790 1411 1821 de
1425 1790 1577 1831 Villegas,
1595 1795 1788 1832 procurator
1810 1801 1903 1832 gene-

1167 1843 1241 1875 ralis
1267 1842 1480 1875 ecclesiarum
1506 1847 1538 1874 et
1563 1847 1665 1874 status
1692 1843 1902 1875 ecelesiastici

1167 1906 1342 1937 regnorum
1379 1895 1538 1927 Castellae
1564 1900 1595 1927 et
1615 1895 1776 1937 Legionis,
1809 1897 1903 1928 nobis

1167 1948 1305 1981 subinde
1323 1948 1439 1991 exponi
1458 1947 1541 1987 fecit,
1561 1948 1630 1990 ipsc
1659 1948 1823 1980 decretum
1850 1950 1906 1980 hu-

1167 2001 1314 2040 iusmodi,
1330 2009 1392 2043 quo
1419 1999 1540 2032 firmius
1562 1999 1715 2032 subsistat
1740 2005 1771 2032 et
1797 2011 1905 2033 serve-

1168 2058 1218 2084 tur
1243 2052 1402 2091 exactius,
1429 2051 1622 2093 apostolicae
1648 2051 1904 2084 confirmationis

1166 2110 1293 2138 nostrae
1312 2104 1492 2147 patrocinio
1511 2104 1702 2136 communiri
1719 2115 1903 2147 summope-

1167 2169 1200 2191 re
1227 2157 1391 2190 desideret
1408 2167 1414 2188 :
1435 2167 1504 2195 nos,
1520 2156 1620 2199 ipsius
1638 2157 1801 2189 Francisci
1820 2158 1901 2190 votis

1166 2212 1225 2243 hac
1241 2211 1273 2242 in
1291 2220 1324 2242 re
1343 2209 1562 2241 favorabiliter
1581 2220 1722 2242 annuere
1744 2211 1901 2249 volenteS,

1167 2272 1303 2305 eumque
1328 2273 1344 2294 a
1370 2261 1530 2304 quibusvis
1548 2262 1900 2302 excomrminicationis,

1166 2315 1385 2359 suspensionis
1407 2320 1438 2347 et
1455 2314 1629 2354 interdieti,
1647 2315 1781 2358 aliisque
1800 2317 1903 2348 eccle-

1165 2369 1300 2401 siasticis
1327 2368 1506 2408 sententiis,
1526 2367 1671 2400 censuris
1687 2373 1718 2400 et
1742 2369 1866 2411 poenis,
1885 2380 1902 2401 a

1166 2423 1234 2454 iure
1254 2422 1302 2454 vel
1324 2421 1362 2453 ab
1381 2420 1522 2460 homine,
1538 2421 1649 2463 quavis
1667 2421 1834 2453 occasione
1852 2422 1902 2453 vel

1166 2477 1260 2508 causa
1285 2474 1366 2513 latis,
1393 2475 1418 2507 si
1445 2474 1561 2517 quibus
1587 2474 1832 2517 quomodolibet
1856 2474 1904 2506 in-

1166 2529 1303 2560 nodatus
1322 2527 1436 2566 existit,
1456 2527 1494 2559 ad
1513 2526 1661 2559 effectum
1682 2527 1902 2569 praesentium

1166 2582 1329 2614 dumtaxat
1365 2580 1641 2623 consequendum,
1668 2580 1781 2611 barum
1816 2579 1901 2612 serie

1166 2635 1366 2669 absolventes
1386 2640 1414 2667 et
1433 2635 1610 2667 absolutum
1630 2633 1696 2666 fore
1717 2638 1897 2675 censentes,

1802 263 1866 294 [1ιῖΖῆ
1913 273 1962 298 An.
1979 274 2006 297 [Σ.
2029 270 2096 296 11)ἶῦ

1954 1750 2047 1770 Pontio-z
2063 1751 2100 1771 ΑΒ*

1914 1779 1992 1797 cretum
2015 1784 2098 1802 {tri-‘'U-

1914 1806 1990 1823 sertum
2026 1805 2099 1823 centii·-

1914 1833 1963 1851 mat„
