2279 3260
160 238 208 265 An.
225 238 254 265 C.
277 237 340 265 ¹67¹

181 508 287 531 titulat-..i
300 514 312 529 a
324 511 345 529 ut.

162 535 182 555 iu
199 535 292 555 rubrica.

216 1880 278 1901 rides
293 1881 351 1901 trau-

166 1910 304 1934 sumptorum.

987 235 1129 260 CLEMENS
1151 236 1170 259 X
1193 235 1242 260 ΡΡ.

354 287 448 320 ritate
473 288 566 321 nobis
591 298 609 320 a
633 287 770 320 Domino
791 285 919 326 tradita,
939 284 1091 318 Sanctum

355 351 427 373 esse
452 340 689 374 decreverimus
714 344 747 372 et
771 338 1025 378 definiverimuS,
1055 348 1091 370 ac

355 393 543 426 Sanctorum
563 393 711 435 catalogo
737 391 874 425 solemni
892 391 957 424 ritu
974 390 1093 424 adscri-

355 446 528 489 pserimus:

400 499 414 541 ἓ
438 498 469 531 ⁶2.
496 498 577 531 Hinc
594 503 643 531 est
670 498 755 542 quod
770 508 840 537 nos,
858 497 896 530 ad
914 497 1091 540 augendam

355 552 500 584 fidelium
526 551 721 594 religionem
748 556 780 584 et
805 551 984 583 animarum
1010 551 1093 582 salii-

356 606 455 638 liitem
494 605 688 637 caelestibus
724 604 887 637 Ecclesiae
933 603 1092 636 thesauris

356 657 408 700 pia
432 656 588 690 charitate
614 656 746 697 intenti,
771 662 802 689 et
827 657 865 690 de
890 656 1093 699 omnipoten-

356 710 397 742 tis
422 709 479 743 Dei
504 709 727 742 misericordia
762 714 793 741 et
816 710 987 742 beatorum
1008 708 1092 741 Petri

357 767 389 794 et
411 761 502 794 Pauli
539 763 765 805 apostolorum
801 762 869 794 eius
903 761 1092 794 auctoritate

357 815 490 856 confisi,
517 815 668 848 omnibus
698 820 730 847 et
754 815 888 858 singulis
922 814 1093 856 utriusque

357 877 451 900 sexus
476 867 744 900 christifidelibus
761 877 835 899 vere
853 865 1094 910 poenitentibus

357 926 390 953 et
413 920 567 953 confessis
583 947 590 960 ,
618 931 654 952 ac
678 922 770 953 sacra
795 919 1021 952 communione
1045 928 1095 951 re-

357 973 460 1013 fectis,
477 973 530 1016 qui
545 973 685 1016 aliquam
707 983 745 1005 ex
764 972 908 1005 ecclesiis
924 972 1094 1004 domorum

357 1027 408 1059 vel
429 1026 640 1067 collegiorum
659 1034 936 1068 quorumcumque
955 1023 1096 1056 Societa-

357 1079 397 1111 tis
422 1078 586 1122 praefatae
612 1078 769 1110 hactenus
793 1076 909 1109 erectis
935 1081 967 1108 et
994 1075 1096 1118 impo-

358 1137 481 1165 sterum
495 1130 764 1174 quandocumque
783 1129 958 1172 erigendis,
982 1133 1013 1161 et
1031 1128 1097 1160 ubi-

359 1194 496 1227 cumque
508 1184 652 1216 locorum
667 1182 889 1222 existentibus,
901 1182 952 1214 die
964 1191 998 1215 111
1010 1186 1097 1214 octo-

358 1237 436 1277 bris,
447 1237 527 1270 sesto
553 1236 696 1275 eiusdem
713 1235 744 1268 S.
771 1234 1094 1277 FrancisciBorgiae,

360 1301 378 1323 a
401 1290 514 1334 primis
539 1289 684 1333 vesperis
704 1297 805 1331 usque
826 1289 865 1321 ad
886 1298 1035 1321 occasum
1053 1298 1098 1320 so-

360 1342 402 1376 lis
429 1342 501 1375 festi
526 1341 734 1381 huiusmodi,
760 1341 894 1383 singulis
926 1340 1018 1373 annis
1044 1341 1098 1373 de-

359 1400 434 1428 vote
458 1394 679 1434 visitaverint,
711 1400 744 1427 et
768 1394 813 1427 ibi
848 1405 908 1437 pro
943 1394 1095 1426 christia-

360 1458 478 1481 norum
502 1448 686 1491 principum
712 1447 897 1486 concordia,
928 1447 1098 1479 haeresum

361 1501 583 1544 extirpatione,
603 1506 635 1533 et
655 1505 784 1533 sanctae
809 1500 915 1533 Matris
935 1500 1097 1533 Ecclesiae

362 1554 576 1594 exaltatione,
600 1554 670 1597 pias
697 1554 737 1586 ad
761 1553 861 1586 Deum
880 1564 996 1597 preces
1022 1552 1099 1586 effu-

362 1607 488 1648 derint,
517 1607 698 1650 plenariam
722 1607 868 1639 omnium
893 1612 1099 1650 peccatorum

361 1670 494 1693 suorum
529 1659 766 1702 indulgentiam
806 1665 837 1692 et
875 1659 1099 1693 remissionem

362 1712 617 1745 misericorditer
641 1713 674 1745 in
698 1712 835 1745 Domino
866 1713 1098 1746 concedimus:

361 1766 587 1809 praesentibus
611 1765 777 1810 perpetuis
806 1766 918 1799 futuris
948 1766 1101 1810 tempori-

361 1819 421 1852 bus
447 1819 604 1852 valituris.

407 1873 422 1916 ἓ
438 1872 469 1906 3.
489 1872 643 1905 Volumus
665 1877 772 1905 autem
792 1878 828 1905 ut
847 1872 992 1916 ipsarum
1007 1884 1101 1917 prae-

363 1925 503 1958 sentium
547 1925 729 1958 litterarum
773 1927 980 1970 transumptis
999 1953 1006 1967 ‚
1043 1938 1100 1960 seu

363 1978 535 2021 exemplis,
552 1978 647 2011 etiam
679 1979 864 2022 impressis,
886 1990 982 2012 manu
1009 1980 1102 2013 alicu-

363 2031 413 2064 ius
429 2031 549 2064 notarii
574 2031 697 2075 publici
714 2033 764 2064 vel
785 2033 954 2065 secretarii
980 2044 1101 2066 memo-

362 2089 452 2117 ratae
487 2084 656 2117 Societatis
688 2085 899 2129 subscriptis,
927 2092 959 2118 et
993 2087 1100 2129 sigillo

364 2136 544 2180 praepositi
570 2137 717 2170 eiusdem
748 2137 916 2171 Societatis
940 2140 989 2172 vel
1024 2141 1102 2172 alte-

364 2190 430 2222 rius
454 2200 618 2233 personae
642 2190 675 2222 in
704 2191 920 2224 ecclesiastiea
945 2192 1101 2234 dignitate

365 2242 558 2276 constitutae
576 2244 720 2281 munitis,
739 2244 850 2277 eadem
871 2255 1005 2287 prorsus
1022 2245 1101 2278 sides

363 2294 398 2327 in
415 2294 535 2328 iudicio
555 2301 587 2328 et
606 2301 694 2328 extra
717 2297 798 2329 illud
814 2296 934 2340 ubique
951 2299 1100 2330 locorum

364 2347 536 2389 habeatur,
556 2359 637 2391 quae
662 2349 887 2391 praesentibus
904 2350 984 2394 ipsis
1004 2351 1103 2384 habe-

365 2405 457 2433 retur
485 2400 512 2432 si
550 2400 655 2433 forent
674 2401 838 2435 exhibitae
862 2403 911 2435 vel
937 2408 1099 2436 ostensae.

408 2452 524 2485 Datum
556 2452 689 2494 Romae,
718 2454 804 2497 apud
829 2454 860 2487 S.
883 2454 1013 2487 Mariam
1040 2455 1103 2487 Ma-

364 2506 488 2546 iorem,
517 2506 578 2538 sub
611 2508 731 2540 annulo
761 2507 955 2550 Piscatoris,
989 2508 1040 2541 die
1065 2519 1101 2541 111

365 2559 435 2591 iulii
455 2569 603 2601 mnctxxi,
621 2559 828 2603 pontificatus
845 2561 948 2594 nostri
963 2572 1049 2595 anno
1063 2572 1098 2595 11.

401 2620 462 2648 Dat.
483 2620 526 2648 die
542 2621 559 2648 3
577 2621 634 2649 iulii
657 2622 719 2649 1671
735 2644 742 2658 ‚
762 2622 859 2659 pontif.
881 2631 952 2650 anno
971 2630 999 2651 ii.

1448 283 1550 317 LXXI.

1133 354 1286 388 Eoeteizdit
1311 357 1339 387 et
1364 353 1503 397 ampliat
1527 353 1695 386 indultum
1719 353 1872 386 cardina-

1179 407 1219 439 lis
1243 411 1270 440 ct
1305 407 1423 440 nuncii
1453 407 1488 438 in
1519 417 1616 449 reque
1642 406 1872 448 l'orlussalliae

1178 460 1216 493 de
1228 460 1395 493 recitando
1408 460 1508 502 officio
1522 463 1550 492 cl
1564 459 1664 491 missci
1681 458 1872 491 celebrandd

1130 542 1136 554 ‚
1179 514 1215 546 in
1240 514 1306 547 tolet
1331 514 1454 546 ditione
1482 513 1576 545 illius
1605 512 1690 555 reqis
1714 512 1749 543 in
1774 511 1872 543 liono-

1178 577 1245 599 rem
1259 567 1342 600 beati
1358 566 1554 601 Gundisalvi
1565 565 1602 598 de
1618 567 1799 598 Amaranle
1817 563 1872 597 Or-

1178 619 1268 652 dinis
1302 619 1571 653 Praedicatorimz
1606 617 1648 651 acl
1684 617 1872 650 universam

1178 672 1284 705 sancii
1306 672 1473 705 Dominici'
1496 671 1696 714 reliyi'onem.

1364 752 1498 778 Clemens
1519 751 1596 784 Papa
1615 751 1648 782 X,

1259 795 1296 822 ad
1311 798 1487 829 perpetuam
1503 794 1546 822 rei
1565 793 1747 821 memoriam.

1181 865 1381 898 Sacrosancti
1400 867 1597 909 apostolatus
1614 865 1753 898 officium
1770 864 1874 897 humi-

1138 917 1218 950 litati
1244 923 1371 950 nostrae
1398 917 1549 950 divinitus
1567 917 1774 950 commissum
1793 917 1876 950 salu-

1137 970 1238 1004 briter
1271 971 1387 1014 exequi
1423 970 1593 1003 adiuvante
1627 970 1763 1003 Domino
1796 976 1878 1003 sata—

1139 1028 1260 1066 gentes,
1278 1023 1347 1066 pias
1372 1023 1560 1057 sublimium
1585 1023 1876 1066 religiosarumque

1139 1086 1348 1119 personarum
1373 1081 1453 1116 vota,
1480 1076 1518 1108 ad
1544 1076 1724 1118 augendam
1749 1075 1782 1108 in
1815 1080 1877 1108 ter-

1139 1128 1182 1160 ris
1206 1128 1378 1161 beatorum
1395 1129 1427 1161 in
1448 1128 1546 1161 caelis
1567 1139 1640 1161 cum
1665 1128 1801 1161 Domino
1821 1139 1877 1162 no-

1140 1186 1205 1213 stro
1229 1181 1301 1213 Iesu
1325 1181 1452 1214 Christo
1470 1181 1675 1224 regnantium
1693 1181 1877 1214 veneratio-

1141 1244 1215 1266 nem
1238 1234 1392 1267 laudabili
1417 1234 1525 1266 studio
1543 1233 1719 1274 tendentia,
1738 1233 1877 1266 libenter

1141 1287 1331 1320 exaudimus
1347 1314 1354 1328 ,
1379 1287 1462 1320 sicut
1494 1288 1533 1320 ad
1563 1287 1796 1330 omnipotentis
1820 1286 1878 1319 Dei

1142 1340 1297 1383 gloriam,
1323 1340 1593 1384 spiritualemque
1620 1339 1880 1373 christifidelium

1141 1393 1398 1426 consolationem
1429 1398 1526 1437 atque
1551 1393 1809 1426 aedificationem
1829 1402 1881 1425 ex-

1142 1446 1254 1490 pedire
1278 1447 1311 1479 in
1336 1447 1471 1480 Domino
1498 1446 1704 1479 arbitramur.

1185 1501 1200 1543 g
1217 1500 1248 1532 1.
1271 1500 1357 1532 Alias
1375 1500 1537 1543 siquidem
1555 1500 1740 1543 (commisso
1758 1509 1818 1542 per
1834 1499 1879 1531 fe-

1143 1552 1211 1586 licis
1236 1553 1471 1586 recordationis
1487 1553 1577 1585 Pium
1596 1553 1713 1596 Papam
1730 1552 1767 1585 lV
1786 1562 1879 1595 prae-

1143 1607 1348 1639 decessorem
1381 1611 1542 1647 nostrum,
1569 1606 1608 1638 ad
1633 1615 1745 1649 preces
1771 1606 1877 1638 clarae

1143 1659 1317 1692 memoriae
1335 1659 1525 1700 Sebastiam,
1552 1659 1627 1692 dum
1650 1658 1735 1699 vixit,
1765 1659 1879 1691 Portu-

1144 1713 1258 1755 galliae
1284 1717 1315 1745 et
1340 1712 1567 1755 Algarbiorum
1600 1711 1685 1754 regis
1717 1711 1876 1752 illustris,

1144 1765 1248 1799 bonae
1267 1764 1446 1798 memoriae
1463 1764 1604 1798 Ilenrico
1623 1764 1705 1798 tituli
1729 1764 1778 1797 Ss.
1797 1763 1879 1802 Qua-

1145 1825 1218 1852 tuor
1248 1818 1482 1851 Coronatorum
1502 1819 1694 1861 presbytero
1720 1818 1879 1851 cardinali

1144 1871 1361 1914 Portugalliae
1402 1876 1610 1914 nuncupato,
1644 1876 1676 1903 et
1716 1871 1879 1914 Prospero

1144 1924 1297 1968 episcopo
1322 1924 1526 1964 Rossanensi,
1541 1929 1618 1956 tunc
1635 1923 1726 1957 Sedis
1743 1924 1881 1967 Aposto—

1144 1978 1223 2011 licae
1248 1978 1281 2009 in
1306 1988 1408 2020 regno
1437 1977 1654 2020 Portugalliae
1688 1986 1759 2010 cum
1792 1982 1881 2020 potea

1145 2037 1226 2064 state
1251 2031 1349 2074 legati
1375 2031 1414 2064 de
1438 2031 1539 2064 latere
1564 2031 1694 2071 nuncio,
1710 2036 1881 2074 quatenus,

1144 2085 1325 2117 examinato
1343 2095 1403 2128 per
1419 2084 1506 2128 ipsos
1524 2094 1680 2128 processu
1698 2089 1792 2117 antea
1809 2095 1881 2117 con-

1146 2138 1227 2169 fecto
1253 2137 1292 2170 de
1312 2137 1463 2170 mandato
1487 2137 1682 2169 recolendae
1706 2136 1880 2169 memoriae

1145 2190 1215 2223 lulii
1232 2189 1317 2233 Papa
1336 2190 1373 2222 ΙΙΙ
1391 2190 1653 2233 praedecessoris
1677 2189 1801 2233 pariter
1824 2200 1881 2222 no-

1145 2243 1211 2284 stri,
1228 2244 1279 2276 vel
1305 2243 1368 2275 alio
1397 2243 1538 2286 desuper
1563 2246 1687 2277 servata
1712 2244 1814 2276 forma
1831 2254 1881 2275 sa-

1144 2307 1272 2330 crorum
1306 2306 1465 2329 canonum
1490 2297 1528 2329 de
1559 2307 1642 2329 novo
1668 2296 1879 2335 conficiendo,

1145 2349 1342 2382 coniunctim
1367 2349 1593 2392 procedentes,
1627 2350 1766 2383 constito
1791 2349 1880 2392 prius

1146 2403 1184 2435 de
1209 2402 1331 2435 crebris
1363 2402 1526 2434 miraculis
1560 2413 1643 2446 quae
1675 2402 1880 2445 omnipotens

1146 2456 1227 2488 Deus
1251 2455 1487 2488 intercessione
1516 2455 1599 2488 beati
1624 2455 1811 2488 Gundisalvi
1838 2454 1878 2486 de

1147 2510 1315 2541 Amarante
1349 2508 1526 2541 sacerdotis
1562 2518 1711 2551 expresse
1740 2506 1879 2551 professi

1145 2561 1272 2595 Ordinis
1291 2562 1568 2602 Praedicatorum,
1590 2561 1622 2593 in
1646 2571 1745 2603 regno
1765 2560 1879 2592 Portu-

1147 2616 1261 2659 galliae
1287 2616 1354 2649 nati
1378 2621 1410 2649 et
1432 2615 1495 2648 vita
1512 2615 1620 2657 suncti,
1646 2620 1710 2647 tam
1734 2615 1767 2647 in
1792 2614 1877 2648 illius

1766 225 1829 259 937
1876 234 1926 260 An.
1942 233 1971 260 c.
1993 232 2057 260 ¹67¹

1911 876 2032 897 Exordium.

1917 1509 1985 1539 Causa
2011 1509 2074 1539 huius

1889 1539 2054 1557 constitutionis.
