2279 3260
209 236 307 264 ame.
330 236 396 263 ¹672
441 228 506 261 ,⁶3⁶2ss

402 285 563 319 Francisci
594 287 738 331 episcopi
771 287 944 320 cardinalis
970 292 1001 319 ct
1032 286 1163 329 prote-l

231 455 280 475 Tnn⁴
291 460 301 475 r
312 453 390 474 duci-eti

207 482 322 501 car-titulis
344 486 391 506 pm-

207 510 300 528 lectoris.

402 339 498 371 ctoris
523 340 657 373 decreto
676 340 817 383 desuper
842 345 989 372 cmanato
1019 338 1138 372 tenoris

403 392 457 435 qni
482 392 636 436 sequitur,
655 392 820 425 videlicet:

452 457 465 476 α
491 445 678 478 Franciscus
703 445 909 477 miseratione
939 444 1045 477 divina
1071 444 1140 487 epi-

403 508 519 540 scopus
543 498 699 531 Ostiensis
729 497 900 530 cardinalis
925 497 1137 535 Barberinus,

403 550 434 582 S.
455 550 491 582 R.
514 550 548 583 E.
574 551 876 589 vicecancellarius,
903 549 983 582 sacri
1010 549 1137 592 collegii

404 603 559 643 decanus,
585 608 616 635 et
642 603 737 636 totius
763 603 891 635 Ordinis
916 603 1018 635 sancti
1043 602 1139 634 Fran-

403 654 479 687 cisci
505 661 690 697 protector,
725 660 890 687 corrector
921 659 952 687 et
976 655 1138 695 guberna-

404 711 462 746 tor,
480 712 555 746 etc.,
570 707 731 743 omnibns,
751 712 810 739 etc.
831 706 907 739 Cum
920 706 1138 739 sanctissimus

403 759 553 792 dominus
582 764 693 792 noster
718 759 866 791 Clemens
891 760 974 802 Papa
999 760 1022 791 ,Υ
1045 759 1138 792 nobis

403 812 565 845 remiserit
595 823 708 855 preces
732 812 897 845 Sanctitati
923 812 1004 845 Suae
1030 823 1140 855 porre-

402 870 467 897 ctas
493 865 620 898 nomine
653 865 819 898 custodiae
845 865 875 898 S.
903 866 989 898 Petri
1022 866 1060 898 de
1087 867 1139 898 Al-

402 922 533 950 cantara
551 918 684 950 fratrum
699 918 854 951 Minorum
869 918 1137 951 Discalceatorum

401 970 501 1002 sancti
527 970 687 1004 Francisci
717 971 749 1003 in
787 982 887 1014 regno
922 971 1154 1015 Neapolitano?

402 1034 505 1067 nuper
517 1029 656 1064 erectae,
673 1024 883 1067 supplicantis
901 1024 982 1057 nihil
998 1025 1135 1060 tractari,

402 1075 554 1115 decerni,
587 1077 733 1109 innovari
766 1087 801 1109 ac
833 1076 900 1110 ficri
930 1082 1041 1109 contra
1066 1088 1136 1110 eam

400 1135 455 1162 ant
478 1129 570 1162 binas
597 1130 794 1173 apostolicas
823 1130 946 1163 litteras
972 1130 1004 1162 in
1037 1130 1137 1162 forma

401 1181 508 1214 Brevis
527 1193 543 1214 a
561 1182 734 1215 Sanctitate
752 1182 814 1215 Sua
832 1182 936 1215 eidem
957 1192 1134 1220 concessas,

400 1233 535 1276 primam
553 1234 763 1277 incipientem
784 1235 989 1278 Apostolicae
1005 1235 1135 1267 servitu-

400 1286 451 1325 !2'3,
473 1292 541 1324 etc„
555 1287 606 1320 die
619 1297 677 1320 xxx
693 1287 886 1330 septembris
905 1287 978 1319 anni
997 1290 1132 1327 nnctxx,

399 1340 574 1373 secundam
598 1340 807 1383 incipientem
827 1340 876 1372 Ex
897 1340 1060 1372 conmzissa'
1084 1351 1135 1371 no·

399 1391 457 1431 bis,
477 1398 550 1432 etc„
570 1393 620 1425 die
638 1403 735 1426 xxvnl
757 1393 885 1435 augusti
904 1393 978 1425 anni
996 1402 1133 1426 ‚unetxxl

397 1445 570 1487 expeditas,
588 1446 656 1489 ipsa
674 1446 817 1478 custodia
840 1445 927 1489 prius
946 1456 1010 1478 non
1029 1446 1134 1481 audita

397 1501 429 1528 et
453 1508 517 1530 non
543 1499 657 1531 citata:

440 1550 522 1589 Nos,
556 1562 692 1594 aequum
719 1557 750 1584 et
774 1552 893 1584 iustum
921 1553 960 1585 ab
989 1554 1026 1585 ea
1053 1552 1134 1595 peti-

397 1609 463 1635 tum
481 1604 673 1643 iudicantes,
696 1605 880 1647 praedictae
899 1605 1043 1638 eiusdem
1061 1616 1134 1637 san-

396 1656 530 1689 ctissimi
556 1657 676 1690 domini
704 1658 801 1690 nostri
829 1658 1066 1691 commissionis
1083 1670 1130 1699 ae,

397 1714 502 1742 tamen
528 1721 590 1752 quo
621 1710 786 1753 fungimur
817 1711 1012 1753 protectoris
1037 1711 1131 1743 officii

395 1763 506 1806 vigore
531 1769 562 1796 et
586 1764 787 1803 anctoritate,
807 1765 957 1797 omnibns
977 1770 1007 1797 et
1027 1765 1133 1808 singu-

397 1815 435 1848 lis
460 1826 544 1848 nunc
576 1821 608 1848 et
638 1827 698 1859 pro
728 1822 874 1860 tempore
899 1817 1129 1860 superioribus,

397 1873 457 1900 tam
484 1868 660 1901 maioribus
681 1880 776 1912 qnam
794 1870 982 1911 minoribns,
1002 1871 1132 1904 cuiusli-

396 1921 449 1953 bet
475 1921 636 1964 qualitatis
662 1927 693 1954 et
718 1922 905 1964 dignitatis,
935 1934 970 1955 ac
1001 1924 1131 1966 quibus—

396 1984 532 2016 cumque
558 1974 708 2007 fratribus
733 1974 860 2007 Ordinis
884 1975 1041 2008 Minorum
1071 1976 1131 2009 Oh-

395 2027 596 2059 servantibus
622 2033 652 2060 et
670 2027 874 2067 Reformans,
892 2029 955 2061 sive
973 2029 1035 2062 alio
1053 2041 1130 2073 quo-

394 2090 531 2122 cumque
567 2080 698 2112 nomine
733 2081 877 2121 vocatis,
915 2082 1128 2126 omnibusque

395 2133 491 2165 etiam
509 2137 539 2165 et
555 2132 691 2175 singulis
717 2134 874 2176 personis,
893 2134 931 2166 ad
954 2145 1033 2177 quos
1052 2146 1130 2178 quo-

394 2185 575 2218 modolibet
599 2190 722 2228 spectat
749 2191 780 2217 et
803 2186 954 2228 pertinet,
969 2192 1129 2229 spectare-

396 2249 457 2282 que
487 2244 517 2271 et
545 2239 710 2282 pertinere
739 2244 864 2281 potest,
884 2240 1072 2273 mandamus
1093 2252 1129 2274 ac

394 2292 503 2324 stricte
529 2291 746 2335 praecipimus
765 2291 825 2323 sub
850 2295 955 2335 poena
979 2293 1129 2335 privatio-

394 2345 443 2377 nis
469 2347 553 2378 vocis
579 2345 699 2378 activae
725 2350 755 2378 et
779 2346 923 2388 passivae
949 2346 1019 2389 ipso
1045 2348 1127 2380 sacto

393 2397 609 2437 incurrenda,
637 2398 772 2441 aliisque
803 2398 899 2431 ctiam
926 2399 1128 2441 gravioribus

393 2458 506 2484 nostro
532 2456 563 2484 et
587 2451 758 2484 cardinalis
778 2462 836 2494 pro
856 2457 1001 2495 tempore
1019 2459 1128 2496 prote-

394 2506 492 2537 ctoris
517 2505 651 2537 arbitrio
677 2504 903 2547 imponendis,
929 2516 968 2537 ne
994 2516 1127 2548 quomo-

393 2558 517 2591 dolibet
541 2563 572 2590 et
597 2558 875 2601 qualitercumque
904 2559 1044 2591 audeant
1073 2560 1127 2591 ad-

392 2621 501 2644 versus
518 2611 715 2654 praedictam
742 2610 917 2644 custodiam
943 2617 993 2643 aut
1020 2611 1124 2644 eidem

984 238 1164 263 mmmmm!
1188 237 1340 264 ROMANUM

1181 296 1406 319 concessorum
1431 288 1669 330 praedictorum
1694 288 1844 320 Rrevium
1873 292 1918 319 te·

1182 348 1294 370 norem
1325 338 1389 372 sive
1414 339 1447 372 in
1473 340 1594 373 eisdem
1619 345 1847 373 contentorum
1865 339 1918 372 ali-

1183 390 1267 433 quod
1294 391 1468 434 quidquam
1498 393 1548 425 vel
1579 393 1748 425 minimum
1782 397 1916 435 petere,

1182 447 1340 475 attentare
1373 444 1422 476 vel
1456 444 1586 485 facere,
1620 450 1684 477 tam
1724 443 1917 477 iudicialiter

1183 506 1277 538 qnam
1302 496 1607 537 extraiudicialiter‚
1633 509 1688 530 seu
1714 498 1778 531 alio
1803 497 1915 543 quoivis

1182 548 1288 588 modo,
1307 548 1391 581 intra
1408 550 1456 581 vel
1475 555 1563 582 extra
1584 545 1761 583 Romanam
1777 550 1916 590 Curiam,

1183 601 1303 633 directe
1336 602 1386 634 vel
1412 601 1585 642 indirecte,
1610 613 1668 645 per
1696 613 1730 635 se
1754 603 1840 646 ipsos
1865 603 1915 635 vel

1182 663 1240 695 per
1264 654 1356 693 alios,
1383 664 1449 686 non
1471 654 1588 686 vocatis
1612 655 1702 697 prius
1731 655 1916 688 authentice

1182 712 1236 738 aut
1259 706 1365 739 vocari
1393 706 1494 746 sactis,
1520 717 1556 739 ac
1581 708 1675 749 plene
1701 707 1740 740 de
1766 708 1916 740 omnibus

1182 764 1212 791 et
1237 759 1381 801 singulis,
1403 770 1485 803 quae
1503 765 1615 792 contra
1640 760 1788 792 eamdem
1813 764 1918 793 custo-

1183 812 1276 851 diam,
1296 817 1350 844 aut
1367 813 1514 845 eiusdem
1532 819 1710 846 memorata
1723 813 1842 853 Brevia,
1862 823 1917 856 pe-

1183 866 1287 905 tenda,
1315 866 1500 906 tractanda,
1535 867 1687 899 tentanda
1722 872 1776 899 aut
1807 867 1918 899 decer-

1182 914 1289 951 nenda
1314 923 1397 956 sunt,
1416 919 1598 951 certioretis
1612 924 1643 951 et
1668 919 1697 951 in
1724 919 1850 962 scriptis
1874 919 1918 952 in-

1182 971 1325 1003 formatis
1340 971 1388 1013 (ut
1399 981 1431 1003 se
1446 971 1629 1011 defendant,
1643 977 1697 1004 ant
1710 971 1917 1005 defensiones

1180 1034 1252 1056 suas
1277 1024 1480 1066 Apostolicae
1498 1024 1573 1057 Sedi
1591 1024 1706 1067 exponi
1730 1025 1856 1067 possint
1872 1024 1917 1057 sa-

1180 1077 1266 1119 cer-2)
1293 1077 1393 1120 ipsius
1417 1077 1584 1110 custodiae
1609 1088 1668 1121 pro
1694 1082 1842 1120 tempore
1863 1088 1916 1110 cu-

1180 1130 1271 1162 stode
1305 1136 1336 1162 et
1368 1129 1612 1170 definitoribus,
1639 1141 1674 1163 ac
1704 1130 1800 1163 etiam
1827 1130 1916 1174 prius

1927 237 1977 265 An.
1993 235 2023 264 C.
2044 237 2112 265 1672

1180 1183 1218 1215 de
1244 1183 1366 1216 eisdem
1392 1183 1570 1216 cardinali¹
1595 1183 1724 1217 Ordinis
1753 1194 1811 1227 pro
1839 1182 1932 1217 tem?

1179 1245 1255 1278 pore
1281 1240 1463 1278 protectore
1489 1236 1677 1278 informato,
1701 1236 1791 1268 cuins
1822 1236 1916 1269 etiam

1180 1294 1288 1330 partes
1305 1293 1398 1320 erunt
1415 1288 1445 1320 id
1464 1289 1503 1320 ad
1520 1288 1668 1321 notitiam
1689 1288 1846 1326 dictorum
1864 1299 1917 1321 cu-

1179 1340 1280 1373 stodis
1306 1346 1337 1372 et
1362 1340 1569 1373 definitorum
1594 1341 1774 1381 deducere,
1801 1346 1836 1373 ut
1860 1342 1915 1374 de-

1178 1393 1277 1425 beant
1312 1393 1416 1425 audiri
1448 1398 1478 1425 et
1503 1393 1696 1434 audiantur,
1729 1393 1915 1437 priusquam

1178 1445 1298 1488 aliquid
1314 1446 1398 1478 circa
1412 1446 1577 1488 praedicta
1592 1446 1837 1489 quomodolibet
1854 1452 1914 1479 tra-

1177 1503 1288 1538 ctetur,
1307 1504 1447 1541 petatur,
1469 1504 1619 1539 tentetur,
1646 1499 1829 1539 innovetur,
1859 1505 1914 1531 aut

1177 1551 1240 1590 fiat,
1261 1562 1317 1584 seu
1343 1552 1544 1592 decernatur,
1563 1558 1615 1584 aut
1639 1552 1706 1584 fieri
1726 1557 1757 1585 et
1781 1552 1910 1585 decerni

1176 1605 1364 1637 mandetur:
1391 1610 1423 1637 et
1447 1604 1489 1637 ita
1514 1605 1546 1637 in
1572 1605 1721 1638 omnibns
1746 1605 1911 1638 observari

1176 1658 1378 1697 mandamus,
1407 1668 1472 1690 non
1498 1660 1602 1692 solum
1627 1658 1826 1701 praemisso,
1855 1658 1910 1691 sed

1176 1711 1270 1742 etiam
1295 1710 1382 1743 omni
1406 1710 1533 1743 meliori
1569 1711 1677 1744 modo.

1217 1764 1331 1796 Datum
1350 1764 1478 1804 Romae,
1497 1764 1528 1796 in
1547 1764 1761 1797 cancellariae
1779 1769 1910 1807 aposto-

1174 1818 1254 1850 licae
1279 1817 1410 1860 palatio,
1438 1817 1489 1850 die
1514 1828 1524 1850 1
1550 1817 1662 1860 aprilis
1687 1827 1851 1851 ninctxxn.

1216 1871 1250 1903 F.
1278 1870 1448 1903 cardinalis
1473 1871 1689 1911 Birzssmzmus,
1714 1875 1892 1914 protector.

1304 1925 1390 1957 Loco
1414 1927 1437 1965 -Γ
1462 1924 1559 1967 sigilli
1585 1936 1615 1956 ».

1216 1978 1230 2020 ἓ
1254 1977 1284 2010 2.
1312 1977 1388 2010 Cum
1412 1983 1529 2018 autem,
1562 1977 1646 2010 sicut
1670 1977 1783 2010 eadem
1810 1987 1908 2020 expo-

1172 2031 1244 2063 sitio
1271 2030 1500 2073 subiungebat,
1526 2029 1681 2073 praedicti
1707 2035 1906 2073 exponentes

1172 2083 1356 2126 praemissa,
1384 2093 1446 2126 quo
1471 2082 1592 2115 firmius
1617 2083 1802 2123 subsistant,
1830 2094 1906 2126 apo-

1171 2137 1302 2168 stolicae
1328 2135 1582 2168 confirmationis
1615 2141 1744 2168 nostrae
1770 2136 1906 2178 patroci-

1171 2190 1223 2222 nio
1248 2188 1438 2221 communiri
1467 2199 1672 2231 summopere
1705 2188 1904 2221 desiderent:

1214 2243 1228 2285 ἓ
1245 2242 1275 2275 3.
1296 2242 1368 2280 Nos,
1387 2241 1560 2284 specialem
1572 2241 1649 2285 ipsis
1666 2241 1906 2284 exponentibus

1170 2295 1304 2338 gratiam
1330 2295 1432 2327 facere
1458 2295 1618 2333 volentes,
1651 2302 1682 2329 et
1706 2305 1818 2327 eornm
1843 2295 1906 2327 sin-

1170 2349 1297 2390 gulares
1321 2357 1476 2390 personas
1500 2357 1517 2379 a
1536 2347 1700 2390 quibusvis
1726 2357 1906 2380 excommu-

1170 2401 1341 2434 nicationis
1357 2427 1364 2440 ,
1396 2399 1622 2443 suspensionis
1657 2405 1689 2433 ct
1712 2400 1903 2441 interdicti,

1169 2454 1307 2496 aliisque
1333 2452 1563 2485 ecclesiasticis
1589 2453 1768 2493 sententiis,
1795 2463 1908 2485 censu-

1169 2507 1212 2538 ris
1241 2511 1271 2538 et
1302 2504 1436 2548 poenis,
1466 2516 1483 2537 a
1510 2505 1580 2538 iure
1613 2506 1661 2538 rel
1691 2506 1730 2538 ab
1763 2506 1904 2546 homine,

1170 2559 1281 2602 quavis
1305 2558 1472 2591 occasione
1498 2559 1546 2591 rel
1576 2561 1670 2591 causa
1692 2559 1772 2599 latis,
1791 2559 1815 2591 si
1834 2559 1904 2602 qui-

1207 2622 1216 2646 t
1231 2620 1296 2647 Male
1308 2620 1349 2646 ed.
1363 2620 1441 2647 Maiu.
1455 2620 1506 2656 ug.
1520 2621 1641 2650 eiusdem
1654 2622 1812 2650 cardinalis
1823 2621 1900 2657 (nst).

1944 1987 2028 2007 Penne.

1965 2250 2100 2271 Confirmatio

1916 2276 1995 2297 ‹tei-reu
2005 2281 2026 2297 ut
2036 2278 2055 2298 iu
2066 2284 2099 2297 ru·

1916 2303 1983 2324 brit-a.
