2279 3260
186 262 234 289 An.
251 262 280 290 C.
303 263 367 291 1671

379 315 567 356 praemissis
593 322 778 360 opportune
809 319 982 361 providere
1016 327 1047 353 et
1076 325 1111 353 ut

1003 271 1145 297 CLEMENS
1165 275 1185 298 Χ
1208 274 1256 298 ΡΡ.

1790 275 1854 306 ¹285
1901 283 1951 309 Αη.
1967 283 1994 308 C.
2019 284 2080 310 ¹⁶71

1197 323 1211 365 ἓ
1234 322 1266 356 3.
1293 322 1509 357 Decernentes
1540 327 1668 359 easdem
1701 335 1888 370 praesentes
1927 342 2037 364 neemiam
2058 350 2084 364 π.

379 366 461 399 infra
486 368 656 411 indulgere
686 371 725 403 de
758 371 958 414 benignitate
983 379 1111 417 aposto·
1153 373 1275 407 litteras
1303 385 1432 419 semper
1450 376 1565 417 sirmas,
1587 379 1706 412 validas
1733 386 1765 412 et
1789 370 1974 414 ostica-''²³⁰‘'

378 419 439 451 lica
460 420 676 462 dignaremur.

421 472 435 514 ἓ
460 472 490 504 ⁶2.
507 473 569 506 Nos
587 474 693 516 igitur,
710 476 797 518 ipsos
814 477 995 511 ministrum
1014 490 1110 521 genc-

378 526 478 557 ralem
510 536 546 558 ac
570 527 757 561 definitores
784 532 951 572 generales
977 537 1009 564 et
1033 533 1110 564 assi-

377 582 499 610 stentes
519 605 526 618 ‚
552 589 681 612 necnon
706 581 899 615 Ludovicum
924 590 1109 626 procurato-

375 639 441 661 rem
468 633 665 672 generalem,
686 634 880 676 specialibus
899 636 1060 669 favoribus
1078 643 1109 669 et

375 682 486 723 gratiis
509 685 663 727 prosequi
689 687 845 727 volentes,
866 693 896 720 et
914 699 1026 721 eorum
1043 689 1108 722 sin-

375 737 503 777 gulares
528 747 681 779 personas
702 749 719 770 a
736 739 898 782 quibusvis
923 752 1106 774 excommu-

374 787 569 828 nicationis,
601 791 827 833 suspensionis
860 799 890 826 ct
920 794 1103 835 interdicti,

373 840 509 884 aliisque
535 843 759 876 ecclesiasticis
785 846 957 878 sententiis
983 853 1014 880 et
1031 859 1106 890 poe-

373 893 434 933 nis,
455 905 471 926 a
495 894 565 927 iure
590 897 639 928 vel
665 896 703 928 ab
729 897 870 937 homine,
889 899 1000 941 quavis
1020 911 1105 933 occa-

371 946 463 979 sione
488 948 536 980 vel
561 950 654 980 causa
679 949 761 990 latis,
779 950 804 981 si
830 951 945 993 quibus
970 963 1105 995 quomo-

371 998 494 1031 dolibet
518 1000 709 1033 innodatus¹
735 1002 864 1043 existit,
892 1004 931 1036 ad
957 1004 1104 1038 effectum

369 1052 590 1094 praesentium
623 1054 786 1087 dumtaxat
817 1058 1100 1100 consequendum,

370 1103 486 1136 harum
510 1105 592 1138 serie
618 1106 820 1141 absolventes
845 1114 877 1141 et
901 1110 1103 1143 absolun1m2

369 1156 435 1189 sore
460 1163 652 1199 censentes,
680 1159 864 1194 huiusmodi
894 1163 1104 1206 supplicatio-

368 1209 462 1242 nibus
488 1210 645 1251 inclinati,
673 1217 707 1244 ut
739 1213 777 1246 de
803 1219 910 1247 cetero
936 1226 1047 1249 omnes
1072 1223 1103 1250 et

369 1262 488 1305 singuli
521 1262 709 1297 definitores
745 1268 896 1310 perpetui
922 1269 1103 1311 provincia-

368 1324 440 1347 rum
466 1315 542 1348 dicti
566 1315 706 1358 Ordinis,
724 1319 820 1352 modo
842 1325 873 1352 et
892 1321 995 1354 forma
1011 1333 1103 1365 prae-

367 1366 452 1407 fatis,
479 1374 551 1410 post
574 1368 700 1402 finitum
726 1371 870 1405 lecturae
895 1384 950 1406 seu
974 1376 1102 1417 praedi-

367 1420 503 1453 cationis
531 1422 580 1454 vel
612 1423 790 1465 magisterii
822 1425 1017 1459 novitiorum
1049 1434 1103 1460 aut

366 1472 611 1516 inquisitoratus
628 1481 751 1519 tenipus
765 1488 824 1520 per
841 1480 1102 1514 constitutionem

367 1525 512 1558 eiusdem
535 1527 664 1561 Ordinis
696 1540 751 1562 seu
769 1531 947 1573 praefatum
966 1534 1102 1566 Alexan-

367 1578 415 1610 dri
440 1580 702 1621 praedecessoris
726 1583 891 1616 decretum
924 1587 1101 1629 respective

366 1632 615 1675 praescriptum,
634 1634 672 1666 ab
691 1635 848 1669 existente
873 1648 931 1680 pro
957 1644 1100 1682 tempore

366 1685 516 1718 ministro
534 1688 678 1728 generali
695 1687 824 1722 Ordinis
840 1690 1025 1725 huiusmodi
1043 1703 1101 1735 per

366 1743 513 1780 patentes
527 1740 594 1772 eius
607 1740 746 1782 litteras,
766 1744 955 1787 ceteroquin
973 1747 1101 1779 canoni-

366 1801 412 1831 ce,
431 1791 587 1825 hactenus
602 1793 741 1826 instituti
762 1800 792 1827 et
809 1795 841 1828 in
856 1796 999 1831 futurum
1016 1799 1100 1832 insti—

367 1845 492 1885 tuendi,
520 1845 608 1878 illico
635 1848 918 1890 exprovincialium
943 1854 1100 1894 praeemi—

364 1896 504 1938 nentiiS,
529 1899 764 1941 praerogativis
799 1907 830 1933 et
861 1905 1098 1945 praecedentiis

363 1949 516 1991 fruantur,
544 1951 712 1993 potiantur
737 1958 768 1985 et
792 1956 961 1996 gaudeant,
979 1957 1010 1989 in
1032 1969 1099 1991 om-

364 2001 459 2034 nibus
477 2008 507 2034 et
525 2014 582 2045 per
606 2004 724 2045 omnia,
744 2017 779 2039 ac
799 2008 867 2040 sine
885 2010 949 2041 ulla
967 2021 1098 2052 prorsus

365 2054 556 2097 dillereutia,
578 2068 613 2089 ac
639 2057 664 2089 si
690 2059 940 2100 provincialatus
965 2073 1097 2097 munere

365 2107 465 2140 suncti
490 2108 649 2149 fuissent,
677 2116 771 2154 atque
804 2113 848 2145 ita
878 2114 962 2147 inter
987 2127 1042 2149 eos
1067 2123 1096 2149 ct

365 2161 620 2202 exprovinciales
646 2165 807 2205 praefatos
824 2172 969 2199 servetur
986 2179 1098 2212 aequa-

363 2212 443 2251 litas,
455 2213 500 2245 ut³
511 2216 615 2256 quoad
630 2216 776 2249 ordinem
790 2220 1036 2260 praecedentiae
1049 2233 1098 2255 so-

364 2266 394 2297 la
414 2265 564 2307 prioritas
579 2268 642 2299 sive
664 2269 834 2302 antianitas
860 2272 1096 2306 definitoriatus

365 2322 396 2348 ct
430 2319 632 2360 paternitatis
669 2321 853 2363 provinciae
889 2327 1094 2368 attendatur,

364 2370 551 2404 auctoritate
588 2374 773 2415 apostolica,
807 2381 917 2409 tenore
946 2389 1097 2421 praesen-

364 2422 456 2463 tium,
487 2425 694 2458 concedimus
720 2432 751 2459 et
776 2428 993 2472 indulgemus.

225 481 320 505 Indulget
344 483 367 502 ut

185 507 204 526 in
219 508 310 528 rubrica.

399 2504 407 2528 1
433 2502 469 2528 Ex
491 2504 642 2538 praemissis
662 2505 804 2541 legendum
820 2509 978 2536 innodatae
993 2516 1033 2544 (R.
1047 2513 1094 2546 T.).

397 2547 414 2573 2
433 2547 470 2573 Ex
490 2549 644 2583 praemissis
663 2551 722 2584 lege
744 2553 886 2580 absolutas
906 2556 944 2587 (u.
962 2555 1010 2589 r).

397 2591 412 2618 3
433 2592 567 2620 Particula
584 2598 612 2621 ιιι
628 2603 676 2621 uos
691 2595 831 2631 addimus5
852 2598 894 2625 ed.
916 2600 1033 2628 Cherub.
1049 2602 1095 2628 ha-

361 2635 406 2662 bet
426 2639 451 2664 et
470 2645 518 2672 pro
539 2641 568 2666 ut
586 2639 676 2675 (rur).

1153 437 1204 458 ces
1232 427 1370 460 existere
1398 433 1428 460 et
1452 429 1533 469 sore,
1562 441 1700 473 suosque
1725 433 1888 474 plenarios

1153 483 1185 510 et
1209 478 1349 522 integros
1378 479 1507 513 ell'ectus
1533 483 1640 515 sortiri
1667 489 1698 516 et
1720 485 1886 526 obtinere,

1153 541 1187 563 ac
1211 531 1285 571 illis,
1311 533 1350 565 ad
1369 544 1448 576 quos
1470 541 1592 577 spectat
1609 541 1639 569 et
1657 547 1714 579 pro
1741 543 1886 581 tempore

1152 585 1419 629 quandocumque
1437 588 1603 630 spectabit,
1623 589 1654 621 in
1681 590 1829 624 omnibus
1856 597 1888 624 et

1151 647 1210 679 per
1235 637 1342 670 omnia
1367 639 1552 681 plenissime
1579 641 1760 684 suffragari,
1792 649 1822 676 et
1847 645 1885 677 ab

1150 688 1214 721 illis
1239 691 1414 733 respective
1440 692 1672 727 inviolabiliter
1706 695 1882 736 observari,

1193 742 1208 784 ἓ
1233 742 1263 774 4.
1291 743 1406 786 Sicque
1433 744 1464 776 in
1490 746 1675 788 praemissis
1702 758 1761 790 per
1786 759 1886 791 quos·
1923 761 2079 791 uagatum-1-

1149 803 1283 836 cumque
1308 795 1428 828 iudices
1462 797 1641 831 ordinarios
1666 805 1697 831 et
1722 800 1885 843 delegatos
1896 787 2079 834 giiiiif'm’ed*

1149 845 1247 877 etiam
1272 857 1443 880 causarum
1464 849 1577 891 palatii
1603 853 1774 893 apostolici
1800 852 1885 885 audi-

1150 902 1258 938 tores,
1291 900 1429 932 iudicari
1456 906 1488 933 et
1513 901 1641 935 deliniri
1674 904 1820 945 debere,
1848 916 1884 938 ac

1148 950 1277 983 irritum
1309 957 1341 984 et
1365 953 1461 986 inane
1487 954 1514 986 si
1539 965 1634 988 secus
1661 967 1762 1000 super
1794 959 1845 991 his
1867 970 1884 991 a

1148 1014 1324 1047 quoquam,
1355 1006 1468 1048 quavis
1490 1009 1686 1042 auctoritate
1703 1036 1711 1050 ,
1739 1010 1885 1044 scienter

1147 1057 1197 1089 vel
1221 1056 1425 1099 ignoranter,
1454 1060 1631 1102 contigerit
1649 1064 1815 1096 attentari.

1190 1110 1203 1152 ἓ
1229 1109 1260 1142 5.
1283 1110 1353 1143 Non
1384 1112 1590 1146 obstantibus
1621 1115 1819 1157 praemissis,
1845 1128 1882 1149 ae
1920 1126 2075 1157 Cumanorum

1145 1162 1433 1196 constitutionibus
1460 1170 1490 1197 et
1521 1166 1781 1200 ordinationibus
1805 1154 2011 1212 apo-dmum

1146 1214 1281 1254 stolicis,
1304 1225 1432 1248 necnon
1450 1215 1578 1250 Ordinis
1596 1224 1628 1250 et
1642 1219 1883 1261 provinciarum

1146 1265 1342 1307 huiusmodi,
1369 1268 1467 1300 etiam
1490 1269 1674 1303 iuramento
1691 1298 1697 1311 ,
1716 1271 1884 1306 confirma-

1146 1319 1232 1351 tione
1250 1320 1438 1362 apostolica,
1454 1322 1503 1354 vel
1529 1323 1638 1365 quavis
1655 1323 1804 1357 firmitate
1822 1326 1883 1358 alia

1145 1371 1304 1404 roboratis
1323 1399 1330 1413 ,
1358 1374 1482 1407 statutis
1516 1380 1548 1407 et
1572 1377 1880 1418 consuetudinibus,

1145 1423 1322 1466 privilegiis
1363 1436 1494 1469 quoque
1531 1427 1664 1460 indultis
1700 1434 1732 1461 et
1767 1430 1880 1464 litteris

1145 1477 1330 1518 apostolicis
1350 1477 1382 1509 in
1408 1479 1605 1512 contrarium
1628 1482 1879 1523 praemissorum

1145 1530 1392 1572 quomodolibet
1422 1533 1601 1573 concessis,
1627 1534 1822 1568 confirmatis
1849 1541 1880 1568 et

1144 1582 1322 1623 innovatis;
1350 1583 1467 1626 quibus
1493 1585 1642 1618 omnibus
1670 1591 1703 1618 et
1726 1587 1880 1630 singulis,

1144 1635 1276 1667 illorum
1298 1640 1427 1669 tenores
1449 1638 1676 1680 praesentibus
1698 1650 1756 1682 pro
1782 1641 1880 1683 plene

1144 1692 1176 1720 et
1201 1687 1398 1721 sufficienter
1423 1690 1583 1732 expressis
1607 1696 1638 1723 et
1663 1691 1791 1724 insertis
1824 1693 1881 1726 ha-

1144 1741 1268 1781 bentes,
1282 1741 1345 1774 illis
1370 1742 1448 1774 alias
1473 1742 1505 1774 in
1524 1753 1581 1776 suo
1599 1744 1717 1777 robore
1735 1755 1881 1788 perman-

1143 1793 1244 1833 suris,
1278 1795 1316 1826 ad
1342 1794 1594 1837 praemissorum
1621 1796 1792 1838 effectum,
1819 1799 1880 1832 hac

1143 1845 1210 1878 vice
1248 1846 1429 1888 dumtaxat,
1454 1848 1636 1891 specialiter
1661 1855 1692 1881 et
1724 1860 1878 1892 expresse

1143 1899 1348 1942 derogamus3
1365 1901 1547 1944 ceterisque
1562 1902 1734 1935 contrariis
1750 1903 1878 1946 quibus—

1142 1962 1290 1995 cumque.

1184 2004 1252 2047 §ti
1290 2006 1442 2038 Volumus
1480 2013 1588 2041 autem
1617 2014 1652 2040 ut
1687 2011 1874 2043 earumdem
1920 2022 2070 2049 ”transumpto—

1141 2058 1359 2100 praesentium
1376 2060 1557 2093 litterarum
1579 2063 1802 2105 transumptis,
1819 2075 1875 2096 seu
1887 2055 1931 2069 ’Ἢ
1948 2049 2006 2070 Μ”“”

1141 2111 1304 2153 exemplis,
1331 2111 1427 2144 ctiam
1447 2113 1638 2156 impressis,
1664 2125 1760 2146 manu
1778 2116 1878 2147 alicu-

1140 2163 1187 2195 ius
1212 2164 1329 2195 notarii
1356 2165 1479 2207 publici
1499 2166 1699 2209 subscriptis,
1721 2173 1752 2199 et
1769 2168 1877 2210 sigillo

1140 2226 1298 2258 personae
1324 2216 1355 2248 in
1381 2219 1602 2251 ecclesiastica
1627 2220 1782 2262 dignitate
1804 2232 1878 2254 con-

1139 2268 1269 2301 stitutae
1298 2270 1448 2310 munitis,
1487 2273 1600 2304 eadem
1628 2284 1760 2315 prorsus
1793 2273 1874 2307 fides

1139 2321 1334 2353 adhiheatur
1365 2322 1397 2354 iu
1423 2323 1541 2356 iudicio
1577 2330 1609 2357 et
1647 2333 1756 2365 extra,
1790 2338 1872 2369 quae

1139 2375 1365 2416 praesentibus
1386 2376 1463 2418 ipsis
1488 2378 1699 2412 adhiberetur
1721 2381 1745 2412 si
1769 2381 1875 2413 sorcut

1140 2427 1302 2460 exhibitae
1327 2429 1375 2460 vel
1401 2435 1564 2463 ostensae.

1182 2480 1296 2513 Datum
1321 2482 1454 2521 Romae,
1472 2485 1554 2525 apud
1574 2484 1604 2517 S.
1625 2485 1755 2517 Mariam
1780 2486 1875 2519 ΜειίοΒ

1139 2543 1216 2573 rem,
1231 2535 1289 2566 sul]
1308 2537 1428 2568 annulo
1444 2536 1627 2577 piscatoris,
1646 2538 1696 2570 die
1724 2548 1732 2570 Ι
1754 2539 1873 2571 decem-

1138 2586 1204 2617 bris
1228 2597 1376 2627 mnctxxi,
1393 2588 1596 2631 pontificatus
1615 2590 1716 2623 nostri
1731 2601 1815 2623 anno
1835 2603 1869 2625 11.

1173 2647 1231 2675 Dat.
1250 2648 1292 2675 die
1310 2650 1320 2675 1
1338 2649 1489 2677 decembris
1509 2651 1585 2684 1671,
1603 2652 1695 2686 pontif,
1715 2660 1784 2679 anuo
1799 2658 1826 2680 u.
