2279 3260
160 250 209 276 Αη.
227 249 256 276 Γ..
279 249 346 276 1075

353 299 461 342 quoad
487 310 598 332 omnes
615 306 646 333 et
663 301 805 342 singulos
832 300 953 332 imlires
978 310 1089 342 supra-

354 351 466 391 dictos,
484 357 514 384 et
527 353 612 392 alias,
625 353 655 384 in
674 352 824 385 omnibus
844 358 873 384 et
894 363 951 395 per
970 351 1088 391 onmia,

354 410 452 447 prout
469 405 500 437 in
519 405 635 437 litteris
661 405 735 437 dicti
757 405 902 447 Gregorii
922 405 971 437 XV
998 415 1090 447 prae-

355 458 534 491 decessoris
569 469 755 501 exprcssum
789 463 845 496 est,
872 458 954 490 circa
987 459 1090 489 ent-le-

355 510 415 543 sias
453 515 484 542 et
519 511 724 549 monasteria,
750 516 781 543 et
812 511 978 552 signanter
1008 509 1091 541 circa

355 563 575 606 supradictum
607 563 637 596 S.
665 564 748 597 Petri
775 563 993 597 Laudiveteris
1014 563 1091 595 Lau-

356 616 466 649 densis
500 616 677 657 dioecesis,
705 627 883 660 eorumque
916 616 1088 656 ecclesias,

355 670 529 712 cappellas‚
556 670 777 713 cappellanias
803 674 834 702 et
862 669 1030 708 beneficia,
1056 679 1092 701 ac

355 722 509 762 membra,
536 722 776 766 expendentffl',
803 723 907 761 bona,
934 722 1089 764 praedia,

356 775 507 813 redditus,
545 781 727 819 proventus,
762 775 843 815 iura,
880 774 1090 808 obventiones

356 833 389 860 et
412 829 630 861 emolumenta
648 838 868 872 quaecumque
887 827 971 860 dicto
998 828 1092 860 colle-

356 881 407 924 gio
433 880 554 913 dudum
579 881 757 924 apostolica
775 880 964 913 auctoritate
982 889 1092 922 perpe-

357 938 410 966 tuo
433 933 535 973 unita,
555 944 680 966 annexa
701 938 732 966 et
754 933 971 976 incorporata,
997 938 1028 965 et
1052 931 1091 963 ab

357 996 394 1019 co
419 986 663 1030 quomodolibet
681 985 907 1028 expendentia,
927 985 1011 1017 acin
1031 984 1091 1017 alia

357 1050 580 1083 quaecumque
616 1038 826 1077 monasteria,
863 1039 1024 1081 prioratus
1061 1042 1114 1070 et>

356 1092 507 1125 ecclesias
528 1096 560 1124 et
583 1090 751 1129 beneficia,
771 1101 853 1134 quae
872 1090 975 1123 eidem
994 1090 1092 1122 colle-

355 1144 406 1186 gio
424 1143 494 1187 pari
513 1143 704 1176 auctoritate
726 1143 757 1175 in
781 1144 922 1175 futurum
949 1143 1092 1186 quando-

355 1206 491 1239 cumque
522 1195 620 1235 uniri,
653 1196 781 1228 annecti
819 1200 851 1228 et
887 1194 1115 1239 incorporari}

355 1249 571 1292 contingeret,
592 1259 770 1291 eorumque
787 1249 965 1292 respective
982 1259 1094 1292 perso-

356 1313 430 1343 nas,
455 1302 684 1346 presbyteros,
709 1303 931 1346 cappellanos,
958 1303 1092 1335 vicarios

356 1361 388 1388 et
402 1354 564 1387 ministros
582 1355 757 1398 quoslibet,
775 1355 875 1388 libere
887 1366 923 1389 ae
940 1356 1007 1387 sine
1025 1356 1092 1388 ullo

356 1419 492 1452 prorsus
517 1408 751 1451 impedimento
778 1419 929 1441 exercere
945 1435 952 1447 ,
973 1414 1094 1442 cetera-

357 1472 419 1505 que
438 1461 545 1494 omnia
564 1461 609 1494 eis
626 1472 686 1504 per
702 1461 863 1504 praefatas
882 1462 1004 1494 litteras
1021 1472 1094 1505 quo-

356 1514 402 1546 vis
426 1514 522 1546 modo
541 1523 696 1546 concessa
717 1513 820 1546 facere
839 1519 870 1546 et
888 1514 1002 1556 exequi
1020 1524 1094 1556 pos-

357 1577 390 1600 se
416 1577 451 1600 ac
472 1567 601 1607 debere,
623 1572 724 1606 motu,
744 1566 878 1599 scientia
899 1572 930 1599 et
953 1572 1094 1609 potesta-

358 1620 397 1653 tis
414 1619 618 1664 plenitudine
636 1619 770 1662 paribus
789 1619 970 1652 decreverit
990 1625 1020 1652 et
1040 1620 1094 1653 de-
1116 1640 1117 1643 =

358 1672 548 1712 claraverit;

162 1732 237 1779 omnm
253 1733 346 1779 ⁹⁰¹¹P³sj³ss
404 1726 447 1757 Ae
473 1725 602 1758 demum
627 1735 704 1765 nos,
730 1730 819 1758 motu
852 1725 1001 1757 similiter
1020 1736 1095 1768 pro-

162 1765 347 1834 ffiissrpiiifiliffgffi
360 1779 452 1822 prio,
477 1790 514 1810 ac
547 1781 636 1811 certa
660 1778 793 1811 scientia
825 1783 855 1811 et
887 1781 1011 1811 matura
1042 1779 1095 1811 de-

162 1837 246 1865 monio
275 1832 551 1865 confir-liberatione
589 1831 720 1871 nostris,
752 1832 857 1874 drapte
895 1832 1094 1875 apostolicae

161 1865 258 1911 &viiia
271 1870 528 1927 appr&potestatis
547 1883 760 1926 plenitudine,
779 1884 924 1926 praefata
942 1885 1050 1917 omnia
1064 1890 1095 1917 et

357 1936 484 1979 singula
502 1936 680 1979 privilegia,
701 1936 880 1976 facultates,
902 1937 1095 1969 iurisdictio·
1115 1963 1117 1977 ;

356 1999 427 2029 nes,
454 1989 712 2032 superioritates,
740 1990 991 2032 praerogativas,
1026 1980 1117 2032 gra-³

357 2041 414 2074 tias
439 2047 471 2074 et
494 2041 629 2081 indulta,
654 2041 822 2084 praedicto
848 2042 987 2084 collegio
1009 2042 1095 2074 eius·
1115 2051 1116 2058 ¹

356 2105 418 2137 que
445 2094 602 2137 personis,
629 2095 726 2127 rebus
753 2100 783 2127 et
806 2094 912 2131 bonis,
934 2106 970 2127 ac
992 2095 1094 2127 cardi·
1114 2113 1116 2124 ι

356 2147 483 2180 nalibus
503 2147 588 2180 illius
605 2147 850 2190 protectoribus,
870 2153 901 2180 et
919 2147 997 2180 alias
1015 2159 1094 2192 quo-

357 2200 539 2233 modolibet
562 2211 715 2233 concessa
732 2205 764 2233 et
780 2200 933 2233 attributa
957 2211 994 2233 ac
1017 2211 1094 2234 con-

357 2253 482 2286 firmata
507 2258 538 2286 et
563 2254 750 2297 approbata,
772 2253 1002 2297 parssbrmiter,
1021 2265 1093 2287 cum

357 2307 507 2339 omnibus
533 2306 608 2340 iude
633 2306 777 2349 legitime
803 2307 922 2340 secutis
948 2312 980 2339 et
1004 2318 1094 2340 secu-

357 2359 737 2402 turiS‚:1pp1‘obaverim11s
751 2365 783 2392 et
800 2360 1094 2393 confirmaverimus

356 2423 391 2444 ac
416 2411 688 2452 innovaverimus,
715 2418 846 2456 rataque
873 2418 904 2446 et
924 2419 1011 2456 grata
1038 2414 1094 2446 ha-

356 2465 535 2505 huerimus,
563 2475 598 2497 ac
622 2464 686 2498 illis
712 2465 860 2498 omnibus
895 2471 927 2499 et
956 2467 1092 2509 siugulis

355 2523 532 2561 perpetuae
558 2523 654 2561 atque
679 2518 911 2562 irrefragabilis
941 2520 1095 2563 apostoli-

393 2589 402 2615 1
426 2589 527 2615 Forsan
543 2588 685 2624 legendum
701 2589 904 2624 dependentia,
925 2596 951 2617 et
971 2591 1006 2617 ita
1022 2591 1095 2617 simi-

356 2633 420 2660 liter
439 2633 517 2669 paulo
539 2637 608 2668 post,
630 2633 676 2659 lin.
700 2635 731 2660 Μ
750 2635 787 2668 (R.
800 2636 849 2667 T.).

445 2687 524 2716 Ball.
546 2688 628 2714 Rom.
646 2701 679 2707 —-
698 2687 756 2715 Vol.
775 2688 878 2715 XVIII.
1025 2690 1057 2719 72

978 251 1006 275 (Π
1019 251 1118 274 minvs
1140 253 1158 275 Χ
1184 252 1230 275 FP.

1771 244 1834 275 5Γο

1131 310 1185 332 cae
1222 299 1379 332 firmitatis
1419 301 1539 340 robur,
1581 301 1795 343 patrocinium
1837 307 1869 333 et

1132 352 1328 394 praesidium
1363 353 1581 392 adiererirnus,
1609 360 1637 385 et
1665 354 1750 393 alias,
1775 358 1870 397 prout

1132 404 1163 436 iu
1190 405 1304 437 nostris
1325 405 1463 448 desuper
1490 405 1518 437 in
1546 405 1642 438 simili
1670 406 1768 438 forma
1794 406 1869 438 Bre-

1132 456 1177 489 vis
1198 457 1247 490 die
1267 467 1301 490 ιιι
1321 458 1501 490 novembris
1519 457 1664 501 proxime
1691 458 1867 501 praeteriti,

1887 255 1927 279 lu.
1942 253 1971 278 C.
1997 252 2061 278 tt.7;’,

1123 520 1169 542 'ac
1182 510 1317 553 siugulis
1331 511 1617 553 praedeeessorum
1632 511 1869 553 praedictorum

1133 573 1230 606 super
1265 563 1453 606 praemissis
1491 563 1671 606 respective
1708 563 1868 606 expeditis

1135 616 1257 655 litteris⁷
1285 626 1420 658 quarum
1448 617 1591 649 omnium
1611 621 1642 649 et
1667 616 1870 658 singularum

1135 673 1264 701 tenores
1290 669 1515 711 praesentibus
1534 679 1592 711 pro
1609 669 1703 712 plene
1729 674 1759 701 et
1785 670 1870 701 susti-

1134 720 1259 754 cienter
1280 722 1440 764 expressis
1460 727 1490 754 et
1508 722 1546 754 de
1564 722 1664 755 verbo
1683 722 1721 754 ad
1739 722 1870 754 verbum

1134 773 1263 806 insertis
1294 774 1404 806 haberi
1435 775 1580 808 volumus
1613 774 1745 807 uberius
1770 775 1871 807 conti-

1135 825 1294 871 netur¹]:

1177 880 1395 914 Nihilominus
1432 881 1625 914 venerabilis
1663 879 1762 914 frater
1794 881 1870 914 Bar·
1903 893 2067 921 *inflammem-

1136 933 1337 966 tholomaeus
1373 933 1544 976 episeopus
1582 934 1760 966 Laudensis
1790 919 2067 976 (nonssiss'ssssmiffssffi

1135 986 1264 1018 attentis
1299 996 1359 1018 nec
1397 987 1433 1018 ea
1464 996 1528 1028 qua
1564 986 1656 1018 decet
1690 971 1947 1019 reverentia⁴³¹⁶²²'

1135 1039 1269 1071 servatis
1294 1039 1471 1082 privilegiis
1491 1045 1523 1071 et
1541 1039 1748 1072 facultatibus
1764 1039 1873 1071 huius-

1135 1092 1223 1124 modi
1247 1092 1371 1125 eisdem
1396 1092 1614 1125 cardinalibus
1633 1092 1872 1134 protectoribus

1135 1155 1193 1188 per
1206 1145 1366 1188 praefatos
1379 1144 1542 1177 Romanos
1556 1145 1727 1177 Pontifices
1745 1150 1872 1178 nostros

1134 1202 1170 1229 ut
1194 1197 1376 1240 praefertur
1401 1197 1563 1230 mneessis
1588 1202 1619 1229 et
1642 1207 1701 1240 per
1725 1207 1782 1229 nos
1803 1207 1874 1230 con-

1136 1250 1270 1282 firmatis
1297 1255 1327 1283 et
1351 1249 1395 1282 im
1435 1250 1524 1293 zuis)
1549 1250 1695 1293 ipsorum
1728 1250 1875 1283 cardina-

1136 1303 1215 1335 lium
1239 1307 1421 1346 protectorr
1485 1312 1519 1334 ac
1537 1302 1680 1335 iudicum
1699 1302 1738 1335 ab
1756 1302 1801 1335 eis
1824 1303 1875 1336 de-

1137 1361 1322 1399 putatorum
1341 1355 1399 1388 iuri
1446 1355 1596 1388 Tetionem
1617 1356 1818 1398 perturbare,
1838 1367 1875 1389 ac

1136 1409 1244 1442 vicarii
1271 1413 1303 1441 et
1320 1419 1409 1452 capp:⁴
1427 1410 1586 1442 fflanorum
1605 1408 1643 1441 ad
1662 1409 1875 1442 exercendam

1137 1461 1169 1494 in
1194 1461 1377 1505 supradicta
1401 1461 1581 1504 latrocinali
1607 1461 1743 1494 ecclesia
1767 1461 1798 1494 S.
1818 1461 1877 1494 Pe-

1138 1514 1176 1546 tri
1202 1514 1421 1547 Laudiveteris
1447 1514 1628 1554 animarum
1656 1525 1774 1555 curam,
1801 1526 1877 1547 nec-

1137 1578 1201 1601 non
1222 1567 1462 1600 concionatoris
1481 1567 1520 1599 ad
1538 1567 1795 1610 praedicandum
1816 1567 1876 1599 ibi-

1138 1621 1209 1654 dem
1243 1621 1375 1654 verbum
1406 1621 1461 1653 Dei
1494 1620 1737 1664 deputati-anem
1770 1621 1808 1653 ad
1840 1631 1875 1653 se

1138 1678 1281 1717 spectare
1299 1673 1494 1716 praetendit,
1512 1683 1548 1705 ac
1565 1673 1799 1713 concionatori,
1817 1683 1876 1716 per

1138 1727 1270 1759 eosdem
1301 1725 1482 1759 cardinales
1507 1731 1709 1769 protectores
1742 1737 1798 1759 seu
1824 1737 1877 1759 eo-

1116 1810 1117 1813 ,
1138 1790 1208 1811 rum
1232 1779 1317 1811 iussu
1345 1779 1392 1811 vel
1418 1779 1608 1811 auctoritate
1635 1779 1798 1822 deputato,
1820 1779 1877 1811 be-

1138 1831 1355 1865 nedictionem
1388 1831 1565 1864 concedere
1598 1832 1767 1871 recusavit,
1797 1832 1877 1865 itaut

1138 1896 1222 1918 anno
1247 1885 1394 1928 proxime
1420 1884 1595 1928 praeterito
1616 1885 1789 1918 millesimo
1807 1896 1877 1918 sex-

1138 1938 1315 1971 centesimo
1346 1937 1585 1982 septuagesimo
1615 1944 1730 1981 quarto
1759 1939 1797 1971 ad
1828 1950 1878 1972 ve-

1138 1991 1316 2024 nerabilem
1342 1991 1471 2024 fratrem
1504 1990 1785 2034 archiepiscopum
1813 1991 1877 2025 Me·

1138 2044 1360 2077 diolanensem
1394 2043 1682 2086 metropolitanum
1713 2054 1877 2077 recursum

1140 2096 1251 2129 baberi
1284 2096 1489 2139 oportuerit,
1525 2095 1577 2138 qui
1614 2095 1876 2129 benedictionem

1114 2149 1357 2194 }con‹3ionat01'i
1384 2148 1429 2181 sic
1455 2149 1610 2191 deputato
1641 2149 1818 2189 concessit,
1845 2154 1877 2182 et

1114 2204 1116 2237 ζ
1136 2203 1204 2246 ipse
1223 2202 1436 2235 concionator
1457 2202 1595 2234 subinde
1620 2211 1726 2234 sacras
1748 2202 1877 2235 concio-

1114 2260 1116 2301 ζ
1139 2266 1195 2288 nes
1221 2255 1254 2287 in
1281 2255 1393 2287 eadem
1420 2254 1559 2287 ecclesia
1584 2254 1709 2287 habuit.

1180 2308 1328 2346 Quinimo
1354 2308 1437 2341 idem
1457 2309 1723 2341 Bartholomaeus
1749 2309 1874 2352 episco-
1911 2318 2071 2347 Novumauvri-

1137 2372 1195 2404 pus
1215 2361 1365 2394 dilectum
1394 2359 1493 2393 filium
1519 2361 1671 2394 Ioannem
1696 2344 2069 2404 Baptistam{51¹¹32115013L3‘2‘h‘

1136 2414 1381 2453 Manusardum,
1410 2413 1563 2446 ecclesiae
1593 2413 1623 2446 S.
1655 2413 1742 2446 Petri
1768 2415 1874 2447 eidem

1137 2467 1275 2509 collegio
1304 2467 1414 2499 unitae
1440 2468 1666 2510 cappellanum
1693 2466 1772 2509 (qui⁷
1798 2467 1875 2500 (lum

1136 2525 1331 2564 procurator
1349 2518 1423 2552 dicti
1443 2519 1570 2562 collegii
1604 2519 1728 2552 litteras
1748 2525 1874 2552 nostras

1173 2595 1182 2616 1
1208 2590 1254 2617 Htc
1274 2589 1381 2617 demum
1409 2589 1557 2616 absolvitur
1583 2589 1746 2616 antecedens
1771 2590 1874 2625 periodi

1136 2636 1259 2670 inceptae
1274 2643 1323 2670 per
1340 2634 1450 2662 verbum
1467 2634 1532 2663 licet
1547 2642 1604 2670 sup.
1618 2642 1679 2670 pag.
1691 2634 1770 2662 56t5a
1783 2635 1872 2672 (aaz).
