2279 3260
224 257 273 283 Λη.
291 257 320 282 c.
344 255 411 283 1⁶70
456 246 497 279 66

254 893 375 914 Exordium.

738 304 813 337 xlv.

415 371 575 412 Licentia,
590 378 624 405 u!
638 374 755 415 fratres
771 372 907 405 Ordinis
922 372 1026 404 sancti
1046 371 1153 403 Fran-

458 425 535 457 εἰδοί
551 425 588 457 de
606 425 827 464 observantia,
847 425 945 456 eliam
960 422 1150 466 presbyteri,

459 478 640 510 medicinae
657 482 684 510 el
698 477 887 519 chirurqiae
903 476 1011 519 periti,
1028 475 1065 507 de
1082 484 1154 506 suo-

460 539 536 561 rum
555 530 758 572 superiorum
780 529 920 568 licentia,
937 531 1022 559 artes
1043 527 1155 558 liuius-

462 582 548 614 modi
561 608 568 620 ,
597 582 639 613 ad
674 580 876 613 commodum
912 583 940 611 et
975 579 1154 611 utilitatem

463 634 717 666 christianorum
740 633 774 665 in
791 633 1004 664 Terrasancta
1022 631 1156 663 exsisten-

465 687 557 726 tium,
583 687 707 729 possin!
732 684 907 717 erereerc'.

639 765 774 791 clemens
801 765 878 797 Papa
897 764 937 796 X,

561 810 597 837 ad
617 809 750 835 futuram
770 808 815 835 rei
836 807 1016 834 memoriam.

466 881 552 920 Cum,
571 880 653 912 sicut
671 879 806 911 dilectus
820 878 903 910 tilius
917 878 1050 910 lacobus
1063 876 1158 915 Quin-

423 939 495 966 tana
520 944 537 965 a
563 933 633 965 lesu
659 931 763 970 illaria,
785 931 882 963 frater
907 940 1059 972 expresse
1085 939 1159 972 pro-

421 987 523 1019 fessus
541 984 668 1017 Ordinis
689 984 847 1016 Minorurn
873 983 972 1015 sancti
997 981 1157 1014 Francisci

421 1038 460 1071 de
475 1036 685 1070 observantia
700 1040 972 1078 nuncupatorum,
983 1046 1019 1067 ac
1033 1033 1159 1066 Terrae-

421 1096 550 1123 sanctae
576 1090 607 1122 in
633 1090 776 1122 Romana
809 1088 897 1121 curia
923 1087 1160 1121 commissarius

423 1143 593 1186 generalis,
610 1142 703 1174 nobis
729 1152 830 1184 nuper
854 1141 971 1183 exponi
1003 1140 1076 1173 feeit
1094 1166 1101 1179 ,
1128 1140 1159 1171 in

425 1196 551 1230 civitate
576 1196 686 1227 sancta
711 1194 924 1233 Hierusalem,
953 1196 1082 1235 totaque
1109 1202 1161 1224 cu-

425 1249 532 1283 stodia
551 1247 800 1280 Terraesanctae
830 1246 904 1279 dicti
925 1246 1063 1285 Ordinis,
1094 1247 1162 1278 nul-

425 1303 474 1336 lus
499 1300 581 1333 adsit
597 1299 740 1332 medicus
757 1299 807 1331 vel
828 1299 999 1341 chirurgus
1021 1299 1163 1331 saecula-

423 1346 484 1392 ris,
509 1352 564 1394 qui
590 1351 725 1384 infirmis
752 1356 783 1383 et
807 1351 967 1393 languidis
992 1351 1025 1383 in
1051 1361 1162 1383 eornm

425 1404 665 1438 infirmitatibus
701 1404 893 1443 medeatur,
921 1403 964 1435 ibi
989 1414 1065 1436 vero
1091 1413 1162 1435 esse

425 1459 553 1490 soleant
577 1457 692 1489 fratres
725 1456 854 1488 Ordinis
887 1456 1023 1499 praefati
1048 1455 1161 1488 artium

425 1510 605 1543 medicinae
626 1515 657 1542 et
682 1509 866 1551 chirurgiae
892 1509 1000 1552 periti,
1020 1509 1073 1551 qui
1098 1519 1164 1540 me—

427 1562 531 1595 dicam
556 1561 838 1604 chirurgicamque
859 1572 990 1594 manuni
1019 1560 1166 1593 christia-

1000 254 1178 279 BULLARIUM
1203 253 1352 278 Romnum

1195 301 1281 333 modi
1307 300 1439 343 peritiS,
1465 301 1560 333 ctiam
1585 301 1616 334 in
1643 310 1734 333 sacro
1759 298 1930 342 presbyte-

1194 358 1281 385 ratus
1306 353 1423 385 Ordine
1460 353 1665 392 constitutis,
1698 353 1731 385 in
1759 352 1931 384 Terrasan-

1195 406 1244 437 cta
1268 405 1435 448 praedicta
1459 416 1543 438 nnnc
1557 410 1588 437 et
1606 416 1663 448 pro
1680 410 1827 447 tempore
1845 414 1933 436 com-

1196 457 1415 497 morantibus,
1443 462 1476 489 ut
1500 457 1538 490 de
1563 457 1769 499 superiorum
1800 466 1933 489 suorum

1196 509 1329 542 licentia
1357 514 1440 541 artes
1473 509 1652 542 medicinae
1687 514 1718 541 et
1750 507 1934 550 chirurgiae

1196 561 1378 604 praedictas
1416 561 1501 593 iuxta
1536 561 1661 595 illarum
1698 566 1872 604 praecepta
1896 560 1933 593 ad

1198 613 1401 645 commodum
1428 618 1459 645 et
1484 613 1656 646 utilitatem
1684 613 1935 646 christianorum

1198 665 1230 696 in
1255 666 1367 697 eadem
1389 665 1595 698 Terrasancta
1615 676 1700 698 nunc
1718 671 1749 698 et
1775 676 1833 708 pro
1859 670 1937 698 tem-

1198 729 1275 761 pore
1291 718 1497 750 existentium
1514 718 1687 757 dumtaxat,
1712 718 1811 760 gratis
1828 723 1935 750 tamen

1200 775 1233 803 et
1251 770 1319 803 sine
1344 772 1409 803 ulla
1434 771 1599 810 mercede,
1622 781 1658 803 ac
1677 770 1710 802 in
1735 781 1809 803 casu
1827 781 1938 803 neces-

1200 823 1300 855 sitatis
1319 827 1450 862 tantum,
1470 833 1632 863 exercere,
1646 833 1682 855 ac
1699 822 1938 855 medicamenta

1201 881 1232 908 et
1256 876 1318 908 alia
1343 875 1526 908 necessaria
1551 875 1709 918 praebere
1728 879 1759 907 et
1782 874 1938 907 adhibere

1201 929 1301 962 libere
1327 934 1358 961 et
1383 928 1488 967 licite,
1515 939 1550 960 ac
1574 928 1643 960 sine
1676 928 1743 960 ullo
1770 927 1939 960 conscien-

1202 981 1263 1013 tiae
1295 982 1468 1024 sernpulo,
1502 982 1552 1013 vel
1585 980 1832 1023 irregularitatis
1863 980 1941 1012 alte-

1202 1034 1306 1067 riusve
1324 1044 1450 1077 poenae
1468 1035 1518 1066 vel
1532 1044 1687 1066 censurae
1706 1031 1940 1066 ecclesiasticae

1203 1087 1352 1125 incursu,
1379 1086 1504 1128 possint
1528 1091 1560 1119 et
1583 1087 1727 1124 valeant,
1752 1084 1941 1118 auctoritate

1204 1139 1388 1181 apostolica,
1415 1143 1526 1170 tenore
1550 1137 1780 1181 praesentium,
1797 1136 1941 1170 concedi-

1205 1202 1274 1223 mus
1301 1196 1331 1223 et
1355 1191 1573 1232 indulgemus.

1248 1245 1262 1287 g
1286 1243 1316 1276 02.
1344 1243 1411 1275 Non
1438 1243 1639 1276 obstantibus
1669 1242 1879 1285 apostolicis,
1905 1252 1941 1275 ac

1205 1298 1236 1329 in
1265 1296 1497 1329 universalibus
1526 1295 1843 1339 provincialibusque
1867 1305 1942 1328 con-

1206 1350 1288 1383 ciliis
1315 1349 1418 1388 editis,
1437 1349 1641 1390 generalibus
1658 1349 1706 1381 vel
1733 1348 1940 1391 specialibus,

1206 1401 1492 1434 constitutionibus
1513 1406 1545 1433 et
1573 1401 1843 1440 ordinationibus,
1870 1411 1945 1444 nec-

1207 1465 1282 1495 non,
1303 1459 1462 1497 quatenus
1489 1465 1570 1497 opus
1596 1454 1660 1494 sit,
1687 1453 1765 1487 dieti
1789 1453 1918 1487 Ordinis
1934 1480 1942 1494 ,

1207 1507 1302 1540 etiam
1327 1507 1523 1546 iuramento,
1545 1506 1792 1539 confirmatione
1818 1511 1946 1549 aposto-

1208 1559 1275 1598 lica,
1298 1560 1347 1592 vel
1373 1559 1482 1601 quavis
1511 1558 1660 1591 firmitate
1690 1558 1751 1591 alia
1771 1558 1945 1598 roboratis,

1185 1613 1186 1617 ’
1209 1612 1331 1644 statutis
1361 1617 1393 1643 et
1417 1611 1711 1644 consuetudinibus
1726 1638 1733 1651 ,
1768 1610 1946 1653 privilegiis

1937 250 1987 277 An.
2003 249 2033 277 C.
2057 248 2124 276 ¹670

1987 727 2055 748 Gratln
2085 727 2130 749 sino

1948 755 1989 774 ulla
2016 752 2131 776 mercede,

1947 786 1971 800 ac
1988 786 2006 799 in
2024 785 2074 799 casu
2095 786 2131 799 uu·

1948 807 2062 827 cessimus.

2023 1250 2137 1280 Derugatlo

1953 1280 2114 1297 contrariorum,

428 1615 477 1648 nis
501 1614 636 1647 infirmis
663 1614 818 1647 adhibere
844 1619 1001 1657 possent,

255 1680 419 1709 immutandu-
473 1669 487 1712 g
512 1668 543 1700 1.
570 1667 667 1700 Nobis
699 1671 871 1709 propterea
903 1666 1006 1698 dictus
1031 1665 1164 1698 Iacobus

236 1709 276 1779 ΣΤΥ
299 1707 418 1777 ἷῖᾖῖῗῖ,ῗ’έῖἓέ
430 1721 595 1754 humiliter
625 1719 800 1763 supplicari
838 1719 913 1751 set-it
947 1724 981 1751 ut
1012 1720 1045 1751 in
1073 1730 1167 1762 prae-

238 1766 261 1779 ’Ἤ
272 1765 311 1779 esstu
363 1764 410 1777 ‘lei‘

237 1791 284 1805 cer-2
305 1787 327 1805 ut
347 1791 366 1805 m
386 1769 419 1805 rus
430 1773 535 1806 missis
560 1778 743 1816 opportune
773 1771 944 1815 providere
970 1777 1002 1804 et
1026 1775 1061 1804 ut
1085 1772 1167 1804 infra

237 1812 304 1832 'mm'
432 1827 603 1869 indulgere
629 1826 667 1858 de
691 1825 891 1867 benignitate
922 1825 1098 1868 apostoliea
1122 1825 1168 1857 di-

1210 1664 1495 1707 qt1011111e,i11d=1ltis
1511 1669 1541 1696 et
1556 1663 1670 1696 litteris
1696 1663 1896 1706 apostolicis,
1915 1663 1948 1695 in

1210 1717 1406 1756 contrarium
1433 1716 1685 1760 praemissorum
1706 1716 1950 1760 quomodolibet

1211 1770 1384 1809 concessis,
1404 1769 1605 1801 confirmatis
1630 1774 1662 1801 et
1685 1769 1861 1808 innovatis;
1884 1768 1950 1810 qui-

1211 1823 1270 1855 bus
1296 1822 1445 1855 omnibns
1470 1827 1501 1854 et
1526 1821 1676 1864 singulis,
1702 1821 1832 1854 illorum
1857 1827 1950 1853 teno-

433 1890 618 1922 gnaremur.
644 1878 707 1911 Nos
733 1878 841 1920 igitur,
860 1878 964 1921 ipsius
982 1878 1089 1911 Iacobi
1115 1879 1169 1911 de-

432 1932 559 1965 sideriis
584 1932 645 1963 hac
662 1931 693 1963 in
712 1941 745 1963 re
771 1935 924 1973 quantum
945 1941 1017 1962 cum
1034 1930 1168 1963 Domino

432 1995 604 2029 possumus
631 1984 850 2016 favorabiliter
886 1994 1028 2016 annuere
1058 1985 1169 2016 volen-

432 2043 490 2077 tes,
509 2047 646 2079 eumque
673 2047 689 2068 a
717 2036 884 2078 quibusvis
910 2036 1169 2068 excommunica-

434 2090 540 2129 tionis,
565 2089 789 2132 suspensionis
815 2094 846 2121 et
870 2089 1054 2129 interdicti,
1084 2089 1169 2121 aliis-

434 2155 496 2187 que
515 2142 740 2176 ecclesiasticis
759 2142 938 2182 sententiis,
965 2143 1109 2175 censuris
1138 2148 1169 2175 et

434 2196 560 2240 poenis,
578 2206 595 2227 a
613 2195 681 2227 iure
698 2196 747 2228 vel
766 2195 804 2227 ab
823 2195 964 2235 homine,
982 2197 1092 2238 quavis
1117 2207 1170 2229 oc-

436 2249 565 2281 casione
590 2249 639 2281 vel
665 2250 759 2280 cansa
784 2248 864 2287 latis,
885 2248 909 2280 si
936 2248 1053 2291 quibus
1089 2260 1170 2292 quo-

435 2301 616 2334 modolibet
640 2301 813 2333 innodatus
829 2300 946 2341 existit,
964 2302 1002 2333 ad
1021 2301 1168 2334 effectum

435 2352 658 2396 praesentium
694 2352 858 2385 dumtaxat
890 2354 1169 2396 consequendum,

413 2407 551 2439 .harnm
578 2405 660 2438 serie
690 2405 896 2437 absolventes
929 2410 960 2437 et
988 2405 1171 2437 absolutum

437 2460 506 2492 sore
532 2463 722 2497 censentes,
750 2457 932 2490 huiusmodi
965 2457 1171 2500 supplicatio-

437 2512 529 2545 nibus
555 2510 720 2549 inclinati,
752 2510 901 2542 fratribus
935 2510 1010 2542 dicti
1044 2509 1170 2543 Ordinis

440 2564 554 2596 artium
583 2562 761 2596 medicinae
794 2567 824 2595 et
852 2562 1037 2605 chirurgiae
1063 2562 1173 2596 huius-

475 2628 489 2655 1
513 2626 645 2653 Hactenus
666 2634 716 2652 non
738 2625 877 2658 impressa.

1211 1886 1262 1908 res
1292 1875 1518 1918 praesentibus
1544 1885 1601 1917 pro
1626 1875 1723 1916 plene
1741 1879 1773 1905 et
1791 1862 1949 1905 su'ificien-

1214 1934 1259 1961 ter
1284 1927 1443 1971 expressis
1461 1938 1497 1959 ae
1522 1927 1560 1959 de
1577 1927 1674 1959 verbo
1692 1926 1731 1958 ad
1748 1926 1881 1958 verbum
1901 1925 1950 1958 in-

1212 1981 1306 2014 sertis
1326 1981 1497 2019 habentes,
1517 1980 1579 2013 illis
1597 1981 1675 2013 alias
1695 1979 1728 2012 in
1750 1990 1809 2012 suo
1830 1980 1949 2012 robore

1212 2033 1438 2077 permansuris,
1454 2033 1492 2065 ad
1514 2033 1763 2075 praemissorum
1788 2031 1947 2072 effectum,

1213 2088 1273 2119 hac
1302 2087 1370 2119 vice
1404 2086 1588 2125 dumtaxat,
1615 2085 1799 2128 specialiter
1834 2090 1866 2116 et
1897 2096 1950 2117 ex-

1212 2150 1321 2183 presse
1346 2139 1555 2181 derogamus3
1582 2138 1760 2181 ceterisque
1779 2138 1949 2170 contrariis

1213 2193 1480 2236 quibuscumque.

1255 2246 1366 2277 Datum
1390 2244 1527 2283 Romae,
1554 2244 1640 2286 apud
1672 2243 1703 2276 S.
1731 2242 1863 2275 Mariam
1889 2242 1951 2275 Ma-

1212 2298 1332 2337 iorem,
1366 2298 1425 2329 sub
1457 2298 1577 2329 annulo
1604 2296 1796 2335 Piscatoris,
1828 2296 1879 2328 die
1906 2306 1950 2329 vll

1214 2351 1282 2384 iulii
1317 2360 1466 2390 nootxx,
1507 2348 1713 2392 pontificatus
1751 2347 1854 2381 nostri
1894 2358 1951 2380 an-

1214 2415 1254 2437 uo
1281 2414 1302 2436 1.

1607 2454 1630 2487 1.
1658 2453 1694 2487 G.
1721 2453 1859 2487 Srusrrs.

1249 2519 1310 2545 Dat.
1331 2516 1374 2544 die
1394 2517 1407 2543 7
1429 2516 1484 2543 iulii
1504 2516 1584 2551 1870,
1606 2516 1701 2551 pontif.
1719 2524 1788 2542 aimo
1811 2522 1827 2542 ι.

1250 2580 1414 2614 Βερίεινιιια
1434 2579 1466 2606 in
1487 2579 1651 2607 Secrelaria
1671 2579 1702 2606 in
1724 2579 1796 2606 libro
1811 2578 1950 2606 Brevium

1217 2624 1321 2652 mensis
1341 2623 1409 2652 iulii
1429 2629 1549 2650 iioctxx.
