2279 3260
246 269 294 295 Λιι.
313 269 340 296 C.
364 268 431 296 107ss

284 1651 406 1672 Ewrihum.

264 1997 266 1999 Ι
305 1969 397 1993 lutn'igui
423 1970 442 1988 ul

263 2003 282 2016 ιιι
299 1998 391 2015 rubrica⁴

477 259 541 292 6¹10

440 319 517 360 gillo
543 325 700 360 personae
725 315 757 348 in
783 312 1003 348 ecclesiastica
1024 312 1180 354 dignitate

440 371 634 403 constitutae
669 369 820 409 munitis,
850 368 964 401 eadem
989 375 1121 409 prorsus
1146 364 1181 396 fi-

441 424 498 456 des
519 423 549 455 in
576 422 697 455 iudicio
718 427 751 454 et
775 426 862 454 extra
892 419 974 453 illud
1007 418 1179 458 habeatur,

442 486 524 518 quae
558 476 737 507 haberetur
753 473 831 517 ipsis
849 471 1076 515 praesentibus
1094 469 1119 503 si
1134 470 1181 503 so-

441 534 515 561 rent
541 527 705 561 exhibitae
727 528 777 560 vel
795 530 959 559 ostensae.

487 582 598 614 Datum
630 581 765 619 Romae,
793 578 879 621 apud
904 577 935 610 S.
963 576 1093 610 Mariam
1118 575 1182 608 Ma-

442 635 567 672 iorem,
591 634 648 665 suh
674 632 795 664 annulo
827 629 1019 669 piscatoris,
1051 628 1103 661 die
1123 637 1182 661 xxx

446 686 553 719 martii
606 694 784 724 noctxxvi,
831 681 1039 726 pontificatus
1078 680 1181 714 nostri

444 749 530 772 anno
562 749 604 771 vr

851 789 873 821 l.
894 788 930 822 G.
951 788 1090 822 SLuqus.

480 852 539 879 Dat.
556 852 600 879 die
615 851 649 879 30
665 851 752 878 martii
771 850 848 883 1676,
866 849 962 885 pontis.
977 857 1048 876 anno
1063 855 1099 875 vi.

478 915 644 949 Reqiserata
655 914 686 941 in
697 913 851 946 Secrelar.‚
868 912 900 939 in
912 912 962 939 lib.
979 911 1064 938 Brev.
1081 911 1185 938 mensis

445 959 560 995 aprilis,
574 961 650 994 pare.
674 958 809 992 utraque,
825 956 875 990 fol.
891 956 936 982 46.

790 1098 860 1133 CCI.

446 1181 663 1223 Indulqentz‘a
686 1180 837 1223 plenaria
860 1182 1017 1222 perpetua
1031 1188 1090 1221 pro
1114 1178 1187 1210 visi-

493 1235 638 1266 lantibus
674 1233 825 1276 aliquam
865 1242 904 1264 ex
939 1231 1079 1263 ecclesiis
1120 1235 1187 1262 {aaz

492 1297 702 1319 monacorum
739 1295 839 1328 quam
874 1283 1073 1316 monialium
1108 1284 1210 1334 Con-⁸

493 1340 693 1382 yreqalz'onis
728 1336 999 1370 Vallisumbrosae
1035 1335 1087 1367 die
1110 1336 1189 1377 festo

493 1392 526 1425 S.
554 1392 690 1424 [oannis
717 1389 889 1424 Gualbertz'
913 1389 1039 1420 abbatis
1070 1388 1189 1430 funda-

496 1445 574 1477 toris
610 1445 715 1476 dz'ctae
741 1441 1019 1485 Conoreyationis.

675 1523 808 1550 Clemens
834 1522 912 1555 Papa
940 1527 968 1552 x,

575 1570 610 1596 ad
631 1570 806 1602 perpetuam
826 1565 872 1592 rei
891 1564 1071 1592 memoriam.

495 1638 688 1673 Caelestium
714 1646 884 1669 nnmerum
910 1635 1093 1675 thesauros,
1113 1645 1193 1678 quo·

452 1704 522 1726 runi
549 1692 790 1735 dispensatores
815 1698 885 1722 esse
906 1697 965 1720 nos
982 1687 1086 1720 voluit
1100 1687 1193 1721 Altis-

452 1747 570 1785 simus,
592 1755 665 1777 cum
691 1744 730 1776 ad
756 1741 953 1775 christianae
982 1740 1115 1784 pietatis
1144 1740 1193 1773 in-

453 1805 656 1834 crementum
677 1802 708 1830 et
728 1797 907 1830 animarum
932 1794 1194 1828 christifidelium

454 1854 590 1886 salntem
624 1851 812 1895 profuturos
843 1858 1026 1892 speramuS,
1054 1847 1195 1881 libenter

457 1904 645 1947 elargimur.

499 1958 570 2003 §1-
604 1956 902 2000 §applicationibus
938 1955 1046 1999 itaque
1084 1954 1195 1988 dilecti

456 2012 513 2045 filii
539 2010 687 2044 moderni
713 2009 839 2042 abbatis
868 2008 1031 2051 generalis
1056 2007 1196 2051 Congre-

457 2064 597 2109 gationis
615 2061 1197 2102 monachorumVallisumbrosae,0r·

458 2117 541 2150 dinis
566 2114 668 2147 sancti
684 2113 861 2153 Benedicti,
878 2112 1009 2145 nomine
1035 2112 1129 2145 nobis
1146 2123 1197 2145 su-

458 2180 517 2213 per
551 2169 613 2201 hoc
646 2166 810 2199 humiliter
843 2165 1004 2209 porrectis
1025 2165 1194 2206 inclinati,

459 2234 495 2256 ac
521 2223 559 2255 de
581 2220 813 2263 omnipotentis
839 2219 896 2252 Dei
923 2218 1149 2251 misericordia
1162 2229 1198 2251 ac

460 2278 629 2309 beatorum
662 2274 749 2306 Petri
786 2278 818 2305 et
852 2272 941 2305 Pauli
974 2273 1198 2315 apostolorum

461 2330 529 2363 eins
554 2327 743 2360 auctoritate
769 2326 894 2366 confisi,
911 2325 1060 2358 omnibus
1084 2326 1200 2358 utrius-

463 2394 525 2427 que
564 2392 659 2414 sexus
685 2379 952 2413 christifidelibus
984 2389 1059 2412 vere
1084 2379 1200 2422 poeni-

463 2436 605 2469 tentibus
637 2438 667 2466 et
699 2432 856 2466 confessis
884 2442 920 2465 ac
943 2434 1031 2464 sacra
1055 2442 1200 2465 commu-

464 2491 560 2523 nione
596 2488 748 2528 resectis,
782 2486 835 2530 qui
870 2486 1010 2529 aliquam
1035 2495 1073 2518 ex
1098 2487 1201 2519 eccle-

463 2544 518 2576 siis
546 2548 608 2575 tam
633 2541 868 2574 monachorum
888 2549 985 2582 quam
1012 2538 1201 2572 monialium

465 2595 728 2638 Congregationis
747 2592 932 2626 huiusmodi
957 2593 1112 2625 hactenus
1134 2602 1203 2625 ere-

466 2650 524 2683 ctis
545 2655 576 2682 ct
603 2649 633 2683 in
661 2653 827 2691 posterum
853 2645 1204 2691 ‹piandocumque'eri-

1022 262 1203 288 nummum
1225 262 1377 290 Romnum

1960 260 2010 289 An.
2026 260 2055 288 C.
2077 259 2146 288 1676

1223 313 1348 354 gendis,
1374 323 1410 346 ac
1432 313 1626 357 ubicumque
1643 314 1790 347 locorum
1816 311 1955 346 existen-

1224 365 1322 406 tibus,
1339 366 1389 399 die
1405 367 1487 400 sesto
1511 367 1542 399 S.
1569 367 1694 400 Ioannis
1721 364 1885 399 Gualberti
1903 365 1956 397 ab·

1223 418 1305 451 batis
1332 424 1363 451 et
1388 418 1565 451 fundatoris
1582 417 1850 461 Congregationis
1867 426 1957 461 prae-

1224 470 1338 510 dictae,
1358 481 1376 503 a
1400 470 1511 514 primis
1535 471 1678 514 vesperis
1695 481 1798 513 usque
1815 470 1853 503 ad
1871 479 1956 503 occa·

1223 533 1292 555 suni
1318 523 1395 556 solis
1413 523 1483 555 festi
1503 523 1697 563 huiusmodi,
1712 523 1848 565 singulis
1865 521 1957 555 annis

1223 575 1335 608 devote
1360 575 1580 613 visitaverint,
1607 579 1639 607 et
1663 575 1705 606 ibi
1730 585 1789 617 pro
1809 574 1957 607 christia—

1224 637 1338 660 norum
1363 627 1546 670 principum
1572 626 1761 665 concordia,
1787 627 1957 659 haeresum

1223 680 1447 724 extirpatione,
1464 690 1500 712 ac
1525 684 1652 711 sanctae
1669 679 1776 711 Matris
1795 678 1959 711 Ecclesiae

1224 733 1430 772 exaltatione,
1456 732 1526 775 pias
1551 732 1589 764 ad
1614 731 1715 764 Deum
1739 741 1855 774 preces
1881 730 1960 763 ess'u-

1225 784 1352 825 derint,
1383 784 1562 827 plenariam
1587 784 1730 817 omnium
1755 788 1960 826 peccatorum

1225 847 1355 870 suorum
1396 835 1631 878 indulgentiam
1667 840 1700 868 et
1733 835 1960 868 remissionem

1226 889 1482 923 misericorditer
1513 889 1542 921 in
1569 889 1706 922 Domino
1739 888 1958 921 concedimus.

1226 943 1453 976 Praesentibus
1477 942 1642 985 perpetuis
1667 941 1867 985 temporibus
1883 941 1962 974 vali-

1228 996 1319 1029 turis.

1271 1050 1286 1093 g
1314 1049 1345 1081 2.
1376 1049 1527 1082 Volumus
1553 1052 1658 1080 autem
1683 1052 1718 1079 ut
1741 1046 1962 1091 praesentium
2005 1060 2157 1091 ἰ-ιςηωιηριο-

1228 1103 1406 1136 litterarum
1441 1101 1671 1144 transumptis,
1701 1110 1757 1133 seu
1785 1087 2092 1143 exemplis,‘¹¹¹'¹¹¹⁶⁹''

1227 1156 1322 1188 etiam
1352 1153 1534 1198 impressis,
1564 1164 1659 1186 manu
1687 1153 1821 1187 alicuius
1846 1152 1963 1186 notarii

1229 1208 1351 1253 publici
1367 1208 1565 1250 subscriptis,
1584 1213 1616 1240 et
1634 1207 1740 1249 sigillo
1758 1217 1917 1250 personae
1932 1206 1964 1238 in

1229 1261 1447 1295 ecclesiastica
1483 1260 1639 1302 dignitate
1670 1259 1865 1292 constitutae
1901 1270 1967 1292 mu-

1230 1315 1317 1355 nitis,
1335 1315 1448 1348 eadem
1468 1324 1603 1357 prorsus
1628 1312 1710 1346 fides
1733 1312 1854 1355 ubique
1879 1312 1968 1344 adhi-

1229 1370 1356 1407 beatur,
1376 1377 1458 1410 quae
1477 1366 1556 1410 ipsis
1582 1366 1810 1409 praesentibus
1835 1365 1968 1398 adhibe-

1231 1427 1319 1454 retur
1351 1421 1377 1453 si
1404 1421 1512 1454 forent
1536 1419 1702 1453 exhibitae
1726 1421 1776 1453 vel
1801 1423 1966 1453 ostensae.

1276 1473 1388 1506 Datum
1413 1473 1551 1513 Romae,
1577 1472 1663 1515 apud
1692 1472 1723 1505 S.
1754 1471 1884 1504 Mariam
1910 1471 1969 1503 Ma-

1233 1526 1354 1566 iorem,
1386 1527 1444 1559 sub
1469 1527 1590 1559 annulo
1621 1524 1811 1565 piscatoris,
1832 1524 1883 1557 die
1906 1534 1970 1557 xvu

1234 1579 1344 1623 aprilis
1368 1589 1538 1619 moetxxw,
1555 1578 1764 1622 pontificatus
1788 1577 1890 1611 nostri
1917 1587 1973 1609 an-

1234 1644 1276 1667 no
1300 1643 1344 1667 v1.

1630 1685 1653 1718 1.
1681 1684 1716 1718 G.
1740 1684 1880 1718 SLUSlus.

1271 1749 1329 1776 nat.
1346 1749 1391 1777 die
1408 1749 1437 1776 17
1458 1748 1549 1784 aprilis
1572 1748 1650 1782 1676,
1670 1747 1768 1783 pontis.
1787 1738 1858 1774 aimo
1874 1753 1910 1774 νι.

1270 1811 1433 1846 Reyistrala
1453 1811 1483 1837 in
1503 1810 1610 1838 Sem-et.
1632 1809 1783 1843 Brevium,
1804 1809 1836 1836 in
1856 1808 1931 1836 libro
1948 1814 1972 1834 vl

1236 1855 1427 1889 diversorum,
1447 1854 1497 1890 fol.
1519 1854 1581 1881 549.

1564 1994 1648 2029 CCII.

1238 2076 1421 2110 Declaratio
1446 2075 1531 2119 quod
1555 2078 1726 2107 conventus
1750 2073 1823 2107 Iesu
1848 2080 1876 2106 et
1900 2074 1973 2107 Ma-

1281 2131 1351 2162 riae
1379 2129 1417 2161 de
1445 2128 1526 2161 Urbe
1559 2127 1826 2170 Conyreqationis
1855 2127 1978 2160 Italiae

1281 2183 1426 2225 fratrum
1454 2181 1675 2214 Erenzitarum
1705 2178 1839 2213 Ordinis
1871 2180 1978 2212 sancti

1282 2234 1466 2278 Auyustim?
1488 2233 1756 2267 Excalcealorum
1780 2232 1823 2265 sit
1847 2243 1979 2266 conven-

1284 2293 1334 2321 tus
1358 2287 1520 2331 qenerale's
1544 2290 1573 2319 et
1596 2286 1700 2319 studii
1722 2286 1895 2329 qeneralis,
1920 2290 1977 2319 etc.

1470 2367 1604 2394 Giemens
1625 2366 1703 2400 Papa
1723 2367 1760 2399 X,

1383 2412 1419 2439 ad
1438 2412 1571 2439 suturam
1591 2411 1637 2437 rei
1654 2411 1836 2438 memoriam.

1286 2483 1476 2519 Sollicitudo
1492 2481 1662 2526 pastoralis
1677 2482 1784 2523 officii,
1800 2493 1864 2526 quo
1878 2483 1983 2516 catho-
2020 2489 2141 2510 Exordium·

1244 2539 1322 2572 licae
1337 2536 1496 2570 Ecclesiae
1515 2534 1663 2578 regimini
1681 2535 1788 2567 divina
1805 2535 1983 2579 dispositio-

1246 2603 1284 2625 ne
1309 2589 1541 2634 praesidemus,
1561 2599 1618 2621 nos
1636 2589 1801 2628 admonet,
1822 2594 1864 2628 ut,
1879 2594 1985 2632 pater-

1246 2655 1319 2678 num
1336 2643 1561 2687 religiosarum
1579 2641 1869 2685 congregationum
1887 2642 1919 2675 in
1932 2642 1985 2677 Ec-
