2279 3260
208 255 258 280 An.
275 254 302 280 C.
327 255 387 282 157¹

254 1687 398 1708 Excommnni-

215 1713 398 1735 canturhavrenci

234 1745 385 1766 cuiuscumque

215 1770 398 1790 set-tnesaurum

217 1794 317 1815 tantares,
335 1793 399 1812 libros

216 1821 317 1843 tegentes,
330 1822 400 1838 tenen-

217 1849 247 1865 tes
277 1848 297 1865 ut
330 1845 398 1871 impri-

217 1875 302 1893 int-ntes.

442 246 502 280 17ss

404 304 452 337 uis
478 304 547 337 Filii
567 304 631 346 Dei,
650 305 682 337 in
699 304 799 336 virum
816 304 1010 347 perfectum,
1030 313 1135 345 neque

403 368 435 390 se
462 357 492 389 in
519 358 614 390 huius
645 357 726 390 vitae
757 357 909 389 societate
942 361 973 387 et
998 365 1138 387 commu-

404 410 500 444 nione
522 411 658 450 laedant,
685 415 740 442 aut
765 410 849 442 inter
873 419 905 441 se
937 409 1018 440 alter
1046 405 1136 438 alteri

404 462 616 496 offensionem
636 463 801 505 praebeat,
823 462 877 493 sed
896 461 1004 504 potius
1026 459 1057 491 in
1075 458 1138 490 vin-
1158 472 1160 474 ·

404 516 477 548 culo
495 515 661 547 charitatis
680 513 855 552 coniuncti,
872 519 1032 555 tamquam
1044 510 1137 542 unius

404 568 551 611 corporis
576 568 729 605 membra,
762 566 821 598 sub
853 565 981 598 Christo
1008 562 1111 606 capite
1128 589 1135 602 ,

405 621 535 663 eiusque
561 621 592 652 in
619 620 710 652 terris
737 618 855 651 vicario
881 618 1024 649 Romano
1056 616 1138 648 Pon-

405 674 490 707 tilice
516 673 690 706 beatissimi
711 671 793 704 Petri
812 680 1007 709 successore,
1030 680 1046 701 a
1072 679 1136 710 quo

407 726 503 759 totius
520 725 678 758 Ecclesiae
705 724 811 756 unitas
830 723 979 761 dimanat,
1002 731 1139 763 augean-

406 784 457 811 tur
488 779 520 810 in
546 777 813 815 aedificationem,
841 781 935 818 atque
961 775 1013 814 ita,
1032 773 1138 805 divina

406 832 508 874 gratia
542 830 720 869 adiutrice,
757 829 804 861 sic
839 827 1017 871 praesentis
1055 826 1137 858 vitae

406 884 513 926 quiete
538 883 708 925 gaudeant,
735 886 768 912 ut
792 882 898 913 sutura
922 889 1050 922 quoque
1064 878 1139 910 bea-

406 936 543 969 titudine
569 936 787 978 perfruantur.
814 933 860 966 Ob
877 944 954 976 quas
972 942 1047 964 sane
1065 941 1139 963 cau-

406 1001 456 1022 sas
490 989 627 1021 Romani
661 987 830 1021 Pontifices
868 986 1137 1030 praedecessores

406 1042 505 1075 nostri
540 1042 697 1074 hodierna
722 1041 790 1080 die,
816 1050 897 1082 quae
920 1036 1139 1070 anniversaria

407 1095 591 1127 Dominicae
608 1094 734 1127 Coenae
755 1090 1062 1128 commemoratione
1088 1100 1139 1121 so-

407 1147 522 1180 lemnis
547 1152 603 1184 est,
628 1145 827 1189 spiritualem
842 1142 1076 1177 ecclesiasticae
1095 1141 1140 1173 ‹li-

408 1200 563 1242 sciplinae
588 1199 730 1241 gladium
762 1203 792 1230 et
815 1196 968 1229 salutaria
999 1194 1137 1227 iustitiae

407 1263 495 1284 arina
519 1263 577 1295 per
601 1251 816 1297 ministerium
843 1249 956 1281 summi
979 1249 1140 1291 apostola-

408 1310 457 1337 tus
478 1306 516 1337 ad
534 1305 589 1336 Dei
609 1304 743 1346 gloriam
759 1308 790 1335 et
808 1302 987 1335 animarum
1005 1301 1139 1333 salutern

407 1358 596 1390 solemniter
625 1366 776 1389 exercere
806 1359 1051 1388 consueverunt.
1078 1353 1140 1385 Nos

406 1410 513 1452 igitur,
542 1409 659 1452 quibus
684 1408 765 1441 nihil
787 1407 963 1450 optabilius
981 1412 1030 1438 est
1046 1416 1141 1448 quam

406 1462 481 1495 fidei
506 1463 692 1495 inviolatam
718 1461 946 1503 integritatem,
979 1459 1139 1501 publicam

407 1525 516 1558 pacem
543 1520 573 1547 et
598 1513 760 1550 iustitiam,
785 1513 849 1544 Deo
875 1516 1016 1551 auctore,
1046 1510 1140 1551 tueri,

408 1572 565 1599 vetustum
592 1571 623 1598 et
649 1566 828 1598 solemnem
854 1564 940 1596 hunc
958 1573 1081 1596 morem
1098 1573 1142 1595 se-

409 1624 555 1662 quentes,
928 1656 930 1659 y

453 1673 467 1715 ς
492 1672 523 1704 1.
551 1671 875 1704 Excommunicamus
900 1675 931 1702 et
956 1669 1144 1701 anathema-

412 1726 543 1758 tizamus
568 1736 604 1757 ex
631 1730 721 1768 parte
748 1724 802 1757 Dei
829 1722 1071 1766 omnipotentis,
1092 1722 1144 1754 Pa-

412 1773 468 1811 tris
495 1784 525 1811 et
549 1777 619 1810 Filii
646 1783 678 1810 et
701 1777 838 1820 Spiritus
863 1776 978 1815 Sancti,
1008 1775 1144 1808 auctori-

412 1838 474 1864 tate
494 1842 623 1875 quoque
639 1831 807 1863 beatorum
823 1829 1045 1872 apostolorum
1060 1828 1145 1860 Petri

412 1890 444 1917 et
461 1884 548 1917 Pauli
566 1895 600 1916 ac
619 1886 739 1923 nostra,
751 1881 1146 1925 quoscumqrrellussitas

412 1936 681 1979 Wichlephistas,
713 1935 901 1974 Lamianos,
925 1933 1144 1976 Zuinglianos,

412 1989 608 2028 Calvinistas,
624 1988 815 2031 Ugonottos,
829 1986 1065 2029 Anabaptistas,
1080 1985 1145 2017 Tri-

412 2042 546 2075 nitarios
572 2047 603 2074 et
627 2053 644 2073 a
669 2040 846 2074 christiana
871 2040 931 2072 lide
956 2043 1118 2082 apostatas
1138 2065 1145 2078 ,

413 2105 448 2127 ac
473 2105 586 2127 omnes
616 2099 648 2126 ct
672 2093 817 2135 singulos
843 2092 923 2124 alios
957 2091 1147 2131 haereticos,

414 2156 619 2191 quocumque
634 2145 765 2178 nomine
787 2149 979 2177 censeantur
1000 2149 1029 2175 et
1047 2143 1149 2175 cuius-

416 2210 552 2242 cumque
567 2203 673 2231 sectae
688 2198 832 2238 existant,
847 2208 882 2229 ac
900 2196 945 2229 eis
964 2196 1145 2235 eredentes,

416 2262 592 2295 eorumque
609 2256 838 2294 receptatores
855 2250 994 2282 lautores
1008 2254 1037 2281 et
1057 2259 1149 2291 gene-

416 2306 527 2339 raliter
553 2304 714 2348 quoslibet
739 2304 869 2337 illorum
891 2303 1088 2342 defensores,
1114 2313 1148 2335 ac

415 2359 600 2392 eorumdem
628 2358 728 2390 libros
753 2357 914 2390 haeresim
934 2356 1148 2395 continentes,

415 2414 464 2445 vel
492 2412 529 2444 sle
556 2411 712 2454 religione
740 2415 923 2450 tractantes,
949 2410 1019 2443 sine
1045 2415 1151 2442 aucto-

414 2466 508 2499 ritate
532 2467 641 2497 nostra
666 2470 696 2497 et
713 2464 803 2497 Sedis
825 2464 1030 2506 Apostolicae
1049 2464 1152 2496 scien-

417 2525 457 2552 ιρι
483 2521 628 2561 iegentes
646 2523 698 2549 aut
715 2517 899 2557 retinentes,
916 2517 1150 2560 imprimentes,

417 2584 472 2605 seu
490 2571 736 2615 quomodolibet
753 2572 961 2604 desendentes
980 2582 1015 2603 ex
1042 2572 1151 2614 quavis

418 2629 520 2667 causa,
546 2625 675 2673 publice
699 2626 748 2658 vel
766 2626 904 2665 occulte,
927 2625 1038 2670 quovis
1064 2626 1152 2668 inge-

985 255 1163 279 BULLARIUM
1188 253 1339 278 ROMANUM

1927 249 1976 282 An.
1990 249 2017 275 C.
2045 249 2104 276 1671

1180 301 1233 333 nio
1259 302 1307 333 vel
1332 300 1449 341 colore,
1468 310 1594 332 necnon
1616 299 1857 339 schismatic05‚
1883 303 1916 330 et

1180 364 1235 386 cos
1259 353 1313 396 qui
1339 363 1373 385 se
1399 364 1415 385 a
1440 354 1551 385 nostra
1584 358 1615 385 et
1647 350 1782 385 Romani
1808 350 1916 384 Ponti-

1180 406 1246 438 ficis
1271 416 1328 449 pro
1355 410 1501 449 tempore
1538 405 1703 438 existentis
1728 403 1915 438 obedientia

1181 458 1388 501 pertinaciter
1413 458 1608 490 subtrahunt
1627 459 1677 491 vel
1702 457 1868 490 recedunt.

1224 511 1239 553 g
1264 511 1294 542 ⁶2.
1321 511 1399 543 Item
1432 511 1747 543 excommunicamus
1780 515 1812 542 et
1840 520 1915 542 ana-
1952 520 2107 550 Amaia-nom

1182 563 1426 595 tlicn'iatizamus
1451 573 1564 595 omncs
1583 567 1615 595 et
1634 563 1792 605 singulos,
1810 561 1914 594 cuius-
1925 546 2108 592 l[2.¹.¹.'1'.¹,''‘⁸5.‘.¹.‚['›'.1

1181 626 1317 658 cumque
1343 620 1462 654 status,
1488 615 1606 657 gradus
1632 625 1689 647 seu
1719 600 1982 647 conditionis¹'¹'¹¹''

1182 668 1318 709 suerint,
1345 668 1570 700 universitates
1602 677 1696 707 vero,
1722 667 1860 709 collegia
1884 671 1916 698 et

1181 721 1329 764 capitula,
1350 731 1555 764 quocumque
1578 721 1708 753 nomine
1726 730 1917 763 nuncupen-

1183 779 1244 813 tur,
1273 773 1503 813 interdicimus,
1523 773 1561 805 ab
1580 772 1841 805 ordinationibus
1861 782 1919 804 seu

1182 827 1340 860 mandatis
1362 826 1481 859 nostris
1506 836 1542 858 ac
1566 826 1785 859 Romanorum
1810 825 1920 857 Ponti-

1182 880 1277 913 liemn
1301 891 1361 923 pro
1388 885 1533 923 tempore
1558 878 1767 912 existentium
1791 878 1831 910 ad
1855 877 1921 909 uni-

1181 935 1303 966 versale
1337 934 1475 965 futurum
1496 932 1670 965 concilium
1703 931 1918 974 appellantes,

1182 996 1311 1018 necnon
1336 996 1391 1018 eos
1412 996 1547 1028 quorum
1566 984 1694 1024 auxilio,
1713 982 1849 1016 consilio
1868 983 1918 1015 vel

1183 1040 1289 1070 lavore
1314 1039 1512 1081 appellatum
1537 1037 1643 1070 suerit.
1789 1035 1793 1038 ’

1226 1092 1240 1133 g
1264 1091 1295 1124 3.
1324 1091 1400 1123 Item
1437 1089 1752 1123 excommunicamus
1783 1093 1815 1121 et
1842 1099 1917 1120 ana-
1953 1098 2102 1121 Pu.uae,0tc.

1184 1144 1428 1176 thematizanms
1453 1153 1564 1175 omnes
1594 1142 1730 1185 piratas,
1757 1141 1916 1174 cursarios

1183 1208 1218 1228 ac
1248 1197 1444 1228 latrunculos
1479 1194 1673 1235 maritimos,
1701 1193 1918 1226 discurrentes

1183 1260 1270 1282 mare
1289 1254 1443 1289 nostrum,
1458 1249 1631 1291 praecipue
1648 1258 1666 1279 a
1683 1252 1793 1279 monte
1804 1247 1921 1288 Argen-

1185 1302 1265 1335 tario
1291 1312 1393 1344 usque
1422 1302 1460 1334 ad
1494 1301 1719 1339 Terrae-inam,
1747 1310 1784 1331 ac
1808 1310 1919 1332 omnes

1184 1365 1296 1388 eorum
1322 1354 1475 1394 fautores,
1501 1358 1722 1396 receptatores
1747 1358 1779 1385 et
1803 1351 1917 1384 desen-

1185 1418 1288 1447 sores.

1229 1460 1243 1502 g
1274 1459 1305 1491 4.
1330 1458 1409 1491 Item
1442 1457 1756 1490 excommunicamus
1784 1460 1817 1489 et
1838 1466 1917 1488 ana·
1958 1447 2115 1487 manumitti-

1187 1511 1431 1544 thematizamus
1469 1520 1581 1543 omnes
1608 1514 1638 1542 et
1669 1509 1816 1551 singulos
1842 1507 1895 1551 qui
1911 1496 2047 1548 ,SUPER-‘21¹¹‘
2058 1499 2116 1519 ’Μ’

1187 1565 1439 1598 christianorum
1478 1573 1755 1607 quorumcumque
1787 1562 1922 1595 navibus

1188 1623 1380 1661 tempestate
1413 1628 1468 1651 seu
1502 1617 1535 1649 in
1574 1621 1750 1649 traversum
1783 1615 1833 1658 (ut
1862 1614 1925 1647 dici

1188 1672 1284 1713 solet)
1311 1670 1443 1709 iactatis,
1470 1671 1518 1703 vel
1545 1668 1775 1712 quoquomodo
1801 1667 1927 1700 naufra-

1189 1725 1277 1767 gium
1302 1723 1420 1767 passis,
1446 1723 1510 1756 sire
1540 1723 1571 1754 in
1598 1722 1674 1765 ipsis
1703 1721 1836 1753 navibus
1861 1721 1926 1753 sive

1189 1788 1226 1809 ex
1252 1777 1377 1809 eisdem
1403 1776 1504 1808 eiecta
1529 1775 1560 1807 in
1587 1774 1669 1807 mari
1693 1775 1743 1806 vel
1768 1773 1800 1805 in
1832 1773 1926 1805 litore

1189 1830 1319 1862 inventa
1339 1829 1571 1871 cuiuscumque
1593 1826 1721 1870 generis
1748 1827 1843 1865 bona,
1863 1831 1925 1857 tam

1190 1882 1222 1915 in
1240 1881 1359 1915 nostris
1373 1881 1530 1925 Tyrrheni
1546 1885 1577 1913 et
1595 1879 1761 1919 Adriatici,
1780 1889 1877 1921 quam
1893 1877 1925 1910 in

1190 1935 1306 1968 ceteris
1330 1934 1561 1976 cuiuscumque
1580 1933 1677 1966 maris
1691 1931 1881 1974 regionibus
1895 1936 1928 1963 et

1191 1989 1340 2023 litoribus
1358 1987 1596 2031 subripuerint3
1607 1987 1689 2019 itaut
1702 1996 1761 2018 nec
1775 1985 1927 2027 ob.quod-

1191 2052 1328 2085 cumque
1347 2040 1564 2084 privilegium,
1583 2037 1856 2072 consuetudinen‘i
1876 2041 1930 2068 aut

1192 2093 1373 2137 longissimi
1406 2099 1437 2126 et
1469 2090 1734 2124 immemorabilis
1771 2089 1928 2132 temporis

1191 2147 1432 2191 possessionem
1464 2156 1520 2178 seu
1557 2144 1655 2177 alium
1691 2152 1927 2186 quemcumque

1191 2204 1394 2244 praetextum
1421 2197 1565 2231 excusari
1590 2197 1726 2240 possint.

1236 2254 1250 2296 ἓ
1282 2252 1312 2285 5.
1339 2252 1418 2284 Item
1456 2250 1769 2284 excommunicamus
1796 2254 1828 2281 et
1853 2258 1927 2281 ana-
1975 2257 2012 2282 oui
2030 2256 2121 2283 manga,

1193 2305 1439 2338 thematizamus
1464 2314 1574 2336 omnes
1605 2303 1659 2346 qui
1684 2303 1716 2335 in
1743 2302 1837 2335 terris
1863 2301 1928 2334 suis
1939 2287 2121 2337 maama-

1193 2369 1276 2392 nova
1301 2357 1438 2401 pedagia
1454 2368 1510 2389 scu
1528 2356 1682 2399 gabellas‚
1700 2361 1926 2398 praeterquam

1194 2413 1227 2445 in
1252 2412 1379 2445 casibus
1411 2411 1472 2443 sibi
1506 2422 1523 2442 a
1548 2410 1618 2442 iure
1648 2420 1703 2442 seu
1732 2420 1768 2441 ex
1794 2407 1927 2451 speciali

1194 2465 1283 2498 Sedis
1304 2463 1508 2507 Apostolicae
1527 2463 1656 2495 licentia
1676 2461 1851 2505 permissis,
1870 2461 1930 2493 im-

1194 2523 1321 2562 ponunt
1345 2519 1393 2550 vel
1419 2522 1546 2559 augent,
1573 2526 1628 2549 seu
1653 2515 1775 2558 imponi
1800 2515 1850 2547 vel
1876 2525 1930 2546 au-

1196 2572 1264 2614 geri
1289 2570 1457 2614 prohibita
1475 2570 1618 2612 exigunt.

1239 2626 1252 2670 §
1278 2625 1309 2657 6.
1338 2625 1415 2658 Item
1449 2623 1764 2657 excormnunicamus
1800 2628 1832 2656 et
1855 2633 1930 2657 ana·
1968 2626 2124 2649 fabarum&-
