2279 3260
135 253 184 276 An.
207 249 235 277 C.
256 251 323 278 1574

194 2473 324 2500 amplissime

148 2500 317 2527 quibuscumque

140 2527 253 2548 contrariis
263 2528 324 2548 dero-

140 2556 185 2580 gat·

958 249 1098 275 CLEMENS
1120 250 1138 273 X
1164 250 1210 273 [Ψ.

332 300 422 334 cifica
447 305 474 333 et
501 300 666 333 individua
692 299 857 332 mentione
875 298 976 342 digni,
1001 298 1065 332 illis

331 364 394 386 non
420 351 653 391 consenserint,
679 362 737 384 nec
762 352 803 383 ad
826 362 863 384 ca
888 351 1000 391 vocati,
1028 350 1066 382 ci-

331 406 386 439 tati
420 410 451 438 et
482 405 602 445 auditi,
630 415 734 447 neque
760 414 900 442 causae,
932 408 1066 447 propter

330 469 408 501 quas
434 458 568 490 eaedem
600 462 791 500 praesentes
827 456 1064 495 emanaverint,

331 510 530 544 sufficienter
543 511 711 551 addin-tae,
729 510 924 550 verificatae,
939 508 1065 541 autalio

330 563 426 596 modo
443 562 632 596 iustificatae
652 563 782 603 suerint,
799 567 852 595 aut
868 573 903 595 ex
922 561 983 595 alia
997 572 1068 604 qua-

331 626 469 659 cumque
494 618 598 654 causa,
626 616 745 655 colore,
772 619 939 658 praetextu
965 619 995 646 et
1019 624 1068 645 (tti-

331 668 407 711 pite,
426 668 522 701 etiarn
540 668 573 700 in
591 678 728 711 corpore
746 667 824 699 iuris
843 668 964 705 clauso,
978 666 1067 698 nullo

330 731 470 764 unquam
502 726 647 764 tempore
688 721 726 753 de
766 719 985 762 subreptionis
1020 719 1067 751 vel

332 774 533 816 obreptionis
558 779 610 806 aut
636 773 793 805 nullitatis
817 773 866 804 vel
891 771 1069 804 invalidita-

333 826 372 858 tis
398 827 486 866 vitio,
504 838 558 859 scu
584 825 773 859 intentionis
799 831 924 857 nostrae
950 829 1002 856 aut
1022 824 1069 855 in-

334 884 453 912 teresse
480 879 666 911 habentium
699 878 748 910 vel
773 877 895 910 habere
920 881 1069 919 praeten-

333 932 478 965 dentium
518 942 691 965 consensus
729 931 829 964 aliove
866 939 1068 973 quocumque

332 984 429 1017 etiam
448 983 684 1027 quantumlibet
704 993 820 1025 magno
839 994 874 1014 ac
892 981 1067 1024 incogiiato

332 1036 641 1079 inexcogitabilique
677 1036 816 1074 defectu,
844 1040 897 1067 aut
931 1045 966 1066 ex
1005 1034 1067 1066 alio

332 1089 444 1131 quovis
459 1088 574 1132 capite,
592 1099 607 1119 a
625 1087 693 1120 iure
707 1088 755 1119 vel
771 1088 852 1119 sacto
870 1092 924 1118 aut
938 1091 1068 1126 statuto,

332 1141 567 1175 consuetudine
597 1141 647 1173 vel
672 1139 842 1184 privilegIO
868 1139 1066 1179 resultante,

333 1194 448 1233 notari,
466 1194 661 1237 impugnari,
688 1193 868 1233 invalidari,
893 1193 1067 1233 retractari,

333 1248 366 1280 in
390 1247 645 1280 controversiain
671 1246 785 1286 vocari,
817 1257 872 1279 seu
899 1246 937 1278 ad
964 1245 1070 1278 termi-

334 1311 393 1333 nos
428 1299 506 1332 iuris
538 1300 646 1333 reduci
678 1300 841 1332 ullatenus
868 1309 978 1342 posse,
1015 1299 1069 1331 sed

334 1353 420 1396 ipsas
444 1357 632 1396 praesentes
656 1352 779 1385 litteras
801 1362 928 1395 semper
952 1357 983 1385 et
1000 1362 1072 1395 per-

335 1411 432 1450 petuo
465 1405 586 1445 firmas,
615 1405 735 1437 validas
765 1409 797 1437 et
818 1405 963 1438 efficaces
990 1405 1072 1437 exis-

336 1464 402 1492 tere
429 1463 460 1490 et
480 1458 559 1497 sore,
580 1468 722 1500 suosque
745 1457 910 1501 plenarios
935 1463 967 1490 et
991 1458 1072 1490 inte-

336 1521 409 1554 gros
434 1509 569 1543 effeetus
595 1510 701 1543 sortiri
728 1516 759 1542 et
782 1510 940 1549 obtinere,
966 1521 1001 1542 ac
1035 1510 1073 1543 ab

337 1563 489 1596 omnibus
515 1568 545 1596 et
570 1562 716 1605 singulis,
732 1563 770 1595 ad
790 1573 872 1605 quos
891 1567 1016 1605 spectat
1041 1568 1071 1595 et

336 1627 395 1660 pro
421 1621 568 1658 tempore
595 1615 865 1659 quandocumque
891 1615 1071 1658 spectabit,

338 1669 567 1701 inviolabililer
596 1668 784 1708 observari,
812 1667 920 1710 sicque
953 1673 984 1700 et
1007 1679 1072 1701 non

338 1722 432 1754 aliter
455 1721 487 1753 in
505 1720 693 1764 praemissis
724 1721 872 1753 omnibus
890 1726 921 1753 et
938 1721 1073 1763 singulis

337 1785 395 1818 per
419 1784 639 1817 quoscumque
677 1774 798 1807 iudices
827 1779 858 1806 et
887 1774 1072 1816 delegatos,

338 1827 434 1860 etiam
462 1838 630 1860 causarum
659 1826 742 1860 sacri
767 1826 878 1870 palatii
903 1827 1072 1870 apostolici

337 1880 513 1919 auditores,
535 1890 570 1912 ac
594 1880 625 1913 S.
649 1880 685 1912 R.
706 1879 740 1912 E.
769 1879 961 1919 cardinales,
979 1879 1072 1913 etiam

338 1933 378 1966 de
406 1934 507 1966 latere
538 1934 662 1975 legatos
692 1937 724 1965 et
751 1931 842 1965 Sedis
868 1933 1072 1975 Apostolicae

338 1986 500 2030 praefatae
517 1986 665 2027 nuncios,
688 1986 803 2019 aliosve
821 1987 982 2029 quoslibet
999 1998 1074 2031 qua-

337 2051 476 2083 cumque
494 2040 752 2083 praeeminentia
773 2046 804 2073 et
821 2046 979 2083 potest-te
1006 2042 1073 2073 fun-

338 2099 449 2136 gentes
466 2099 497 2126 et
514 2093 689 2134 suncturos,
705 2093 829 2126 sublata
848 2094 894 2126 eis
913 2099 944 2126 et
961 2104 1073 2127 eorum

338 2146 471 2180 cuilibet
495 2146 604 2190 quavis
629 2146 723 2179 aliter
747 2146 910 2179 iudicandi
931 2152 962 2180 et
979 2147 1073 2181 inter-

338 2199 487 2243 pretandi
502 2200 651 2233 incultate
671 2205 702 2232 et
720 2200 921 2241 auctoritate,
940 2200 1071 2234 iudicari

338 2257 371 2285 ct
395 2252 521 2284 definiri
546 2253 676 2293 debere,
704 2264 739 2285 ac
771 2253 894 2285 irritum
921 2259 953 2285 et
976 2254 1072 2287 inane

337 2305 363 2337 si
398 2315 488 2338 secus
513 2316 611 2349 super
636 2306 686 2339 his
712 2318 729 2339 a
755 2317 927 2350 quoquam,
961 2308 1072 2352 quavis

337 2358 537 2398 auctoritate,
555 2359 695 2392 scienter
712 2361 761 2393 vel
780 2360 978 2403 ignoranter,
997 2373 1072 2395 con-

339 2411 448 2454 tigerit
471 2411 631 2444 attentari.

380 2464 395 2508 g
424 2464 455 2496 6.
475 2463 546 2497 Non
562 2465 761 2499 obstantibus
786 2468 1071 2502 constitutioniljms

336 2523 367 2551 et
390 2518 648 2551 ordinationibus
672 2521 869 2563 apostolicis,
890 2528 916 2554 e!
945 2522 976 2554 in
1002 2524 1071 2555 uni-

335 2571 513 2604 versalibus
536 2571 853 2617 provincialibusque
887 2580 917 2607 et
937 2577 1070 2618 synoda-

334 2624 418 2657 libus
436 2623 581 2656 conciliis
597 2624 699 2665 editis,
716 2627 922 2667 generalibus
937 2629 984 2660 rel
1000 2639 1070 2670 spe-

425 2687 503 2715 Bull.
527 2687 608 2713 Rom.
626 2702 658 2706 --
680 2687 734 2713 Vol.
760 2689 864 2717 XVIII.

1010 2690 1042 2715 oo

1741 239 1798 273 5⁵2!

1107 297 1555 338 cialibus,,constitutionibus
1573 304 1601 331 et
1629 298 1843 330 ordinationi-

1108 350 1186 390 bus,
1213 356 1252 390 et,
1279 355 1437 393 quatenus
1474 361 1553 393 opus
1589 351 1646 389 sit,
1676 353 1786 382 nostra
1812 356 1844 382 et

1108 404 1318 436 cancellariae
1345 402 1539 446 apostolieae
1574 403 1684 444 regula
1709 403 1747 435 de
1774 403 1842 434 iure

1109 457 1254 498 quaesito
1280 467 1343 489 non
1371 456 1535 495 tollendo,
1563 455 1689 496 legibus
1715 466 1843 497 qnoque

1109 509 1203 542 otiam
1222 509 1440 553 imperialibus
1457 514 1489 541 et
1503 508 1758 550 municipalilnis,
1775 519 1845 539 nec-

1110 572 1174 595 non
1200 562 1375 606 quibusvis,
1391 562 1485 594 etiam
1512 561 1705 600 iuramento,
1730 560 1845 593 contir-

1111 613 1250 647 1nati0ue
1269 614 1458 657 apostolica,
1484 615 1532 646 vel
1559 613 1669 656 quavis
1694 612 1845 644 firmitate

1111 666 1171 699 alia
1196 667 1372 706 roboratis,
1398 667 1523 698 statutis
1550 672 1581 698 et
1605 665 1846 698 consuetudini-

1112 719 1182 759 bus,
1200 719 1294 752 etiam
1320 719 1641 757 iimnemorabilibus,
1667 717 1845 761 privilegiis

1111 784 1254 816 quoque,
1280 773 1411 805 indultis
1440 778 1472 804 et
1496 772 1611 805 litteris
1637 771 1845 814 apostolicis,

1090 853 1091 859 ,
1112 826 1370 869 quibuscumque
1397 826 1474 858 locis
1502 831 1533 857 et
1558 825 1726 868 personis,
1751 825 1847 857 etiam

1111 890 1314 922 quacumque
1349 880 1566 912 ecclesiastica
1602 881 1649 912 vel
1686 880 1847 912 mundana

1112 932 1267 975 dignitate
1293 932 1502 974 fulgentibus,
1521 937 1551 964 et
1573 932 1650 964 alia>-
1669 933 1848 975 quomodo-

1112 984 1191 1017 libet
1222 984 1423 1027 qualisicatis,
1449 996 1485 1016 ac
1521 984 1693 1027 specialem
1718 995 1849 1027 expres-

1112 1037 1237 1069 sionem
1254 1037 1504 1079 requirentibus,
1520 1037 1578 1069 sub
1593 1038 1848 1080 quilniscunique

1113 1089 1282 1122 verborum
1316 1089 1479 1121 tenoribus
1506 1094 1538 1121 et
1568 1090 1687 1130 serina,
1716 1100 1751 1122 ac
1777 1101 1848 1122 cum

1113 1142 1274 1185 quibusvis
1299 1142 1394 1175 etiam
1412 1142 1695 1185 derogatoriarum
1715 1143 1850 1186 deroga-

1112 1195 1211 1235 toriis,
1233 1194 1368 1238 aliisque
1394 1194 1640 1234 efficacioribus,
1667 1195 1850 1229 efficacissi-

1113 1248 1173 1281 mis
1193 1253 1225 1280 et
1245 1248 1386 1281 insolitis
1405 1248 1564 1289 clausulis,
1582 1248 1849 1293 irritantilnisque

1114 1306 1146 1334 et
1170 1301 1241 1334 aliis
1259 1301 1409 1341 decretis,
1428 1301 1524 1333 etiam
1542 1306 1640 1340 motu,
1659 1301 1794 1334 scientia
1819 1308 1852 1335 et

1114 1353 1284 1397 potestatis
1309 1354 1513 1397 plenitudine
1540 1354 1708 1395 similibus,
1727 1365 1762 1387 ae
1779 1365 1851 1388 con-

1115 1406 1329 1447 sistorialiter,
1356 1411 1387 1438 et
1423 1406 1501 1439 alias
1536 1407 1785 1449 quomodolibet
1818 1408 1851 1439 in

1115 1459 1310 1492 eontrarium
1331 1460 1582 1502 praemissorum
1599 1460 1770 1501 concessis,
1787 1461 1853 1494 edi-

1116 1512 1167 1552 tis,
1195 1512 1285 1545 sactis
1309 1522 1345 1544 ac
1370 1512 1491 1555 pluries
1512 1513 1644 1552 iteratis,
1662 1518 1694 1546 et
1712 1514 1852 1556 (wantis-

1116 1576 1253 1608 cumque
1279 1565 1400 1598 vicibus
1427 1565 1626 1608 approbatis,
1653 1565 1851 1600 confirmatis

1117 1624 1148 1651 et
1174 1618 1356 1658 innovatis;
1384 1618 1500 1661 quibus
1537 1618 1689 1651 omnibus
1723 1625 1755 1651 et
1787 1619 1852 1651 sin-

1117 1671 1219 1714 gulis,
1256 1671 1380 1703 etiamsi
1420 1682 1477 1714 pro
1512 1671 1642 1704 illorum
1677 1672 1851 1704 sufficienti

1117 1724 1328 1767 derogatione
1355 1725 1394 1757 de
1420 1724 1483 1757 illis
1510 1735 1689 1768 eorumque
1710 1725 1785 1758 totis
1807 1730 1853 1758 te-

1117 1778 1251 1810 noribus
1276 1777 1436 1820 specialis,
1464 1776 1617 1820 specifica
1645 1776 1797 1821 expressa
1822 1784 1854 1812 et

1117 1830 1292 1871 individua,
1313 1841 1349 1863 ac
1375 1830 1413 1862 de
1442 1830 1540 1863 verbo
1567 1830 1605 1863 ad
1623 1831 1770 1871 verbum,
1788 1842 1853 1865 non

1117 1889 1222 1916 autem
1239 1894 1298 1926 per
1314 1883 1475 1915 clausulas
1501 1883 1670 1925 generales
1698 1883 1782 1916 idem
1800 1884 1854 1917 im-

1117 1942 1302 1981 portantes,
1327 1937 1450 1970 mentio
1475 1947 1531 1969 seu
1559 1937 1689 1976 quaevis
1714 1937 1776 1970 alia
1802 1949 1855 1971 ex-

1116 1991 1241 2034 pressio
1267 1990 1416 2023 liabenda
1442 1996 1497 2022 aut
1521 1991 1628 2033 aliqua
1653 1990 1716 2023 alia
1744 1992 1854 2034 exqui-

1117 2043 1175 2075 sita
1194 2043 1294 2075 forma
1320 2043 1358 2075 ad
1380 2043 1442 2075 hoc
1462 2044 1620 2077 servanda
1644 2043 1736 2083 soret,
1764 2049 1854 2077 teno-

1118 2106 1168 2128 res
1190 2095 1394 2136 huiusmodi,
1420 2107 1455 2128 ac
1481 2095 1505 2128 si
1532 2096 1569 2129 de
1596 2097 1694 2130 verbo
1721 2097 1758 2129 ad
1785 2108 1854 2130 ver-

1116 2148 1157 2180 bo
1183 2148 1221 2180 ad
1247 2149 1380 2181 verbum
1407 2148 1489 2181 nibil
1515 2148 1644 2191 penitus
1674 2149 1792 2182 omisso
1819 2160 1855 2182 ac

1117 2201 1218 2233 forma
1251 2201 1283 2233 in
1317 2201 1363 2233 eis
1398 2201 1513 2234 tradita
1548 2202 1716 2234 observata
1747 2202 1855 2246 expri-

1117 2260 1310 2294 merentur,
1342 2254 1569 2297 1·›raesentibus
1601 2265 1660 2298 pro
1692 2256 1790 2298 plene
1823 2261 1855 2288 et

1116 2308 1313 2341 sufficienter
1339 2307 1496 2351 expressis
1522 2313 1554 2340 et
1578 2308 1705 2341 insertis
1734 2308 1855 2341 liaben-

1117 2366 1172 2401 tes,
1199 2361 1263 2394 illis
1289 2361 1366 2393 alias
1392 2361 1423 2393 in
1450 2371 1506 2393 suo
1525 2360 1641 2394 robore
1662 2372 1854 2405 permansu-

1116 2414 1168 2455 ris,
1195 2414 1234 2446 ad
1259 2414 1510 2457 praemissorum
1530 2412 1685 2453 effectum,
1705 2414 1765 2447 hac
1784 2415 1851 2450 vice

1116 2468 1289 2507 dumtaxat,
1314 2466 1499 2510 specialiter
1524 2472 1555 2499 et
1580 2477 1733 2510 expresse
1759 2468 1853 2501 dero-

1116 2531 1238 2564 gamus,
1257 2532 1292 2553 ac
1309 2521 1499 2563 derogatum
1524 2530 1593 2553 esse
1620 2522 1780 2562 volumus;
1800 2532 1852 2555 ce-

1116 2575 1257 2617 terisque
1280 2574 1451 2607 contrariis
1470 2574 1738 2617 quilniseumque.

1159 2628 1173 2671 g
1209 2627 1240 2660 7.
1267 2627 1422 2660 Volumus
1460 2633 1565 2660 autem
1599 2633 1633 2659 ut
1664 2628 1886 2671 earumdemlm

1852 249 1898 274 An.
1922 247 1948 274 C.
1971 248 2037 274 1674

1895 2624 2046 2651 'transumpto-

1890 2656 1908 2672 ιιι
1922 2650 1983 2672 fides.
