2279 3260
204 240 251 266 An,
270 240 296 265 c
327 241 390 266 unt
436 230 499 264 488

256 1660 346 1680 Litterae
362 1666 395 1685 ge·

212 1687 290 1706 nerahs
310 1686 395 1711 inquisi-

214 1713 274 1732 unni«
326 1712 394 1732 dictae

213 1742 297 1758 sutelae
310 1738 394 1764 luquisiv

214 1766 264 1783 Ιιοω
292 1763 387 1790 [ty-»ipo

213 1791 271 1809 nansi
294 1791 321 1810 ad
341 1793 395 1811 cem·

214 1817 329 1841 parendum
363 1823 386 1837 co

214 1848 257 1862 ratu
270 1849 303 1863 ea.

400 289 494 321 ticam
519 289 709 331 pravitatem
740 287 927 320 auctoritate
955 284 1134 328 apostoliea

398 340 558 383 deputatis
575 340 763 379 audiendas,
782 338 989 376 decidendas,
1006 336 1132 377 {ineque

399 393 508 425 debito
527 393 758 432 terminandas,
780 402 850 424 cum
869 391 1016 422 facultate
1035 387 1134 419 citan-

400 446 430 477 di
458 451 489 478 et
513 444 681 477 inhibendi
708 454 811 486 quos,
837 442 970 485 quibus,
996 439 1132 482 quoties,

400 498 530 540 quando
555 509 636 540 opus
662 498 750 535 soret,
776 495 870 527 etiam
896 504 953 536 per
977 492 1132 530 edietum,

400 550 586 583 constituto¹
602 550 640 581 de
660 560 723 581 non
743 553 808 579 tuto
828 556 966 583 accessu,
985 555 1022 577 ac
1039 543 1133 576 etiam

401 603 461 635 sul)
486 603 630 635 censuris
658 606 687 633 ct
713 599 828 643 poenis
851 597 984 630 arbitrio
1009 606 1134 629 eorum-

402 657 475 689 dem
498 654 709 687 cardinalium
735 651 938 694 imponendis
963 656 994 682 et
1025 649 1135 682 mode-

402 708 520 746 randis,
548 716 673 738 necnon
695 714 845 737 censuras
864 702 1068 744 anegrarandi,
1088 712 1135 733 rc-

402 758 605 801 aggravandi,
633 757 785 790 auxilium
811 756 933 788 brachii
960 754 1134 787 saecularis

402 811 580 849 invocandi,
596 822 632 842 ac
650 810 745 842 etiam
764 808 1000 851 compulsandi,
1020 807 1134 839 sacien-

403 864 497 906 diquc
523 861 693 894 transmitti
720 867 751 894 et
782 860 995 903 transportari
1027 859 1133 892 omnia

401 921 485 954 acta,
519 914 635 946 iudicia
668 913 735 945 sive
762 923 932 956 processus
965 911 1134 944 existentia

401 973 511 1000 contra
536 966 736 1009 praedictum
765 965 1005 997 Emmanuelem
1031 964 1063 996 in
1089 963 1135 995 di-

401 1026 452 1052 cto
489 1019 644 1051 tribunali
683 1018 714 1051 S.
757 1017 858 1051 Officii
895 1017 1132 1059 portugalliae,

401 1083 456 1105 seu
475 1071 561 1111 alibi,
584 1076 742 1113 quatenus
766 1071 928 1109 adessent,
956 1070 1134 1111 dictamque

402 1134 529 1157 eausam
553 1123 722 1162 avocandi,
748 1128 908 1165 quatenus
932 1133 1013 1165 opus
1040 1126 1134 1159 esset,

402 1180 432 1210 et
456 1175 629 1209 revocandi
655 1180 869 1217 sequestrum,
886 1175 1034 1217 dictaque
1053 1174 1135 1205 bona

402 1229 460 1271 ipsi
486 1227 686 1260 Emmanueli
718 1227 908 1259 restituendi
929 1254 935 1265 ,
962 1231 1135 1268 ceteraque

402 1283 541 1323 desuper
565 1280 747 1313 neccssaria
773 1285 804 1312 et
827 1285 1021 1322 opportuna,
1042 1283 1138 1321 prout

403 1334 480 1367 iuris
497 1335 589 1372 soret,
608 1333 750 1375 gerendi,
769 1333 905 1365 faciendi
928 1338 958 1365 et
978 1342 1137 1374 exequen—

403 1388 443 1427 di,
463 1386 651 1419 auctoritate
673 1386 851 1429 apostolica
869 1384 1087 1418 conanishuus
1107 1390 1136 1416 et

402 1439 639 1477 mandavimus,
672 1449 743 1470 cum
768 1437 959 1481 opportunis
988 1437 1138 1469 clausulis

404 1498 436 1524 ct
451 1491 727 1534 derogationibus,
742 1496 840 1534 prout
859 1490 891 1522 in
912 1489 1137 1523 commissione

405 1546 546 1588 desuper
581 1554 678 1577 manu
712 1545 823 1576 nostra
852 1543 978 1585 signata
1011 1542 1137 1585 plenius

405 1597 604 1630 continetur.

449 1653 463 1693 g
484 1650 515 1682 2.
538 1650 575 1682 Et
591 1649 729 1682 subinde
747 1649 833 1691 (cum
852 1649 936 1681 dieta
954 1648 1138 1680 commissio

407 1702 595 1735 memoratis
614 1701 829 1734 cardinalibus
846 1705 1051 1744 praesentata
1068 1700 1139 1732 suis-

406 1760 466 1796 set,
494 1755 662 1798 dictusque
688 1754 893 1793 Emmanuel,
918 1754 958 1787 ad
986 1753 1139 1786 maiorem

407 1808 575 1845 cautelam,
595 1806 796 1839 inhaerendo
814 1806 1005 1848 cuicumque
1030 1806 1142 1848 appel-

406 1859 517 1892 lationi
548 1859 654 1891 forsan
678 1870 695 1891 a
719 1858 871 1901 praefatis
903 1858 1138 1900 gravaminibus

406 1912 445 1944 ad
471 1912 538 1944 eius
563 1911 749 1944 instantiam
772 1911 805 1942 in
834 1911 975 1953 partibus
1000 1911 1141 1954 interpo-

407 1964 499 2004 sitae,
524 1964 563 1996 ad
588 1974 646 1996 nos
672 1968 704 1996 et
727 1963 844 1996 Sedem
866 1964 1086 2006 Apostolicam
1103 1975 1138 1996 ac

407 2017 445 2050 ad
466 2016 652 2059 praedictos
679 2015 858 2048 cardinales
876 2022 1039 2058 tamquam
1059 2016 1140 2049 iudi-

406 2079 459 2102 ces
486 2069 656 2112 deputatos
681 2074 713 2101 et
737 2073 958 2111 competentes
975 2068 1091 2101 iterum
1108 2074 1140 2101 et

408 2124 513 2155 denuo
538 2123 745 2154 reclamasset
771 2127 803 2153 et
825 2131 989 2153 recursum
1014 2122 1140 2154 habuis-

406 2175 468 2216 set)
483 2174 580 2207 iidem
601 2173 778 2206 cardinales
795 2177 938 2215 (recursu
956 2174 1137 2207 huiusmodi

407 2226 546 2259 admisso
572 2225 605 2258 in
631 2231 712 2258 statu
742 2231 772 2258 et
798 2226 942 2258 terminis
963 2226 995 2257 in
1024 2226 1138 2268 quibus

408 2281 501 2312 causa
527 2278 762 2320 reperiebatur,
789 2283 819 2310 et
844 2278 913 2320 ipso
931 2277 1137 2312 Emmanuele

408 2331 439 2363 in
466 2331 648 2363 carceribus
674 2330 767 2362 huius
801 2341 970 2373 supremae
996 2331 1134 2374 lnquisi-
1160 2350 1161 2353 =

980 237 1155 261 lwttxtut'u
1183 236 1329 259 iulittNttu

1176 282 1372 316 inhibitione
1397 284 1505 325 vigore
1532 284 1673 317 eiusdem
1693 294 1842 317 recursus
1861 293 1910 316 ex-

1178 340 1226 367 tra
1250 335 1426 369 Romanam
1462 336 1588 370 Curiam
1619 342 1651 370 et
1681 338 1720 369 ad
1746 341 1852 379 partes
1876 335 1908 368 in

1176 386 1277 419 forma
1301 387 1433 420 decerni
1460 393 1492 421 et
1515 390 1649 422 concedi
1688 388 1908 432 supplicante)

1177 449 1234 481 per
1270 450 1382 472 eorum
1424 440 1588 474 citatorias
1623 441 1837 474 inhibitiones
1878 447 1910 473 et

1176 491 1411 533 compulsorias
1436 491 1568 532 litteras,
1590 493 1672 525 dicta
1694 493 1745 526 die
1762 503 1792 526 xl
1817 493 1910 525 eius-

1177 544 1250 575 dem
1271 543 1391 575 mensis
1416 544 1520 576 martii
1538 551 1714 585 emanatas,
1732 545 1910 578 venerabili

1177 595 1267 627 t'ratri
1292 595 1443 628 Marcello
1477 593 1700 639 arciepiscopo
1733 597 1910 630 Chalcedo-

1178 648 1281 688 uensi,
1309 653 1421 680 nostro
1447 654 1479 680 et
1503 648 1606 681 dictae
1631 648 1721 681 Sedis
1745 650 1778 681 in
1800 649 1912 682 Portu-

1177 700 1291 742 galliae
1324 706 1355 733 et
1379 701 1607 745 Aigai-bionna
1637 702 1746 743 regnis
1782 703 1912 741 nuncio,

1178 758 1209 785 et
1233 753 1284 785 cui
1320 764 1376 785 seu
1409 753 1526 795 quibus
1562 753 1687 786 litterae
1725 753 1912 786 huiusmodi

1179 806 1391 848 pervenirent,
1418 806 1663 846 commiserunt,
1685 812 1714 838 et
1739 805 1771 838 in
1796 806 1913 839 virtute

1177 863 1306 890 sanctae
1332 858 1537 890 obedientiae
1551 857 1661 890 stricte
1678 857 1913 901 praecipiendo

1177 911 1391 950 mandarant,
1417 916 1590 953 quatenus,
1617 910 1690 942 visis
1716 910 1838 943 eisdem
1865 910 1915 943 lit·

1180 964 1254 995 teris
1280 975 1316 995 ex
1336 964 1480 1006 ipsorum
1499 962 1711 995 cardinalium
1729 968 1833 1006 parte,
1852 963 1915 996 imo

1180 1016 1282 1048 verius
1307 1015 1487 1058 apostolica
1505 1015 1710 1055 auctoritate,
1729 1015 1864 1048 dilectos
1882 1014 1917 1047 fi-

1180 1068 1238 1100 lios
1263 1073 1490 1110 procuratores
1521 1067 1646 1100 fiscales
1660 1067 1691 1100 S.
1711 1067 1813 1100 Officii
1830 1068 1916 1111 Ulys-

1180 1119 1365 1162 siponensis
1411 1126 1441 1152 et
1480 1119 1667 1152 Etborensis
1688 1147 1694 1159 ,
1738 1130 1915 1163 omnesque

1180 1172 1258 1204 alios
1285 1178 1315 1204 et
1339 1171 1484 1214 singulos
1510 1172 1541 1204 in
1563 1172 1753 1205 executione
1772 1172 1916 1215 ipsarum

1181 1224 1357 1256 litterarum
1391 1224 1605 1257 nominandos
1632 1229 1663 1257 et
1687 1224 1917 1267 cognominan-

1182 1276 1249 1314 dos,
1268 1276 1404 1309 citarent
1428 1282 1459 1309 et
1483 1277 1571 1308 citari
1589 1282 1752 1317 curarent,
1773 1277 1917 1310 facerent

1182 1334 1213 1361 et
1237 1329 1438 1369 mandarent,
1467 1334 1563 1373 prout
1587 1329 1648 1372 ipsi
1674 1329 1856 1362 cardinales
1876 1330 1918 1362 ci-

1183 1381 1289 1413 tabant
1323 1387 1355 1413 et
1389 1382 1479 1413 citari
1509 1382 1725 1422 mandabant,
1759 1387 1917 1425 quatenus

1181 1434 1377 1476 sexagesima
1402 1434 1453 1466 die
1479 1441 1551 1477 post
1575 1435 1762 1468 earumdem
1799 1435 1919 1468 littera-

1183 1497 1252 1519 rum
1286 1487 1505 1520 executionem
1538 1493 1761 1530 comparerent
1798 1488 1917 1521 Romae

1182 1550 1289 1572 coram
1327 1539 1446 1572 eisdem
1473 1540 1691 1572 cardinalibus
1721 1541 1753 1572 in
1778 1540 1919 1583 Congre-

1183 1592 1312 1634 gatione
1338 1592 1501 1635 praedicta
1527 1603 1597 1625 cum
1619 1593 1770 1626 omnibus
1795 1599 1827 1626 et
1854 1594 1919 1626 sin-

1182 1645 1266 1687 gulis
1290 1655 1401 1678 eorum
1427 1645 1516 1684 actis,
1537 1645 1682 1686 actitatis,
1701 1645 1831 1686 iuribus,
1846 1646 1921 1679 scri-

1183 1698 1284 1740 pturis
1301 1703 1332 1730 et
1348 1697 1555 1740 processibus
1571 1697 1827 1741 quibuscumque
1849 1709 1920 1731 con-

1185 1755 1231 1781 tra
1249 1750 1370 1782 dictum
1386 1750 1628 1783 Emmanuelem
1647 1755 1780 1782 eatenus
1791 1751 1920 1784 fabrica-

1184 1802 1221 1834 tis
1246 1807 1277 1835 et
1301 1802 1340 1834 ad
1365 1812 1491 1834 causam
1518 1802 1701 1835 huiusmodi
1720 1802 1919 1844 facientibus,

1183 1865 1241 1898 per
1265 1865 1308 1895 se,
1333 1856 1383 1888 vel
1419 1860 1648 1898 procuratores
1675 1865 1751 1887 suos
1781 1855 1919 1889 idoneos

1183 1907 1378 1940 sufficienter
1394 1907 1589 1947 instructos,
1609 1907 1762 1950 alioquin,
1778 1907 1842 1941 illis
1853 1919 1919 1941 non

1183 1960 1465 2003 comparentibus,
1497 1961 1545 1992 vel
1570 1970 1761 2002 comparere
1787 1959 1919 1993 minime

1183 2015 1380 2054 curantibus,
1403 2014 1584 2047 cardinales
1611 2013 1734 2048 iudices
1761 2014 1918 2056 praedicti

1183 2067 1371 2101 devenirent
1382 2067 1419 2099 ad
1431 2067 1670 2100 revocationem
1689 2067 1833 2099 omnium
1846 2078 1921 2100 con-

1183 2127 1229 2153 tra
1246 2120 1366 2153 dietum
1384 2119 1627 2153 Emmanuelem
1645 2124 1811 2162 gestorum
1829 2125 1861 2151 et
1874 2125 1919 2151 at-

1184 2179 1391 2213 tentatorum,
1419 2178 1450 2205 et
1475 2172 1652 2216 respective
1678 2173 1717 2205 ad
1743 2172 1920 2205 absolutio-

1182 2239 1256 2260 nem
1274 2227 1418 2260 eiusdem
1435 2233 1466 2259 et
1483 2226 1545 2258 alia
1563 2226 1640 2258 iuris
1663 2231 1692 2258 et
1720 2225 1792 2258 raeti
1813 2236 1903 2258 reme

1183 2281 1243 2320 dia,
1259 2291 1371 2313 corum
1397 2279 1599 2312 contumacia
1625 2280 1674 2312 vel
1701 2278 1844 2312 absentia
1861 2279 1919 2311 mi-

1182 2333 1267 2366 nime
1283 2334 1450 2372 obstante,
1471 2337 1501 2364 et
1519 2331 1654 2374 insuper
1676 2331 1864 2365 inhiberent
1888 2339 1917 2366 et

408 2384 501 2416 tionis
529 2382 579 2415 die
598 2393 628 2416 >a
646 2383 751 2415 martii
770 2393 931 2415 unctxxin
949 2385 1136 2423 constituto,
1159 2398 1162 2429 3
1182 2385 1361 2418 inhibendo
1380 2394 1531 2427 expresse
1546 2383 1771 2427 praeciperent
1786 2389 1817 2416 et
1831 2395 1919 2417 man-

405 2447 440 2469 ac
468 2446 637 2468 recursum
653 2435 839 2468 huiusmodi
858 2437 1009 2478 prosequi
1030 2438 1138 2469 rolen-
1158 2434 1161 2456 ¹
1182 2438 1303 2477 darent,
1322 2442 1417 2480 prout
1435 2436 1495 2480 ipsi
1514 2436 1693 2469 cardinales
1715 2436 1916 2476 inhibebant,

406 2494 436 2522 te
454 2500 485 2521 et
502 2489 703 2528 intendente,
722 2488 847 2531 sibique
864 2488 1047 2521 citationem
1067 2500 1137 2522 eum
1181 2491 1424 2534 praecipiebant
1443 2495 1474 2522 et
1491 2490 1696 2529 mandabant,
1715 2490 1864 2523 erunibus
1889 2497 1920 2523 et

441 2605 450 2630 1
476 2603 567 2630 Potius
586 2608 614 2630 ut
633 2604 699 2630 alias
717 2603 775 2638 lege
795 2603 913 2630 constitu
934 2610 971 2639 tu.
993 2605 1039 2637 Τ.)Δ

1181 2544 1316 2586 singulis
1339 2544 1497 2576 iudicibus
1516 2543 1765 2584 commissariis,
1786 2549 1848 2576 tam
1867 2554 1919 2577 or-

1182 2597 1315 2629 dinariis
1336 2608 1429 2640 quam
1456 2597 1736 2640 extr.·1ordinariis‚
1765 2598 1920 2642 delegatis

1916 235 1964 260 Λιι.
1983 234 2001 259 C
2037 234 2101 260 1074
