2279 3260
182 237 231 262 An.
247 235 275 262 C.
300 236 366 264 1674

1001 245 1142 270 CLEums
1164 249 1180 271 X
1207 250 1252 272 ΓΡ.

376 297 511 330 quorum
544 290 700 322 nonnulla
731 301 768 322 ex
798 291 945 324 manibus
972 292 1110 326 haereti-

375 350 487 373 eorum
505 340 742 375 Genevensium
760 349 951 386 recuperata
969 345 1106 385 fucrant,

375 392 453 435 ipsis
481 393 654 427 haereticis
680 394 775 428 etiam
800 406 870 429 cum
897 397 1054 431 fructibus
1078 404 1109 431 et

375 445 556 479 redditibus
574 446 698 481 interea
713 449 875 493 perceptis
892 461 948 483 seu
964 451 1107 484 decursis

374 497 585 531 redderentur
614 504 644 532 et
668 500 925 542 restituerentur,
947 514 983 535 ac
1004 514 1105 546 penes

372 550 462 591 illos,
482 556 579 594 prout
603 558 706 594 antea,
733 564 772 586 eo
797 554 920 588 scilicet
945 560 1103 598 tempore,

371 613 436 645 quo
450 603 488 636 ab
503 603 548 636 eis
566 611 722 648 occupata
741 611 772 639 et
797 612 950 650 usurpata
968 608 1104 649 fucrant,

372 662 595 698 remanerent3
626 658 670 691 illi
700 670 827 702 quoque
854 660 1022 699 haeretici,
1048 661 1102 703 qui

371 713 507 752 propter
525 710 685 743 haeresim
714 722 749 743 ex
766 712 911 754 partibus
929 712 1103 746 catholico-

372 771 442 794 rum
472 762 504 794 in
525 762 683 796 civitatem
708 763 926 797 Genevensem
951 765 1104 807 profuge-

370 820 451 854 rant,
469 815 580 858 ibique
598 817 722 859 asylum
743 817 886 850 haeresis
899 818 1101 858 invenerunt,

370 867 409 900 ad
425 877 538 900 eorum
557 869 643 901 bona
668 875 698 902 et
716 870 828 903 domos
845 870 877 902 in
895 871 1039 913 partibus
1057 882 1103 903 ca—

370 920 564 954 tholicorum
584 921 797 954 consistentia
814 923 942 962 reverti,
962 923 1101 966 ipsisque

369 972 462 1006 bonis
479 973 549 1013 frui,
569 981 600 1006 et
624 975 720 1007 certis
738 975 813 1007 anni
833 976 1039 1018 temporibus,
1059 982 1103 1008 ta-

368 1026 462 1058 metsi
488 1027 649 1059 haeresim
667 1027 914 1070 profiterentur,
932 1029 964 1061 in
982 1029 1101 1061 eisdem

367 1078 603 1112 catholicorum
643 1081 788 1122 partibus
823 1081 945 1125 impuni
982 1083 1101 1115 morari

366 1137 510 1174 possent,
536 1142 595 1165 nec
619 1132 723 1170 cives,
750 1135 929 1176 burgenses
953 1140 985 1167 et
1010 1136 1101 1167 habi-

367 1189 486 1217 tatores
516 1185 619 1218 dictae
640 1185 776 1219 civitatis
802 1186 1016 1227 Genevensis,
1043 1199 1099 1221 eo-

367 1247 505 1280 rumque
541 1238 651 1271 samuli
686 1245 718 1271 et
743 1240 934 1281 domestici,
961 1241 1035 1273 dum
1068 1241 1098 1274 in

366 1299 478 1322 eorum
494 1289 588 1323 bonis
614 1296 645 1324 et
662 1292 811 1325 domibus
836 1292 868 1324 in
894 1293 1037 1326 dominio
1055 1293 1100 1326 di-

366 1341 406 1373 cti
432 1341 535 1376 Caroli
560 1343 777 1378 Emmanuelis
804 1346 894 1378 ducis
920 1347 1099 1380 consisten-

366 1395 451 1428 tibus
486 1396 691 1438 habitarent,
726 1409 762 1431 ex
796 1401 890 1431 causa
928 1400 1095 1441 haeresis,

365 1458 459 1491 quam
490 1449 753 1492 profitebantur¹,
778 1452 941 1484 molestari
972 1454 1018 1486 vel
1049 1453 1098 1485 in-

365 1501 514 1544 quietari,
534 1503 589 1535 sed
615 1503 733 1536 ibidem
759 1503 860 1537 libere
887 1505 989 1538 vivere
1014 1506 1099 1538 vale-

364 1560 455 1593 rent;
489 1556 667 1589 sententiae
700 1567 715 1589 a
748 1556 989 1590 Genevensibus
1023 1559 1098 1591 liae-

364 1607 486 1647 reticis,
512 1608 587 1641 dum
606 1609 675 1641 loca
693 1609 926 1643 catholicorum
943 1617 1097 1654 usurpata

363 1660 565 1701 retinebant,
608 1672 644 1694 ac
682 1662 841 1695 iudicibus
875 1664 1097 1706 superioribus

362 1723 421 1756 per
445 1724 500 1747 eos
526 1714 685 1758 deputatis
711 1716 804 1755 latae,
832 1726 904 1748 eum
929 1717 1097 1751 subhasta-

361 1765 504 1799 tionibus
529 1767 603 1800 inde
629 1768 768 1807 secutis,
796 1768 941 1802 effectum
974 1770 1096 1804 habere

362 1819 536 1859 deberent,
575 1820 704 1853 decreta
743 1832 816 1854 vero
849 1828 881 1854 et
913 1825 1094 1858 sententiae

360 1877 472 1904 contra
496 1873 627 1905 cosdem
652 1873 858 1907 Genevenses
891 1876 1093 1917 haereticos,

360 1935 457 1969 super
488 1926 581 1959 bonis
614 1930 644 1959 et
682 1927 835 1960 fructibus
870 1930 1094 1964 ecclesiasticis

358 1978 448 2021 prius
465 1989 525 2022 per
542 1989 598 2012 eos
612 1981 784 2023 usurpatis,
803 1987 950 2014 emanata
968 1989 998 2015 et
1013 1994 1092 2017 ema-

359 2036 452 2064 natae
476 2032 596 2065 nullius
622 2033 749 2065 roboris
767 2039 799 2066 et
816 2035 972 2068 momenti
993 2047 1095 2070 rema-

358 2089 489 2125 nerent,
515 2092 547 2118 et
570 2086 726 2129 quidquid
752 2087 836 2120 dicta
861 2087 970 2121 civitas
991 2089 1094 2123 Gene-

358 2138 465 2170 vensis
499 2149 516 2170 a
548 2144 634 2172 certo
662 2144 807 2182 tempore
839 2150 874 2172 ex
901 2141 1090 2183 laudemiis,

358 2189 510 2230 decimis,
537 2191 684 2224 censibus
720 2198 751 2224 et
784 2193 964 2226 redditibus
990 2197 1092 2229 eccle-

358 2241 494 2275 siasticis
519 2244 729 2287 percepisset,
764 2245 795 2277 id
820 2247 858 2279 ad
885 2249 1091 2281 commodum
1112 2244 1114 2270 ἶ

359 2293 500 2327 eiusdem
535 2295 690 2337 civitatis,
715 2298 857 2331 liberatis
894 2300 1113 2334 debitoribus?

357 2358 374 2379 a
398 2357 498 2381 novae
523 2350 693 2383 solutionis
719 2362 830 2393 onere,
850 2363 1019 2387 remanere
1037 2355 1090 2387 de-

355 2401 460 2442 beret,
479 2402 663 2446 validaeque
684 2411 791 2438 essent
808 2406 1017 2440 investiturae
1035 2408 1091 2441 bo-

356 2464 469 2487 norum
494 2456 794 2497 ecclesiasticorum,
814 2470 892 2502 quas
917 2461 1029 2503 privati
1051 2463 1089 2494 ab

356 2508 479 2540 eisdem
505 2508 745 2544 Genevensibus
772 2512 941 2547 haereticis
968 2516 1088 2549 interea

354 2566 589 2604 reportassent,
614 2573 674 2595 nee
699 2575 796 2598 novas
820 2567 1023 2601 investituras
1044 2582 1088 2603 ac·
1109 2570 1111 2580 ¹

390 2623 402 2650 1
423 2623 516 2658 Aptius
535 2623 624 2652 forsan
641 2627 848 2662 profiterentur
867 2636 903 2666 „in
925 2632 974 2666 ῃ),

1786 252 1849 284 519

1153 296 1260 339 cipere
1283 304 1481 341 tenerentur,
1500 310 1531 335 et
1555 306 1646 345 alias,
1672 315 1765 349 prout
1786 309 1816 341 in
1837 310 1884 341 in-

1153 355 1331 385 strumento
1356 364 1412 386 seu
1437 357 1597 399 scriptura
1625 371 1723 403 super
1749 367 1883 394 tractatu

1153 403 1380 447 pacificationis
1422 408 1604 443 huiusmodi
1642 414 1789 446 contecto
1827 426 1881 447 seu

1150 458 1303 497 confecta,
1331 465 1361 491 ct
1386 461 1524 494 subinde
1548 464 1697 507 utrinqutie
1726 467 1881 499 ratiiieato

1150 522 1207 543 seu
1224 512 1385 552 ratiiicam,
1406 515 1536 546 uberius
1558 517 1675 549 dic-itm·
1699 519 1878 559 contineri3

1192 565 1206 607 ξ
1224 564 1254 596 *2.
1271 565 1306 597 Et
1321 566 1410 602 (licet
1425 567 1665 611 beneplacitum
1689 572 1782 603 liuius
1802 574 1879 605 San-
1953 587 1967 605 u
1972 592 2057 605 ...........
2060 587 2074 606 i.

1148 622 1217 650 ctae
1235 618 1325 650 Sedis
1345 620 1548 662 Apostolicae
1575 636 1674 667 super
1695 627 1805 665 rebus,
1824 614 2075 666 lio-ffiffssff'tssffffniiffff]

1147 670 1195 703 nis
1221 676 1252 703 et
1277 671 1400 704 iuribus
1426 675 1464 707 ad
1490 678 1641 710 ecclesias
1657 706 1663 717 ,
1681 681 1878 713 monasteria
1891 671 1981 714 Tnii'issm'
2001 700 2025 713 ιω
2037 675 2075 713 ιΪιῙῖ

1146 728 1178 754 et
1198 723 1267 755 loca
1283 725 1346 766 pia,
1366 737 1538 771 eorumque
1558 741 1715 773 personas
1733 722 1971 776 ςραῑοῑειῐῑ-Γώωμ
1988 726 2040 741 mm.

1148 774 1244 813 tibus,
1272 778 1310 808 (le
1337 779 1454 820 quibus
1481 781 1513 813 iu
1532 789 1666 817 tractatu
1687 786 1881 828 pacificatio-

1147 827 1195 859 nis
1222 828 1405 863 huiusmodi
1432 836 1662 870 conventiones
1688 839 1785 873 initae
1816 841 1882 874 sue-

1147 887 1227 919 runt,
1255 892 1418 926 nuuquam
1445 886 1646 929 impetratum
1676 893 1723 925 vel
1752 904 1881 927 conces-

1146 943 1216 965 sum
1255 937 1457 979 reperiatur,
1496 943 1683 987 notoriique
1725 946 1803 979 iuris
1839 948 1881 981 sit

1146 984 1306 1023 eiusmodi
1340 991 1506 1031 pactiones
1532 1001 1562 1027 et
1586 1000 1816 1033 conventiones
1841 1002 1880 1034 de

1146 1039 1240 1071 rebus
1257 1040 1417 1075 Ecclesiae
1435 1046 1558 1090 absque
1585 1050 1686 1083 dictae
1704 1052 1794 1086 Sedis
1811 1066 1881 1087 nos-

1147 1096 1212 1124 trae
1237 1095 1429 1130 auctoritate
1463 1099 1556 1133 initas
1582 1104 1700 1137 nullius
1725 1117 1796 1139 esse
1829 1119 1880 1141 ro-

1145 1143 1230 1176 boris
1274 1153 1305 1179 et
1340 1153 1520 1193 moment.i;
1556 1156 1736 1197 quinimmo
1779 1161 1880 1194 selicis

1144 1200 1378 1234 recordationis
1403 1204 1549 1239 Urbanus
1567 1209 1652 1253 Papa
1666 1211 1727 1244 t'ltl
1746 1215 1881 1255 praede-

1143 1261 1253 1284 cessor
1277 1259 1387 1288 noster
1412 1257 1479 1290 iura
1505 1260 1607 1294 dictae
1633 1263 1723 1297 Sedis
1749 1267 1879 1309 Aposto-

1144 1303 1223 1337 licae
1249 1311 1281 1338 ct
1305 1307 1467 1343 Romanae
1493 1323 1529 1345 ac
1557 1315 1744 1351 inferiorum
1778 1322 1879 1354 eccle-

1142 1356 1259 1390 siarum
1286 1365 1317 1392 et
1342 1372 1556 1404 personarum
1584 1371 1876 1407 ecclesiasticarum

1142 1419 1159 1441 a
1184 1411 1440 1458 quibuscumque
1466 1420 1749 1461 praeiudicialibus
1771 1426 1880 1460 huius-

1142 1464 1228 1496 modi
1261 1476 1320 1507 pcr
1349 1471 1520 1510 quamdam
1550 1484 1639 1507 suam
1671 1476 1879 1513 Constitutio-

1142 1526 1214 1548 nem
1241 1517 1291 1551 die
1310 1529 1328 1551 v
1354 1520 1431 1554 iunii
1449 1534 1568 1559 innexu
1585 1527 1702 1561 editam
1721 1532 1878 1573 amplissi-

1127 1580 1191 1602 ,me
1209 1575 1480 1615 praeservaverit)
1496 1578 1707 1613 nihilominus
1722 1583 1876 1618 haeretici

1141 1622 1342 1658 Genevenses
1369 1629 1535 1669 praedicti,
1550 1639 1714 1674 praetextu
1731 1636 1875 1670 eiusdem

1143 1681 1294 1710 tractatus
1312 1680 1555 1722 pacificationis,
1574 1691 1605 1718 et
1622 1687 1681 1719 sub
1703 1688 1789 1721 illius
1811 1691 1877 1733 cly-

1141 1739 1212 1771 peo,
1233 1735 1354 1771 terraS,
1382 1732 1488 1773 bona,
1516 1738 1660 1771 redditus
1686 1746 1716 1773 et
1742 1741 1810 1774 iura
1835 1745 1874 1776 ad

1139 1782 1360 1817 cathedralem
1387 1786 1617 1831 Genevensem,
1633 1791 1782 1837 illiusque
1808 1797 1876 1838 epi-

1139 1845 1271 1877 scopum
1296 1847 1331 1868 ac
1356 1840 1531 1881 capitulum
1557 1849 1586 1875 et
1610 1847 1794 1885 canonicos,
1820 1860 1875 1881 eo-

1140 1898 1272 1931 rumque
1294 1900 1421 1924 mensas
1436 1894 1655 1939 episcopalem
1672 1904 1703 1931 et
1721 1900 1875 1943 capitula-

1115 1950 1117 1975 ι
1138 1951 1214 1981 rem,
1233 1952 1359 1976 necnon
1378 1946 1590 1987 particulares
1609 1951 1754 1994 aliasque
1774 1955 1874 1987 eccle-

1138 1993 1208 2032 sias,
1234 1998 1428 2030 monasteria
1453 2005 1483 2032 et
1510 2001 1561 2043 pia
1578 2004 1656 2041 loca,
1678 2004 1873 2049 illorumque

1137 2053 1314 2089 respective
1337 2056 1478 2084 rectores
1496 2059 1527 2086 et
1546 2065 1703 2097 personas
1729 2060 1872 2101 legitime

1136 2105 1169 2132 ut
1194 2101 1375 2143 praefertur
1398 2107 1590 2148 spectantia,
1618 2110 1776 2151 retinere,
1802 2113 1872 2146 illa-

1136 2162 1197 2194 que
1222 2163 1391 2196 usmpare,
1417 2162 1448 2189 et
1471 2158 1632 2201 legitimos
1658 2162 1787 2197 illorum
1814 2166 1871 2199 do-

1112 2223 1114 2234 t
1135 2204 1238 2238 minos
1254 2205 1328 2239 inde
1343 2209 1513 2244 excludere
1527 2213 1674 2257 aliosque
1692 2217 1869 2251 catholicos

1896 262 1989 288 .l¹1.(j.
2014 262 2079 288 thu

1112 2295 1113 2299 Ἰ
1135 2259 1299 2300 expellere
1325 2270 1390 2293 non
1423 2271 1562 2307 cessent,
1588 2267 1620 2299 in
1646 2269 1869 2309 grtwissimum

1111 2335 1113 2350 ζ
1135 2311 1339 2344 ecclesiarum
1365 2324 1400 2346 ac
1424 2325 1628 2358 mensarum,
1655 2324 1869 2357 monasterio-

1134 2373 1202 2394 rum
1227 2367 1259 2395 et
1276 2365 1420 2398 locorum
1439 2368 1566 2409 piorum
1583 2370 1778 2415 illarumque
1795 2386 1868 2417 pcr-

1132 2425 1282 2448 sonarum
1301 2417 1451 2451 damnum
1467 2426 1497 2453 et
1515 2423 1764 2465 praeiudicium,
1781 2428 1867 2468 quin-

1133 2467 1196 2500 imo
1221 2468 1253 2500 in
1280 2471 1371 2503 terris
1397 2472 1630 2508 catholicorum
1648 2477 1778 2519 impune
1800 2491 1867 2512 mo-

1133 2521 1195 2553 rari
1221 2531 1435 2564 praesumant,
1463 2537 1527 2559 non
1554 2528 1622 2561 sine
1647 2531 1865 2565 summ->ionis

1108 2586 1110 2619 ,ἐ
1133 2573 1276 2615 ipsorum
1301 2577 1532 2611 catholicorum
1548 2582 1703 2623 periculo,
1725 2583 1864 2628 fideique

1108 2621 1113 2666 ἰ
1132 2627 1310 2661 νῑιιὶιοΙίρῑιε
1338 2630 1549 2665 detrusit-nto:
