2279 3260
141 268 190 294 An.
212 267 241 294 C.
260 268 327 295 1673

165 907 286 927 Lentonem
302 908 323 925 et.

138 937 277 957 retentionem
293 932 322 952 di·

138 961 322 979 ctarumconsutu-

139 985 224 1008 tionum.
251 986 323 1010 imagi-

140 1017 203 1034 num,
218 1017 242 1031 ac
264 1017 322 1031 usum

159 1038 301 1058 catenularum

154 1067 240 1089 erpctuo
250 1063 323 1089 prohi—

154 1091 175 1118 φὶ
196 1092 216 1110 et
234 1090 323 1110 interdi-

139 1118 175 1136 cu.

169 1432 279 1452 Decretum
295 1432 320 1452 ir-

140 1459 212 1479 rltaus.

211 2483 325 2504 Contrariis

139 2509 237 2536 derogat.

970 267 1111 291 CLEMENS
1133 269 1150 291 Χ
1176 269 1224 291 PP-

334 317 559 360 deputatorum
573 317 719 355 consilio,
732 316 999 358 congregationes
1013 326 1067 347 seu

333 371 614 403 confraternitates
632 379 852 412 quascumque
869 368 927 399 sub
943 368 1068 400 invoca-

334 423 421 455 tione
454 423 506 456 SS.
535 421 757 461 Sacramenti,
793 422 826 454 Β.
857 421 971 453 Mariae
1001 420 1068 452 Vir-

333 475 416 516 ginis
442 475 679 513 immaculatae,
709 479 741 506 et
768 474 798 506 S.
829 474 978 516 Ioscpbi,
1008 473 1067 505 snb

334 527 425 559 titulo
451 526 563 569 Gregis
588 526 666 559 Boni
693 526 845 565 Pastoris,
874 526 1068 567 ubicumque

334 583 500 618 terrarum,
527 578 610 611 sicut
634 579 866 621 praemittitur,
892 583 1016 610 erectas
1038 582 1069 609 et

333 630 504 671 institutas,
531 631 719 663 auctoritate
745 631 935 674 apostolica,
957 635 1069 662 tenore

331 683 561 726 praesentium,
578 689 735 727 perpetuo
756 684 997 727 supprimimus,
1018 693 1069 715 ex-

332 735 508 777 tinguimus
526 742 557 768 et
570 737 747 775 abolemus,
760 742 987 779 perpetuoque
1001 745 1070 777 sup-

330 798 467 829 pressas,
486 788 642 821 extinctas
660 794 692 821 et
709 788 844 821 abolitas
864 799 935 821 esse
953 793 985 820 et
1002 788 1069 820 fore

333 840 538 873 decernimus
565 846 596 873 et
620 842 831 874 declaramus.

377 893 391 935 ξ
415 893 447 926 3.
468 893 637 926 Praeterea
655 894 784 926 libellos
805 904 927 932 omnes,
947 893 1023 926 folia
1040 898 1070 925 et

334 946 592 986 constitutiones,
608 947 745 987 regulas,
763 946 919 988 imagines
932 950 964 978 et
976 956 1069 978 usum

334 999 555 1031 catenularum
571 998 766 1038 huiusmodL
781 998 882 1031 aliave
900 1008 1070 1040 quaecum-

334 1061 395 1093 que
421 1051 460 1083 ad
485 1050 664 1083 institutum
689 1051 873 1083 earumdem
892 1050 1069 1083 confrater-

334 1103 467 1135 nitatum
485 1113 544 1136 sen
571 1104 863 1146 congregationum
881 1102 1066 1146 spectantia,

333 1166 509 1198 eorumque
534 1156 712 1198 respective
739 1155 932 1195 lectionem,
961 1162 1069 1188 reten—

334 1207 455 1240 tionem
479 1213 511 1240 et
536 1219 629 1240 usum
658 1208 917 1251 quibuscumque
942 1207 1069 1240 christi-

332 1260 492 1301 fidelibus,
509 1261 697 1293 auctoritate
712 1266 743 1293 ct
757 1266 868 1293 tenore
882 1260 1066 1303 praedictis,

332 1313 444 1346 itidem
469 1319 627 1357 perpetuo
652 1314 861 1357 prohibemus
883 1319 914 1346 et
938 1313 1068 1347 interdi-

332 1368 444 1399 cimus.

376 1420 402 1462 g.
430 1419 462 1452 4.
490 1420 708 1453 Decernentes
730 1421 859 1453 easdem
879 1425 1069 1464 praesentes

332 1473 458 1506 litteras
484 1483 613 1516 semper
633 1472 747 1513 tirinaS,
772 1473 891 1506 validas
910 1478 941 1506 et
965 1474 1070 1506 effica-

332 1536 385 1558 ces
411 1526 549 1558 existere
566 1531 598 1558 et
623 1526 708 1566 fore,
736 1537 875 1569 suosque
901 1527 1068 1570 plenarios

332 1584 364 1611 et
388 1578 534 1620 integros
561 1577 693 1611 effeetus
718 1579 827 1611 sortiri
853 1584 882 1611 et
905 1579 1067 1619 obtinere,

332 1642 368 1664 ac
392 1631 430 1664 ab
452 1632 610 1671 omnibus,
637 1632 675 1664 ad
705 1643 785 1675 quos
807 1637 932 1674 spectat
956 1638 987 1664 et
1010 1643 1068 1675 pro

332 1691 478 1728 tempore
504 1685 687 1727 spectabit,
717 1685 947 1718 inviolabiliter
971 1691 1001 1718 et
1022 1686 1070 1718 in-

334 1748 489 1771 concusse
510 1737 687 1778 observari,
707 1738 818 1781 sicque
836 1744 868 1771 et
890 1749 952 1771 non
979 1739 1070 1771 aliter

332 1790 364 1822 in
388 1790 577 1833 praemissis
609 1800 667 1833 per
691 1801 914 1833 quoscumque
948 1791 1070 1824 iudices

333 1843 515 1876 ordinarios
534 1849 565 1874 et
589 1843 769 1885 delegatos,
787 1844 881 1876 etiam
903 1854 1070 1877 causarum

333 1895 444 1938 palatii
471 1895 643 1938 apostolici
668 1895 844 1935 auditores,
865 1907 901 1929 ac
927 1897 1070 1929 eiusdem

334 1948 364 1981 S.
386 1948 421 1980 R.
442 1948 476 1980 E.
497 1948 689 1988 cardinales,
706 1949 801 1981 etiam
821 1950 859 1981 de
875 1950 975 1983 latere
989 1951 1071 1992 lega-

337 2006 384 2034 tos
399 2006 431 2033 et
451 2000 654 2044 Apostolicae
678 2001 770 2034 Sedis
792 2002 936 2042 nuncios,
950 2003 1070 2035 aliosve

335 2053 498 2097 quoslibet
522 2064 723 2097 quacumque
754 2056 1010 2097 praeeminentia
1041 2061 1071 2088 et

335 2112 497 2150 potestate
516 2107 690 2149 fungentes
709 2112 741 2140 et
756 2108 930 2148 functuros,
947 2109 1071 2142 sublata

334 2161 380 2194 eis
405 2166 436 2192 et
460 2170 572 2193 eorum
598 2159 730 2193 cuilibet
764 2160 873 2204 quavis
901 2161 994 2195 aliter
1025 2162 1072 2195 iu-

334 2213 461 2246 dicandi
483 2218 515 2245 et
539 2213 776 2256 interpretandi
795 2215 944 2248 facultate
962 2221 993 2248 et
1017 2227 1071 2248 au-

334 2267 492 2305 ctoritate,
518 2265 654 2298 iudicari
675 2271 706 2299 et
731 2266 858 2300 definiri
884 2268 1017 2309 debere,
1035 2280 1071 2302 ac

334 2319 461 2352 irritum
494 2323 525 2351 et
554 2318 650 2352 inane
675 2319 701 2352 si
728 2330 820 2352 secus
852 2331 949 2364 super
977 2322 1027 2354 liis
1055 2334 1071 2355 a

336 2382 521 2415 quoquam,
549 2371 659 2414 quavis
696 2372 905 2414 auctoritate,
931 2374 1072 2407 scienter

335 2426 386 2458 vel
407 2424 602 2466 ignoranter,
621 2425 794 2467 contigerit
810 2427 971 2459 attentari.

380 2478 433 2521 ἓξ).
446 2477 514 2509 Non
525 2477 727 2510 obstantibus
741 2479 1026 2513 constitutionibus
1041 2487 1072 2514 et

335 2530 592 2564 ordinationibus
618 2531 825 2573 apostolicis,
851 2543 887 2564 ae
913 2533 1070 2567 dictarum

335 2583 658 2623 confraternitatum,
686 2593 813 2616 necnon
847 2595 1071 2628 quartuncuin-

336 2647 396 2681 que
418 2635 638 2676 ecclesiarum,
661 2640 722 2668 tam
739 2637 952 2670 saecularium
974 2649 1067 2682 quain

425 2697 503 2726 Ball.
526 2697 609 2724 Rom.
631 2712 664 2717 -
688 2698 746 2726 Vol.
769 2698 892 2742 XVIII>
934 2720 956 2732 Ἰ
1020 2701 1054 2728 56

1743 263 1800 294 ΙιΙιΙ

1112 315 1328 357 regularium,
1355 316 1386 348 in
1419 317 1535 360 (piibus
1565 319 1846 351 confraternitates

1112 367 1200 410 ipsae
1230 374 1354 401 erectae
1388 373 1485 409 sunt,
1518 369 1629 402 aliisve
1655 371 1845 413 quibusvis,

1112 420 1206 453 etiam
1225 421 1419 463 iuramento,
1447 421 1694 455 confirmatione
1719 429 1848 465 aposto-

1111 473 1183 512 lica,
1201 475 1251 507 vel
1278 475 1388 517 quavis
1410 474 1559 507 firmitate
1585 475 1647 508 alia
1674 476 1846 515 roboratis,

1111 526 1239 559 statutis
1265 532 1297 559 et
1320 527 1627 567 consuetudinibus,
1666 527 1847 570 privilegiis

1112 589 1252 621 quoque,
1284 579 1417 613 indultis
1448 585 1480 613 et
1507 580 1623 613 litteris
1650 580 1846 623 apostolicis,

1112 641 1168 662 seu
1186 631 1263 664 alias
1278 633 1522 675 quomodolibet
1542 633 1714 671 concessis,
1730 632 1848 665 confir-

1112 682 1204 715 matis
1226 689 1257 716 et
1280 684 1465 726 innovatis,
1496 686 1611 729 quibus
1640 685 1788 718 omnibus
1814 690 1847 717 et

1113 734 1265 777 singulis,
1295 736 1422 770 illorum
1456 743 1586 770 tenores
1611 748 1669 780 pro
1693 738 1789 780 plene
1815 742 1848 770 et

1113 787 1314 821 sufficienter
1338 790 1501 833 expressis
1522 795 1555 822 et
1578 790 1710 822 insertis
1729 789 1848 822 haben-

1115 846 1172 880 tes,
1187 841 1250 874 illis
1268 842 1346 875 alias
1361 843 1392 876 in
1407 854 1464 876 suo
1478 844 1599 876 robore
1614 843 1847 886 permansuris,

1113 894 1152 925 ad
1168 895 1425 936 praemissorum
1440 896 1603 935 ellectum,
1620 896 1735 928 harum
1754 895 1848 935 serie,

1113 946 1302 988 specialiter
1326 952 1358 979 et
1382 958 1536 991 expresse
1559 949 1776 990 derogamus,
1798 958 1850 980 ce-

1113 998 1257 1041 terisque
1284 1000 1456 1032 contrariis
1482 1001 1757 1043 quibuscumque.

1156 1051 1170 1094 ἓ
1195 1054 1225 1084 ὃ.
1246 1051 1285 1084 Ut
1302 1057 1409 1085 autern
1431 1053 1564 1085 eaedem
1586 1058 1776 1096 praesentes
1796 1053 1849 1086 lit-

1113 1108 1199 1137 terae
1225 1105 1264 1137 ad
1282 1105 1428 1137 omnium
1445 1105 1591 1138 notitiam
1613 1105 1736 1138 facilius
1760 1106 1849 1138 deve-

1112 1157 1213 1197 niant,
1227 1159 1371 1191 volumus
1389 1158 1471 1198 illas,
1486 1169 1544 1191 seu
1563 1169 1673 1191 earum
1692 1159 1848 1201 exempla,

1112 1211 1151 1243 ad
1180 1211 1284 1243 valvas
1315 1211 1469 1244 basilicae
1500 1211 1657 1254 Principis
1684 1212 1850 1254 apostolo-

1112 1274 1193 1305 rum,
1220 1275 1256 1296 ac
1281 1264 1496 1297 cancellariae
1522 1264 1732 1307 apostolicae,
1761 1269 1791 1296 et
1817 1264 1849 1296 in

1112 1318 1179 1351 acie
1203 1318 1312 1362 Campi
1342 1319 1456 1352 Florae
1491 1319 1529 1351 de
1555 1318 1660 1357 Urbe,
1688 1323 1723 1350 ut
1748 1317 1848 1349 moris

1113 1376 1172 1411 est,
1193 1371 1276 1414 affigi
1296 1376 1327 1404 et
1346 1371 1515 1414 publicari,
1533 1371 1643 1413 sicque
1661 1370 1850 1414 publicatas,

1113 1434 1227 1457 omnes
1243 1430 1274 1456 et
1288 1425 1444 1466 singulos,
1456 1434 1536 1467 quos
1550 1423 1624 1456 illae
1640 1428 1849 1462 concernunt,

1112 1477 1248 1520 perinde
1266 1477 1404 1516 afficere,
1424 1487 1460 1509 ac
1480 1477 1505 1509 si
1523 1476 1702 1518 unicuique
1720 1475 1851 1508 illorum

1112 1530 1327 1573 personaliter
1363 1529 1526 1562 intimatae
1561 1529 1717 1568 fuissent3
1749 1533 1850 1570 utque

1112 1583 1256 1626 ipsarum
1295 1582 1517 1626 praesentium
1553 1582 1731 1614 litterarum
1765 1586 1851 1612 tran-

1113 1635 1262 1679 sumptis,
1284 1646 1340 1668 seu
1358 1635 1524 1678 exemplis,
1546 1634 1644 1667 etiam
1669 1633 1849 1676 impressis,

1113 1699 1208 1721 manu
1237 1689 1374 1721 alicuius
1407 1688 1525 1720 notarii
1558 1686 1680 1730 publici
1712 1686 1852 1717 subscri-

1113 1741 1193 1784 ptis,
1212 1746 1245 1774 et
1264 1742 1372 1783 sigillo
1396 1751 1557 1784 personae
1578 1740 1610 1771 in
1630 1739 1852 1772 ecclesiastica

1113 1794 1270 1837 dignitate
1311 1794 1505 1826 constitutae
1542 1793 1676 1825 munitis
1694 1819 1701 1832 ,
1737 1792 1851 1825 eadem

1114 1857 1247 1889 prorsus
1267 1845 1346 1879 fides
1364 1846 1487 1889 ubique
1505 1847 1652 1878 locorum
1672 1845 1704 1877 in
1729 1845 1851 1877 iudicio

1115 1904 1147 1931 et
1163 1904 1251 1931 extra
1272 1898 1352 1931 illud
1374 1898 1545 1937 habeatur,
1570 1907 1651 1940 quae
1678 1897 1852 1929 baberetur

1114 1952 1236 1984 eisdem
1260 1951 1486 1994 praesentibus
1507 1950 1534 1983 si
1554 1950 1661 1983 forent
1685 1949 1850 1981 exhibitae

1114 2006 1164 2038 vel
1183 2010 1347 2037 ostensae.

1157 2058 1270 2090 Datum
1299 2057 1440 2097 Romae,
1469 2057 1552 2099 apud
1578 2055 1609 2088 S.
1634 2055 1764 2088 Mariani
1790 2055 1852 2087 Ma-

1114 2110 1226 2150 lorem,
1245 2111 1303 2143 sub
1323 2111 1442 2142 annulo
1461 2109 1643 2149 Piscatoris,
1666 2108 1716 2141 die
1738 2118 1775 2141 xv
1798 2108 1852 2139 de-

1114 2163 1254 2196 cembris
1294 2173 1475 2203 moctxxm,
1508 2161 1712 2205 pontificatus
1748 2160 1851 2193 nostri

1115 2226 1199 2249 anno
1226 2226 1269 2249 iv.

1510 2267 1533 2300 I.
1561 2267 1597 2300 G.
1620 2267 1760 2300 Stusuis.

1134 2348 1210 2376 .Dat.
1226 2347 1270 2374 die
1291 2348 1323 2374 15
1343 2346 1495 2374 decembris
1516 2346 1593 2381 1073,
1610 2346 1707 2381 pontif.
1728 2354 1799 2373 anno
1815 2352 1850 2372 tv.

1149 2428 1314 2462 Reyistrata
1334 2427 1364 2454 iri
1385 2427 1545 2454 Secretarz'd
1566 2426 1714 2460 Brefflum,
1731 2426 1763 2453 in
1779 2426 1851 2453 libro

1114 2472 1218 2499 mensis
1237 2471 1405 2504 decembris,
1416 2474 1495 2506 part.
1513 2478 1531 2504 1,
1548 2471 1596 2505 fol.
1616 2471 1639 2497 t.

1852 273 1901 297 An.
1924 270 1952 296 C.
1971 271 2037 297 1673

1925 1067 2044 1090 Pnbliratio

1858 1097 2001 1118 praesenltuui
2014 1097 2044 1112 Ιιι-

1860 1123 1958 1140 terarum,
