<?xml version="1.0" encoding="UTF-8"?>
<!DOCTYPE html PUBLIC "-//W3C//DTD XHTML 1.0 Transitional//EN"
    "http://www.w3.org/TR/xhtml1/DTD/xhtml1-transitional.dtd">
<html xmlns="http://www.w3.org/1999/xhtml" xml:lang="en" lang="en">
 <head>
  <title>
</title>
<meta http-equiv="Content-Type" content="text/html;charset=utf-8" />
  <meta name='ocr-system' content='tesseract 3.04.00' />
  <meta name='ocr-capabilities' content='ocr_page ocr_carea ocr_par ocr_line ocrx_word'/>
</head>
<body>
  <div class='ocr_page' id='page_1' title='image "./bullarumdiplomat18cath_0392.png"; bbox 0 0 2279 3260; ppageno 0'>
   <div class='ocr_carea' id='block_1_1' title="bbox 230 240 416 268">
    <p class='ocr_par' dir='ltr' id='par_1_1' title="bbox 230 240 416 268">
     <span class='ocr_line' id='line_1_1' title="bbox 230 240 416 268; baseline -0.005 -2"><span class='ocrx_word' id='word_1_1' title='bbox 230 242 280 268; x_wconf 79' lang='lat' dir='ltr'>An.</span> <span class='ocrx_word' id='word_1_2' title='bbox 299 240 327 266; x_wconf 84' lang='lat' dir='ltr'>C.</span> <span class='ocrx_word' id='word_1_3' title='bbox 351 240 416 266; x_wconf 62' lang='lat'>1679.</span> 
     </span>
    </p>
   </div>
   <div class='ocr_carea' id='block_1_2' title="bbox 421 231 1164 2651">
    <p class='ocr_par' dir='ltr' id='par_1_2' title="bbox 421 231 1162 2175">
     <span class='ocr_line' id='line_1_2' title="bbox 461 231 526 263; baseline 0.015 -1"><span class='ocrx_word' id='word_1_4' title='bbox 461 231 526 263; x_wconf 64' lang='lat'>5354</span> 
     </span>
     <span class='ocr_line' id='line_1_3' title="bbox 421 282 1153 330; baseline -0.011 -10"><span class='ocrx_word' id='word_1_5' title='bbox 421 293 532 320; x_wconf 76' lang='lat' dir='ltr'>vantes</span> <span class='ocrx_word' id='word_1_6' title='bbox 556 288 588 319; x_wconf 91' lang='lat' dir='ltr'>in</span> <span class='ocrx_word' id='word_1_7' title='bbox 615 287 740 330; x_wconf 80' lang='lat' dir='ltr'>priores</span> <span class='ocrx_word' id='word_1_8' title='bbox 762 286 892 325; x_wconf 70' lang='lat' dir='ltr'>locales,</span> <span class='ocrx_word' id='word_1_9' title='bbox 911 294 971 316; x_wconf 69' lang='lat' dir='ltr'>nec</span> <span class='ocrx_word' id='word_1_10' title='bbox 988 283 1018 315; x_wconf 91' lang='lat' dir='ltr'>in</span> <span class='ocrx_word' id='word_1_11' title='bbox 1036 282 1153 315; x_wconf 81' lang='lat' dir='ltr'>officia-</span> 
     </span>
     <span class='ocr_line' id='line_1_4' title="bbox 421 333 1154 378; baseline -0.011 -5"><span class='ocrx_word' id='word_1_12' title='bbox 421 342 468 373; x_wconf 77' lang='lat' dir='ltr'>les</span> <span class='ocrx_word' id='word_1_13' title='bbox 493 345 720 378; x_wconf 84' lang='lat' dir='ltr'>conventuum,</span> <span class='ocrx_word' id='word_1_14' title='bbox 753 338 806 370; x_wconf 85' lang='lat' dir='ltr'>ubi</span> <span class='ocrx_word' id='word_1_15' title='bbox 839 338 920 369; x_wconf 69' lang='lat' dir='ltr'>dieta</span> <span class='ocrx_word' id='word_1_16' title='bbox 953 333 1154 367; x_wconf 77' lang='lat' dir='ltr'>observantia</span> 
     </span>
     <span class='ocr_line' id='line_1_5' title="bbox 423 390 1156 435; baseline -0.014 -9"><span class='ocrx_word' id='word_1_17' title='bbox 423 404 487 426; x_wconf 80' lang='lat' dir='ltr'>non</span> <span class='ocrx_word' id='word_1_18' title='bbox 502 393 593 435; x_wconf 71' lang='lat' dir='ltr'>riget.</span> <span class='ocrx_word' id='word_1_19' title='bbox 608 393 677 425; x_wconf 84' lang='lat' dir='ltr'>Non</span> <span class='ocrx_word' id='word_1_20' title='bbox 691 396 908 427; x_wconf 69' lang='lat' dir='ltr'>amowantur,</span> <span class='ocrx_word' id='word_1_21' title='bbox 924 393 977 421; x_wconf 86' lang='lat' dir='ltr'>aut</span> <span class='ocrx_word' id='word_1_22' title='bbox 992 390 1156 419; x_wconf 82' lang='lat' dir='ltr'>transeant</span> 
     </span>
     <span class='ocr_line' id='line_1_6' title="bbox 424 436 1155 478; baseline -0.014 0"><span class='ocrx_word' id='word_1_23' title='bbox 424 447 463 478; x_wconf 85' lang='lat' dir='ltr'>de</span> <span class='ocrx_word' id='word_1_24' title='bbox 498 446 615 478; x_wconf 71' lang='lat' dir='ltr'>l&#39;amiliti</span> <span class='ocrx_word' id='word_1_25' title='bbox 651 445 683 476; x_wconf 91' lang='lat' dir='ltr'>in</span> <span class='ocrx_word' id='word_1_26' title='bbox 719 443 811 475; x_wconf 80' lang='lat' dir='ltr'>dictis</span> <span class='ocrx_word' id='word_1_27' title='bbox 845 440 1076 478; x_wconf 76' lang='lat' dir='ltr'>conventilms,</span> <span class='ocrx_word' id='word_1_28' title='bbox 1101 436 1155 469; x_wconf 88' lang='lat' dir='ltr'>ubi</span> 
     </span>
     <span class='ocr_line' id='line_1_7' title="bbox 425 492 1155 535; baseline -0.012 -5"><span class='ocrx_word' id='word_1_29' title='bbox 425 498 508 530; x_wconf 87' lang='lat' dir='ltr'>dicta</span> <span class='ocrx_word' id='word_1_30' title='bbox 528 495 733 529; x_wconf 73' lang='lat' dir='ltr'>observantia</span> <span class='ocrx_word' id='word_1_31' title='bbox 759 505 822 526; x_wconf 86' lang='lat' dir='ltr'>non</span> <span class='ocrx_word' id='word_1_32' title='bbox 841 494 942 535; x_wconf 60' lang='lat' dir='ltr'>viget,</span> <span class='ocrx_word' id='word_1_33' title='bbox 961 492 1014 523; x_wconf 82' lang='lat' dir='ltr'>sed</span> <span class='ocrx_word' id='word_1_34' title='bbox 1035 495 1155 522; x_wconf 86' lang='lat' dir='ltr'>tantum</span> 
     </span>
     <span class='ocr_line' id='line_1_8' title="bbox 425 542 1157 592; baseline -0.015 -8"><span class='ocrx_word' id='word_1_35' title='bbox 425 552 554 592; x_wconf 86' lang='lat' dir='ltr'>(donec,</span> <span class='ocrx_word' id='word_1_36' title='bbox 573 550 637 581; x_wconf 82' lang='lat' dir='ltr'>Deo</span> <span class='ocrx_word' id='word_1_37' title='bbox 656 549 794 585; x_wconf 78' lang='lat' dir='ltr'>iuvante,</span> <span class='ocrx_word' id='word_1_38' title='bbox 823 545 875 578; x_wconf 88' lang='lat' dir='ltr'>alii</span> <span class='ocrx_word' id='word_1_39' title='bbox 902 548 1078 577; x_wconf 77' lang='lat' dir='ltr'>conventus</span> <span class='ocrx_word' id='word_1_40' title='bbox 1103 542 1157 574; x_wconf 89' lang='lat' dir='ltr'>ob-</span> 
     </span>
     <span class='ocr_line' id='line_1_9' title="bbox 425 597 1156 642; baseline -0.014 -6"><span class='ocrx_word' id='word_1_41' title='bbox 425 609 604 642; x_wconf 70' lang='lat' dir='ltr'>servantes,</span> <span class='ocrx_word' id='word_1_42' title='bbox 637 601 720 632; x_wconf 81' lang='lat' dir='ltr'>iuxta</span> <span class='ocrx_word' id='word_1_43' title='bbox 746 599 867 642; x_wconf 85' lang='lat' dir='ltr'>pariter</span> <span class='ocrx_word' id='word_1_44' title='bbox 892 597 1021 629; x_wconf 77' lang='lat' dir='ltr'>decreta</span> <span class='ocrx_word' id='word_1_45' title='bbox 1047 606 1156 627; x_wconf 82' lang='lat' dir='ltr'>sacrae</span> 
     </span>
     <span class='ocr_line' id='line_1_10' title="bbox 425 647 1157 697; baseline -0.014 -9"><span class='ocrx_word' id='word_1_46' title='bbox 425 653 693 697; x_wconf 78' lang='lat' dir='ltr'>Congregatiouis</span> <span class='ocrx_word' id='word_1_47' title='bbox 726 661 823 693; x_wconf 83' lang='lat' dir='ltr'>super</span> <span class='ocrx_word' id='word_1_48' title='bbox 852 654 931 682; x_wconf 86' lang='lat' dir='ltr'>statu</span> <span class='ocrx_word' id='word_1_49' title='bbox 961 647 1157 691; x_wconf 70' lang='lat' dir='ltr'>regularium</span> 
     </span>
     <span class='ocr_line' id='line_1_11' title="bbox 426 704 1156 742; baseline -0.012 -3"><span class='ocrx_word' id='word_1_50' title='bbox 426 713 457 739; x_wconf 85' lang='lat' dir='ltr'>et</span> <span class='ocrx_word' id='word_1_51' title='bbox 482 708 561 739; x_wconf 73' lang='lat' dir='ltr'>haec</span> <span class='ocrx_word' id='word_1_52' title='bbox 587 709 696 737; x_wconf 82' lang='lat' dir='ltr'>nostra</span> <span class='ocrx_word' id='word_1_53' title='bbox 722 704 850 735; x_wconf 70' lang='lat' dir='ltr'>det-reta</span> <span class='ocrx_word' id='word_1_54' title='bbox 872 706 902 734; x_wconf 89' lang='lat' dir='ltr'>et</span> <span class='ocrx_word' id='word_1_55' title='bbox 919 705 1045 739; x_wconf 88' lang='lat' dir='ltr'>statuta,</span> <span class='ocrx_word' id='word_1_56' title='bbox 1065 709 1156 742; x_wconf 79' lang='lat' dir='ltr'>quae,</span> 
     </span>
     <span class='ocr_line' id='line_1_12' title="bbox 424 752 1157 801; baseline -0.011 -10"><span class='ocrx_word' id='word_1_57' title='bbox 424 765 460 791; x_wconf 88' lang='lat' dir='ltr'>ut</span> <span class='ocrx_word' id='word_1_58' title='bbox 495 770 611 801; x_wconf 82' lang='lat' dir='ltr'>supra,</span> <span class='ocrx_word' id='word_1_59' title='bbox 638 767 697 800; x_wconf 86' lang='lat' dir='ltr'>pro</span> <span class='ocrx_word' id='word_1_60' title='bbox 730 756 824 788; x_wconf 82' lang='lat' dir='ltr'>dictis</span> <span class='ocrx_word' id='word_1_61' title='bbox 850 760 882 786; x_wconf 82' lang='lat' dir='ltr'>et</span> <span class='ocrx_word' id='word_1_62' title='bbox 918 764 974 797; x_wconf 84' lang='lat' dir='ltr'>pro</span> <span class='ocrx_word' id='word_1_63' title='bbox 1008 752 1157 785; x_wconf 88' lang='lat' dir='ltr'>omnibus</span> 
     </span>
     <span class='ocr_line' id='line_1_13' title="bbox 426 805 1158 849; baseline -0.01 -6"><span class='ocrx_word' id='word_1_64' title='bbox 426 810 635 843; x_wconf 81' lang='lat' dir='ltr'>conventibus</span> <span class='ocrx_word' id='word_1_65' title='bbox 667 814 697 840; x_wconf 81' lang='lat' dir='ltr'>et</span> <span class='ocrx_word' id='word_1_66' title='bbox 732 807 896 846; x_wconf 75' lang='lat' dir='ltr'>fratribus,</span> <span class='ocrx_word' id='word_1_67' title='bbox 929 806 981 849; x_wconf 91' lang='lat' dir='ltr'>qui</span> <span class='ocrx_word' id='word_1_68' title='bbox 1013 805 1158 837; x_wconf 84' lang='lat' dir='ltr'>eamdem</span> 
     </span>
     <span class='ocr_line' id='line_1_14' title="bbox 425 858 1159 905; baseline -0.01 -9"><span class='ocrx_word' id='word_1_69' title='bbox 425 865 519 896; x_wconf 84' lang='lat' dir='ltr'>vitam</span> <span class='ocrx_word' id='word_1_70' title='bbox 542 863 600 895; x_wconf 85' lang='lat' dir='ltr'>iam</span> <span class='ocrx_word' id='word_1_71' title='bbox 620 861 758 905; x_wconf 86' lang='lat' dir='ltr'>amplexi</span> <span class='ocrx_word' id='word_1_72' title='bbox 778 865 810 893; x_wconf 84' lang='lat' dir='ltr'>et</span> <span class='ocrx_word' id='word_1_73' title='bbox 826 860 858 892; x_wconf 93' lang='lat' dir='ltr'>in</span> <span class='ocrx_word' id='word_1_74' title='bbox 877 860 1017 892; x_wconf 77' lang='lat' dir='ltr'>futurum</span> <span class='ocrx_word' id='word_1_75' title='bbox 1040 858 1159 900; x_wconf 83' lang='lat' dir='ltr'>ample-</span> 
     </span>
     <span class='ocr_line' id='line_1_15' title="bbox 426 911 1159 956; baseline -0.01 -7"><span class='ocrx_word' id='word_1_76' title='bbox 426 917 494 949; x_wconf 84' lang='lat' dir='ltr'>xuri</span> <span class='ocrx_word' id='word_1_77' title='bbox 519 923 600 955; x_wconf 80' lang='lat' dir='ltr'>sunt,</span> <span class='ocrx_word' id='word_1_78' title='bbox 628 915 768 954; x_wconf 81' lang='lat' dir='ltr'>fecimus,</span> <span class='ocrx_word' id='word_1_79' title='bbox 796 914 926 956; x_wconf 80' lang='lat' dir='ltr'>suerint)</span> <span class='ocrx_word' id='word_1_80' title='bbox 947 911 1064 944; x_wconf 87' lang='lat' dir='ltr'>mutari</span> <span class='ocrx_word' id='word_1_81' title='bbox 1089 921 1159 953; x_wconf 89' lang='lat' dir='ltr'>pos-</span> 
     </span>
     <span class='ocr_line' id='line_1_16' title="bbox 425 962 1160 1001; baseline -0.01 0"><span class='ocrx_word' id='word_1_82' title='bbox 425 969 489 1001; x_wconf 89' lang='lat' dir='ltr'>sint</span> <span class='ocrx_word' id='word_1_83' title='bbox 506 968 544 1000; x_wconf 86' lang='lat' dir='ltr'>ab</span> <span class='ocrx_word' id='word_1_84' title='bbox 562 978 625 1000; x_wconf 88' lang='lat' dir='ltr'>uno</span> <span class='ocrx_word' id='word_1_85' title='bbox 647 967 679 999; x_wconf 89' lang='lat' dir='ltr'>in</span> <span class='ocrx_word' id='word_1_86' title='bbox 704 966 802 999; x_wconf 84' lang='lat' dir='ltr'>alium</span> <span class='ocrx_word' id='word_1_87' title='bbox 820 976 854 997; x_wconf 81' lang='lat' dir='ltr'>ex</span> <span class='ocrx_word' id='word_1_88' title='bbox 875 964 1085 997; x_wconf 80' lang='lat' dir='ltr'>conventibus</span> <span class='ocrx_word' id='word_1_89' title='bbox 1103 962 1160 994; x_wconf 90' lang='lat' dir='ltr'>ob-</span> 
     </span>
     <span class='ocr_line' id='line_1_17' title="bbox 426 1016 1159 1060; baseline -0.008 -6"><span class='ocrx_word' id='word_1_90' title='bbox 426 1021 639 1060; x_wconf 84' lang='lat' dir='ltr'>servantibus,</span> <span class='ocrx_word' id='word_1_91' title='bbox 658 1024 720 1052; x_wconf 87' lang='lat' dir='ltr'>tam</span> <span class='ocrx_word' id='word_1_92' title='bbox 745 1019 770 1051; x_wconf 90' lang='lat' dir='ltr'>si</span> <span class='ocrx_word' id='word_1_93' title='bbox 796 1029 865 1051; x_wconf 86' lang='lat' dir='ltr'>eam</span> <span class='ocrx_word' id='word_1_94' title='bbox 892 1018 986 1050; x_wconf 87' lang='lat' dir='ltr'>vitam</span> <span class='ocrx_word' id='word_1_95' title='bbox 1012 1022 1086 1059; x_wconf 83' lang='lat' dir='ltr'>post</span> <span class='ocrx_word' id='word_1_96' title='bbox 1105 1016 1159 1048; x_wconf 85' lang='lat' dir='ltr'>de-</span> 
     </span>
     <span class='ocr_line' id='line_1_18' title="bbox 426 1071 1159 1114; baseline -0.01 -7"><span class='ocrx_word' id='word_1_97' title='bbox 426 1081 548 1108; x_wconf 85' lang='lat' dir='ltr'>cretum</span> <span class='ocrx_word' id='word_1_98' title='bbox 573 1084 682 1106; x_wconf 83' lang='lat' dir='ltr'>sacrae</span> <span class='ocrx_word' id='word_1_99' title='bbox 700 1071 964 1114; x_wconf 76' lang='lat' dir='ltr'>Congregationis</span> <span class='ocrx_word' id='word_1_100' title='bbox 982 1080 1079 1113; x_wconf 86' lang='lat' dir='ltr'>super</span> <span class='ocrx_word' id='word_1_101' title='bbox 1096 1073 1159 1101; x_wconf 85' lang='lat' dir='ltr'>sta-</span> 
     </span>
     <span class='ocr_line' id='line_1_19' title="bbox 428 1121 1157 1170; baseline -0.012 -8"><span class='ocrx_word' id='word_1_102' title='bbox 428 1135 459 1161; x_wconf 86' lang='lat' dir='ltr'>tu</span> <span class='ocrx_word' id='word_1_103' title='bbox 485 1127 682 1170; x_wconf 74' lang='lat' dir='ltr'>regularium</span> <span class='ocrx_word' id='word_1_104' title='bbox 707 1125 843 1168; x_wconf 73' lang='lat' dir='ltr'>professi</span> <span class='ocrx_word' id='word_1_105' title='bbox 869 1123 996 1161; x_wconf 86' lang='lat' dir='ltr'>suerint,</span> <span class='ocrx_word' id='word_1_106' title='bbox 1019 1133 1115 1165; x_wconf 86' lang='lat' dir='ltr'>quam</span> <span class='ocrx_word' id='word_1_107' title='bbox 1133 1121 1157 1153; x_wconf 87' lang='lat' dir='ltr'>si</span> 
     </span>
     <span class='ocr_line' id='line_1_20' title="bbox 427 1177 1157 1225; baseline -0.011 -11"><span class='ocrx_word' id='word_1_108' title='bbox 427 1181 565 1225; x_wconf 77' lang='lat' dir='ltr'>professi</span> <span class='ocrx_word' id='word_1_109' title='bbox 591 1184 663 1212; x_wconf 85' lang='lat' dir='ltr'>ante</span> <span class='ocrx_word' id='word_1_110' title='bbox 691 1178 809 1210; x_wconf 82' lang='lat' dir='ltr'>dictum</span> <span class='ocrx_word' id='word_1_111' title='bbox 835 1177 1016 1215; x_wconf 80' lang='lat' dir='ltr'>decretum,</span> <span class='ocrx_word' id='word_1_112' title='bbox 1043 1180 1098 1207; x_wconf 84' lang='lat' dir='ltr'>aut</span> <span class='ocrx_word' id='word_1_113' title='bbox 1122 1185 1157 1206; x_wconf 84' lang='lat' dir='ltr'>ex</span> 
     </span>
     <span class='ocr_line' id='line_1_21' title="bbox 428 1227 1158 1272; baseline -0.012 -5"><span class='ocrx_word' id='word_1_114' title='bbox 428 1234 521 1267; x_wconf 86' lang='lat' dir='ltr'>dictis</span> <span class='ocrx_word' id='word_1_115' title='bbox 545 1231 756 1265; x_wconf 84' lang='lat' dir='ltr'>conventibus</span> <span class='ocrx_word' id='word_1_116' title='bbox 781 1230 865 1272; x_wconf 74' lang='lat' dir='ltr'>Lycii</span> <span class='ocrx_word' id='word_1_117' title='bbox 892 1234 923 1261; x_wconf 92' lang='lat' dir='ltr'>et</span> <span class='ocrx_word' id='word_1_118' title='bbox 946 1227 1073 1261; x_wconf 87' lang='lat' dir='ltr'>Soleani</span> <span class='ocrx_word' id='word_1_119' title='bbox 1099 1238 1158 1270; x_wconf 85' lang='lat' dir='ltr'>pro</span> 
     </span>
     <span class='ocr_line' id='line_1_22' title="bbox 427 1280 1157 1330; baseline -0.012 -10"><span class='ocrx_word' id='word_1_120' title='bbox 427 1288 488 1320; x_wconf 88' lang='lat' dir='ltr'>hac</span> <span class='ocrx_word' id='word_1_121' title='bbox 506 1286 608 1330; x_wconf 76' lang='lat' dir='ltr'>prima</span> <span class='ocrx_word' id='word_1_122' title='bbox 629 1285 695 1317; x_wconf 86' lang='lat' dir='ltr'>vice</span> <span class='ocrx_word' id='word_1_123' title='bbox 712 1282 938 1321; x_wconf 70' lang='lat' dir='ltr'>remanserint,</span> <span class='ocrx_word' id='word_1_124' title='bbox 958 1286 1011 1313; x_wconf 88' lang='lat' dir='ltr'>aut</span> <span class='ocrx_word' id='word_1_125' title='bbox 1029 1292 1064 1313; x_wconf 86' lang='lat' dir='ltr'>ex</span> <span class='ocrx_word' id='word_1_126' title='bbox 1087 1280 1157 1312; x_wconf 85' lang='lat' dir='ltr'>aliis</span> 
     </span>
     <span class='ocr_line' id='line_1_23' title="bbox 427 1333 1157 1380; baseline -0.012 -7"><span class='ocrx_word' id='word_1_127' title='bbox 427 1339 638 1372; x_wconf 87' lang='lat' dir='ltr'>conventibus</span> <span class='ocrx_word' id='word_1_128' title='bbox 667 1337 936 1380; x_wconf 60' lang='lat' dir='ltr'>quandocun‘ique</span> <span class='ocrx_word' id='word_1_129' title='bbox 959 1333 1157 1372; x_wconf 73' lang='lat' dir='ltr'>advenerim,</span> 
     </span>
     <span class='ocr_line' id='line_1_24' title="bbox 427 1384 1160 1434; baseline -0.011 -10"><span class='ocrx_word' id='word_1_130' title='bbox 427 1397 459 1424; x_wconf 83' lang='lat' dir='ltr'>et</span> <span class='ocrx_word' id='word_1_131' title='bbox 489 1392 597 1434; x_wconf 87' lang='lat' dir='ltr'>elapso</span> <span class='ocrx_word' id='word_1_132' title='bbox 630 1399 714 1421; x_wconf 90' lang='lat' dir='ltr'>anno</span> <span class='ocrx_word' id='word_1_133' title='bbox 749 1388 835 1430; x_wconf 89' lang='lat' dir='ltr'>(quo</span> <span class='ocrx_word' id='word_1_134' title='bbox 866 1392 1011 1429; x_wconf 86' lang='lat' dir='ltr'>tempore</span> <span class='ocrx_word' id='word_1_135' title='bbox 1037 1385 1074 1417; x_wconf 90' lang='lat' dir='ltr'>iis</span> <span class='ocrx_word' id='word_1_136' title='bbox 1099 1384 1160 1417; x_wconf 77' lang='lat' dir='ltr'>erit</span> 
     </span>
     <span class='ocr_line' id='line_1_25' title="bbox 426 1438 1159 1484; baseline -0.011 -8"><span class='ocrx_word' id='word_1_137' title='bbox 426 1445 564 1477; x_wconf 86' lang='lat' dir='ltr'>liberum</span> <span class='ocrx_word' id='word_1_138' title='bbox 590 1442 691 1484; x_wconf 84' lang='lat' dir='ltr'>abire)</span> <span class='ocrx_word' id='word_1_139' title='bbox 714 1452 731 1473; x_wconf 87' lang='lat' dir='ltr'>a</span> <span class='ocrx_word' id='word_1_140' title='bbox 756 1440 900 1483; x_wconf 83' lang='lat' dir='ltr'>patribus</span> <span class='ocrx_word' id='word_1_141' title='bbox 921 1438 1085 1471; x_wconf 75' lang='lat' dir='ltr'>vocalibus</span> <span class='ocrx_word' id='word_1_142' title='bbox 1110 1447 1159 1470; x_wconf 86' lang='lat' dir='ltr'>ac-</span> 
     </span>
     <span class='ocr_line' id='line_1_26' title="bbox 427 1491 1159 1539; baseline -0.012 -10"><span class='ocrx_word' id='word_1_143' title='bbox 427 1495 543 1539; x_wconf 79' lang='lat' dir='ltr'>ceptati</span> <span class='ocrx_word' id='word_1_144' title='bbox 563 1494 688 1533; x_wconf 79' lang='lat' dir='ltr'>suerint,</span> <span class='ocrx_word' id='word_1_145' title='bbox 708 1492 768 1524; x_wconf 89' lang='lat' dir='ltr'>nisi</span> <span class='ocrx_word' id='word_1_146' title='bbox 791 1493 871 1524; x_wconf 61' lang='lat' dir='ltr'>forte</span> <span class='ocrx_word' id='word_1_147' title='bbox 893 1491 924 1522; x_wconf 93' lang='lat' dir='ltr'>in</span> <span class='ocrx_word' id='word_1_148' title='bbox 946 1500 1094 1533; x_wconf 85' lang='lat' dir='ltr'>poenam,</span> <span class='ocrx_word' id='word_1_149' title='bbox 1113 1494 1159 1521; x_wconf 87' lang='lat' dir='ltr'>ut-</span> 
     </span>
     <span class='ocr_line' id='line_1_27' title="bbox 426 1542 1160 1593; baseline -0.012 -11"><span class='ocrx_word' id='word_1_150' title='bbox 426 1555 501 1593; x_wconf 89' lang='lat' dir='ltr'>pote</span> <span class='ocrx_word' id='word_1_151' title='bbox 514 1546 630 1587; x_wconf 82' lang='lat' dir='ltr'>sitam¹,</span> <span class='ocrx_word' id='word_1_152' title='bbox 647 1550 775 1578; x_wconf 86' lang='lat' dir='ltr'>sanctae</span> <span class='ocrx_word' id='word_1_153' title='bbox 790 1543 985 1576; x_wconf 88' lang='lat' dir='ltr'>ordinationi</span> <span class='ocrx_word' id='word_1_154' title='bbox 1002 1543 1040 1575; x_wconf 89' lang='lat' dir='ltr'>de</span> <span class='ocrx_word' id='word_1_155' title='bbox 1054 1542 1160 1574; x_wconf 87' lang='lat' dir='ltr'>obser-</span> 
     </span>
     <span class='ocr_line' id='line_1_28' title="bbox 425 1595 1160 1634; baseline -0.011 0"><span class='ocrx_word' id='word_1_156' title='bbox 425 1602 530 1634; x_wconf 72' lang='lat' dir='ltr'>vantia</span> <span class='ocrx_word' id='word_1_157' title='bbox 555 1605 585 1633; x_wconf 90' lang='lat' dir='ltr'>et</span> <span class='ocrx_word' id='word_1_158' title='bbox 610 1600 720 1631; x_wconf 76' lang='lat' dir='ltr'>exacta</span> <span class='ocrx_word' id='word_1_159' title='bbox 744 1598 807 1629; x_wconf 74' lang='lat' dir='ltr'>vita</span> <span class='ocrx_word' id='word_1_160' title='bbox 831 1595 992 1629; x_wconf 86' lang='lat' dir='ltr'>communi</span> <span class='ocrx_word' id='word_1_161' title='bbox 1014 1595 1046 1627; x_wconf 90' lang='lat' dir='ltr'>in</span> <span class='ocrx_word' id='word_1_162' title='bbox 1068 1595 1160 1627; x_wconf 84' lang='lat' dir='ltr'>dietis</span> 
     </span>
     <span class='ocr_line' id='line_1_29' title="bbox 427 1648 1161 1688; baseline -0.012 0"><span class='ocrx_word' id='word_1_163' title='bbox 427 1653 638 1688; x_wconf 76' lang='lat' dir='ltr'>conventibus</span> <span class='ocrx_word' id='word_1_164' title='bbox 663 1656 695 1684; x_wconf 85' lang='lat' dir='ltr'>et</span> <span class='ocrx_word' id='word_1_165' title='bbox 719 1650 788 1683; x_wconf 85' lang='lat' dir='ltr'>aliis</span> <span class='ocrx_word' id='word_1_166' title='bbox 810 1648 1060 1682; x_wconf 88' lang='lat' dir='ltr'>observantibus</span> <span class='ocrx_word' id='word_1_167' title='bbox 1086 1658 1161 1680; x_wconf 88' lang='lat' dir='ltr'>con-</span> 
     </span>
     <span class='ocr_line' id='line_1_30' title="bbox 426 1703 1159 1745; baseline -0.014 -3"><span class='ocrx_word' id='word_1_168' title='bbox 426 1708 583 1742; x_wconf 82' lang='lat' dir='ltr'>tradicere</span> <span class='ocrx_word' id='word_1_169' title='bbox 609 1711 663 1738; x_wconf 80' lang='lat' dir='ltr'>aut</span> <span class='ocrx_word' id='word_1_170' title='bbox 690 1704 786 1737; x_wconf 89' lang='lat' dir='ltr'>modo</span> <span class='ocrx_word' id='word_1_171' title='bbox 812 1703 920 1745; x_wconf 80' lang='lat' dir='ltr'>aliquo</span> <span class='ocrx_word' id='word_1_172' title='bbox 942 1712 975 1734; x_wconf 89' lang='lat' dir='ltr'>se</span> <span class='ocrx_word' id='word_1_173' title='bbox 992 1711 1159 1744; x_wconf 80' lang='lat' dir='ltr'>opponere</span> 
     </span>
     <span class='ocr_line' id='line_1_31' title="bbox 427 1755 1161 1798; baseline -0.012 -4"><span class='ocrx_word' id='word_1_174' title='bbox 427 1761 497 1794; x_wconf 90' lang='lat' dir='ltr'>ausi</span> <span class='ocrx_word' id='word_1_175' title='bbox 522 1761 586 1792; x_wconf 89' lang='lat' dir='ltr'>sint</span> <span class='ocrx_word' id='word_1_176' title='bbox 609 1759 657 1791; x_wconf 86' lang='lat' dir='ltr'>vel</span> <span class='ocrx_word' id='word_1_177' title='bbox 684 1757 818 1796; x_wconf 85' lang='lat' dir='ltr'>suerint,</span> <span class='ocrx_word' id='word_1_178' title='bbox 852 1761 1051 1798; x_wconf 80' lang='lat' dir='ltr'>quapropter</span> <span class='ocrx_word' id='word_1_179' title='bbox 1075 1755 1161 1786; x_wconf 85' lang='lat' dir='ltr'>iuxta</span> 
     </span>
     <span class='ocr_line' id='line_1_32' title="bbox 428 1807 1161 1851; baseline -0.011 -4"><span class='ocrx_word' id='word_1_180' title='bbox 428 1814 548 1848; x_wconf 87' lang='lat' dir='ltr'>dictum</span> <span class='ocrx_word' id='word_1_181' title='bbox 574 1813 742 1845; x_wconf 81' lang='lat' dir='ltr'>decretum</span> <span class='ocrx_word' id='word_1_182' title='bbox 769 1820 875 1841; x_wconf 85' lang='lat' dir='ltr'>sacrae</span> <span class='ocrx_word' id='word_1_183' title='bbox 894 1807 1161 1851; x_wconf 75' lang='lat' dir='ltr'>Congregationis</span> 
     </span>
     <span class='ocr_line' id='line_1_33' title="bbox 430 1859 1159 1909; baseline -0.012 -9"><span class='ocrx_word' id='word_1_184' title='bbox 430 1877 525 1909; x_wconf 90' lang='lat' dir='ltr'>super</span> <span class='ocrx_word' id='word_1_185' title='bbox 556 1870 637 1897; x_wconf 85' lang='lat' dir='ltr'>statu</span> <span class='ocrx_word' id='word_1_186' title='bbox 670 1862 866 1905; x_wconf 71' lang='lat' dir='ltr'>regularium</span> <span class='ocrx_word' id='word_1_187' title='bbox 894 1860 1061 1894; x_wconf 83' lang='lat' dir='ltr'>amovendi</span> <span class='ocrx_word' id='word_1_188' title='bbox 1087 1859 1159 1899; x_wconf 89' lang='lat' dir='ltr'>sint,</span> 
     </span>
     <span class='ocr_line' id='line_1_34' title="bbox 428 1913 1159 1952; baseline -0.01 -1"><span class='ocrx_word' id='word_1_189' title='bbox 428 1925 481 1952; x_wconf 87' lang='lat' dir='ltr'>aut</span> <span class='ocrx_word' id='word_1_190' title='bbox 506 1918 531 1950; x_wconf 88' lang='lat' dir='ltr'>si</span> <span class='ocrx_word' id='word_1_191' title='bbox 557 1915 811 1949; x_wconf 71' lang='lat' dir='ltr'>emendatoriam</span> <span class='ocrx_word' id='word_1_192' title='bbox 831 1915 916 1947; x_wconf 80' lang='lat' dir='ltr'>serre</span> <span class='ocrx_word' id='word_1_193' title='bbox 935 1913 1159 1952; x_wconf 78' lang='lat' dir='ltr'>recusaverint,</span> 
     </span>
     <span class='ocr_line' id='line_1_35' title="bbox 428 1967 1162 2012; baseline -0.01 -7"><span class='ocrx_word' id='word_1_194' title='bbox 428 1978 459 2005; x_wconf 87' lang='lat' dir='ltr'>et</span> <span class='ocrx_word' id='word_1_195' title='bbox 494 1972 579 2003; x_wconf 82' lang='lat' dir='ltr'>iuxta</span> <span class='ocrx_word' id='word_1_196' title='bbox 604 1970 747 2012; x_wconf 76' lang='lat' dir='ltr'>regulam</span> <span class='ocrx_word' id='word_1_197' title='bbox 785 1974 816 2000; x_wconf 86' lang='lat' dir='ltr'>et</span> <span class='ocrx_word' id='word_1_198' title='bbox 852 1967 1117 2007; x_wconf 71' lang='lat' dir='ltr'>constitutiones,</span> <span class='ocrx_word' id='word_1_199' title='bbox 1145 1978 1162 1998; x_wconf 92' lang='lat' dir='ltr'>a</span> 
     </span>
     <span class='ocr_line' id='line_1_36' title="bbox 428 2020 1161 2069; baseline -0.01 -11"><span class='ocrx_word' id='word_1_200' title='bbox 428 2025 536 2069; x_wconf 88' lang='lat' dir='ltr'>priore</span> <span class='ocrx_word' id='word_1_201' title='bbox 555 2024 594 2056; x_wconf 87' lang='lat' dir='ltr'>de</span> <span class='ocrx_word' id='word_1_202' title='bbox 612 2032 773 2054; x_wconf 81' lang='lat' dir='ltr'>consensu</span> <span class='ocrx_word' id='word_1_203' title='bbox 791 2026 918 2064; x_wconf 82' lang='lat' dir='ltr'>patrum</span> <span class='ocrx_word' id='word_1_204' title='bbox 940 2020 1066 2052; x_wconf 86' lang='lat' dir='ltr'>consilii</span> <span class='ocrx_word' id='word_1_205' title='bbox 1085 2030 1101 2051; x_wconf 83' lang='lat' dir='ltr'>a</span> <span class='ocrx_word' id='word_1_206' title='bbox 1115 2030 1161 2051; x_wconf 84' lang='lat' dir='ltr'>so—</span> 
     </span>
     <span class='ocr_line' id='line_1_37' title="bbox 429 2072 1161 2117; baseline -0.011 -6"><span class='ocrx_word' id='word_1_207' title='bbox 429 2079 555 2116; x_wconf 72' lang='lat' dir='ltr'>cietate,</span> <span class='ocrx_word' id='word_1_208' title='bbox 570 2087 610 2109; x_wconf 90' lang='lat' dir='ltr'>ne</span> <span class='ocrx_word' id='word_1_209' title='bbox 628 2076 820 2117; x_wconf 73' lang='lat' dir='ltr'>contagione</span> <span class='ocrx_word' id='word_1_210' title='bbox 838 2074 989 2117; x_wconf 72' lang='lat' dir='ltr'>pestifera</span> <span class='ocrx_word' id='word_1_211' title='bbox 1002 2072 1161 2116; x_wconf 83' lang='lat' dir='ltr'>plurimos</span> 
     </span>
     <span class='ocr_line' id='line_1_38' title="bbox 428 2128 810 2175; baseline -0.013 -11"><span class='ocrx_word' id='word_1_212' title='bbox 428 2131 578 2175; x_wconf 82' lang='lat' dir='ltr'>perdant,</span> <span class='ocrx_word' id='word_1_213' title='bbox 606 2128 810 2172; x_wconf 78' lang='lat' dir='ltr'>projiciendi.</span> 
     </span>
    </p>

    <p class='ocr_par' dir='ltr' id='par_1_3' title="bbox 430 2178 1163 2543">
     <span class='ocr_line' id='line_1_39' title="bbox 474 2178 1158 2223; baseline -0.01 -6"><span class='ocrx_word' id='word_1_214' title='bbox 474 2194 528 2217; x_wconf 65' lang='grc' dir='ltr'>ΧΠ.</span> <span class='ocrx_word' id='word_1_215' title='bbox 563 2183 623 2215; x_wconf 85' lang='lat' dir='ltr'>Pro</span> <span class='ocrx_word' id='word_1_216' title='bbox 657 2181 773 2223; x_wconf 83' lang='lat' dir='ltr'>quibus</span> <span class='ocrx_word' id='word_1_217' title='bbox 806 2179 955 2212; x_wconf 86' lang='lat' dir='ltr'>omnibus</span> <span class='ocrx_word' id='word_1_218' title='bbox 987 2178 1158 2211; x_wconf 77' lang='lat' dir='ltr'>inviolabi-</span> 
     </span>
     <span class='ocr_line' id='line_1_40' title="bbox 430 2232 1161 2276; baseline -0.012 -5"><span class='ocrx_word' id='word_1_219' title='bbox 430 2238 503 2272; x_wconf 90' lang='lat' dir='ltr'>liter</span> <span class='ocrx_word' id='word_1_220' title='bbox 528 2234 745 2273; x_wconf 82' lang='lat' dir='ltr'>observandis,</span> <span class='ocrx_word' id='word_1_221' title='bbox 772 2233 986 2276; x_wconf 84' lang='lat' dir='ltr'>praecipimus</span> <span class='ocrx_word' id='word_1_222' title='bbox 1014 2232 1161 2264; x_wconf 85' lang='lat' dir='ltr'>omnibus</span> 
     </span>
     <span class='ocr_line' id='line_1_41' title="bbox 431 2286 1163 2331; baseline -0.008 -8"><span class='ocrx_word' id='word_1_223' title='bbox 431 2296 463 2323; x_wconf 87' lang='lat' dir='ltr'>et</span> <span class='ocrx_word' id='word_1_224' title='bbox 487 2289 623 2331; x_wconf 69' lang='lat' dir='ltr'>singulis</span> <span class='ocrx_word' id='word_1_225' title='bbox 648 2287 765 2320; x_wconf 84' lang='lat' dir='ltr'>nostris</span> <span class='ocrx_word' id='word_1_226' title='bbox 791 2286 1008 2324; x_wconf 82' lang='lat' dir='ltr'>inferioribus,</span> <span class='ocrx_word' id='word_1_227' title='bbox 1027 2296 1067 2317; x_wconf 88' lang='lat' dir='ltr'>ne</span> <span class='ocrx_word' id='word_1_228' title='bbox 1086 2295 1163 2327; x_wconf 83' lang='lat' dir='ltr'>quo-</span> 
     </span>
     <span class='ocr_line' id='line_1_42' title="bbox 430 2338 1161 2384; baseline -0.007 -9"><span class='ocrx_word' id='word_1_229' title='bbox 430 2343 475 2375; x_wconf 80' lang='lat' dir='ltr'>vis</span> <span class='ocrx_word' id='word_1_230' title='bbox 507 2346 681 2384; x_wconf 62' lang='lat' dir='ltr'>praetextu,</span> <span class='ocrx_word' id='word_1_231' title='bbox 718 2338 898 2378; x_wconf 70' lang='lat' dir='ltr'>occasione,</span> <span class='ocrx_word' id='word_1_232' title='bbox 935 2343 990 2369; x_wconf 88' lang='lat' dir='ltr'>aut</span> <span class='ocrx_word' id='word_1_233' title='bbox 1015 2338 1161 2380; x_wconf 87' lang='lat' dir='ltr'>quaesito</span> 
     </span>
     <span class='ocr_line' id='line_1_43' title="bbox 431 2390 1160 2434; baseline -0.008 -6"><span class='ocrx_word' id='word_1_234' title='bbox 431 2396 550 2434; x_wconf 62' lang='lat' dir='ltr'>colore,</span> <span class='ocrx_word' id='word_1_235' title='bbox 570 2393 662 2433; x_wconf 89' lang='lat' dir='ltr'>dicto,</span> <span class='ocrx_word' id='word_1_236' title='bbox 682 2392 773 2431; x_wconf 82' lang='lat' dir='ltr'>facto,</span> <span class='ocrx_word' id='word_1_237' title='bbox 793 2391 913 2423; x_wconf 87' lang='lat' dir='ltr'>directe</span> <span class='ocrx_word' id='word_1_238' title='bbox 931 2391 979 2422; x_wconf 79' lang='lat' dir='ltr'>rel</span> <span class='ocrx_word' id='word_1_239' title='bbox 996 2390 1160 2430; x_wconf 75' lang='lat' dir='ltr'>indirecte,</span> 
     </span>
     <span class='ocr_line' id='line_1_44' title="bbox 431 2443 1163 2492; baseline -0.007 -13"><span class='ocrx_word' id='word_1_240' title='bbox 431 2459 490 2492; x_wconf 80' lang='lat' dir='ltr'>per</span> <span class='ocrx_word' id='word_1_241' title='bbox 515 2460 548 2479; x_wconf 69' lang='lat' dir='ltr'>se</span> <span class='ocrx_word' id='word_1_242' title='bbox 572 2448 622 2479; x_wconf 86' lang='lat' dir='ltr'>vel</span> <span class='ocrx_word' id='word_1_243' title='bbox 647 2456 705 2489; x_wconf 90' lang='lat' dir='ltr'>per</span> <span class='ocrx_word' id='word_1_244' title='bbox 730 2444 838 2484; x_wconf 85' lang='lat' dir='ltr'>alium,</span> <span class='ocrx_word' id='word_1_245' title='bbox 858 2443 931 2475; x_wconf 86' lang='lat' dir='ltr'>ullis</span> <span class='ocrx_word' id='word_1_246' title='bbox 957 2454 1097 2485; x_wconf 83' lang='lat' dir='ltr'>unquam</span> <span class='ocrx_word' id='word_1_247' title='bbox 1119 2443 1163 2475; x_wconf 88' lang='lat' dir='ltr'>su-</span> 
     </span>
     <span class='ocr_line' id='line_1_45' title="bbox 432 2496 1163 2543; baseline -0.008 -9"><span class='ocrx_word' id='word_1_248' title='bbox 432 2502 511 2534; x_wconf 81' lang='lat' dir='ltr'>turis</span> <span class='ocrx_word' id='word_1_249' title='bbox 538 2500 735 2543; x_wconf 79' lang='lat' dir='ltr'>temporibus</span> <span class='ocrx_word' id='word_1_250' title='bbox 763 2498 847 2530; x_wconf 84' lang='lat' dir='ltr'>dicta</span> <span class='ocrx_word' id='word_1_251' title='bbox 879 2497 1008 2530; x_wconf 86' lang='lat' dir='ltr'>decreta</span> <span class='ocrx_word' id='word_1_252' title='bbox 1030 2496 1163 2536; x_wconf 86' lang='lat' dir='ltr'>violare,</span> 
     </span>
    </p>

    <p class='ocr_par' dir='ltr' id='par_1_4' title="bbox 433 2567 1164 2651">
     <span class='ocr_line' id='line_1_46' title="bbox 468 2567 1164 2606; baseline -0.007 -7"><span class='ocrx_word' id='word_1_253' title='bbox 468 2575 477 2600; x_wconf 88' lang='lat'>1</span> <span class='ocrx_word' id='word_1_254' title='bbox 501 2571 635 2605; x_wconf 79' lang='lat' dir='ltr'>Intelligat.</span> <span class='ocrx_word' id='word_1_255' title='bbox 658 2569 703 2606; x_wconf 87' lang='lat' dir='ltr'>qui</span> <span class='ocrx_word' id='word_1_256' title='bbox 729 2572 833 2605; x_wconf 76' lang='lat' dir='ltr'>potest3</span> <span class='ocrx_word' id='word_1_257' title='bbox 858 2568 949 2596; x_wconf 77' lang='lat' dir='ltr'>soi-san</span> <span class='ocrx_word' id='word_1_258' title='bbox 973 2567 1117 2602; x_wconf 84' lang='lat' dir='ltr'>legendum</span> <span class='ocrx_word' id='word_1_259' title='bbox 1139 2569 1164 2594; x_wconf 86' lang='lat' dir='ltr'>si</span> 
     </span>
     <span class='ocr_line' id='line_1_47' title="bbox 433 2618 615 2651; baseline -0.027 -4"><span class='ocrx_word' id='word_1_260' title='bbox 433 2622 492 2648; x_wconf 79' lang='lat' dir='ltr'>tam</span> <span class='ocrx_word' id='word_1_261' title='bbox 512 2622 550 2651; x_wconf 71' lang='lat' dir='ltr'>tn.</span> <span class='ocrx_word' id='word_1_262' title='bbox 566 2618 615 2650; x_wconf 83' lang='lat' dir='ltr'>T.).</span> 
     </span>
    </p>
   </div>
   <div class='ocr_carea' id='block_1_3' title="bbox 1175 286 1188 2550">
    <p class='ocr_par' dir='ltr' id='par_1_5' title="bbox 1175 286 1188 2550">
     <span class='ocr_line' id='line_1_48' title="bbox 1175 286 1188 2550; baseline 0 0"><span class='ocrx_word' id='word_1_263' title='bbox 1175 286 1188 2550; x_wconf 95' lang='lat' dir='ltr'> </span> 
     </span>
    </p>
   </div>
   <div class='ocr_carea' id='block_1_4' title="bbox 1003 233 1355 259">
    <p class='ocr_par' dir='ltr' id='par_1_6' title="bbox 1003 233 1355 259">
     <span class='ocr_line' id='line_1_49' title="bbox 1003 233 1355 259; baseline 0 0"><span class='ocrx_word' id='word_1_264' title='bbox 1003 234 1181 259; x_wconf 38' lang='lat' dir='ltr'>Rl&#39;lilAl&#39;lll&#39;M</span> <span class='ocrx_word' id='word_1_265' title='bbox 1206 233 1355 259; x_wconf 55' lang='lat' dir='ltr'>nmmum!</span> 
     </span>
    </p>
   </div>
   <div class='ocr_carea' id='block_1_5' title="bbox 1197 281 1930 325">
    <p class='ocr_par' dir='ltr' id='par_1_7' title="bbox 1197 281 1930 325">
     <span class='ocr_line' id='line_1_50' title="bbox 1197 281 1930 325; baseline -0.001 -12"><span class='ocrx_word' id='word_1_266' title='bbox 1197 281 1387 323; x_wconf 80' lang='lat' dir='ltr'>infringere,</span> <span class='ocrx_word' id='word_1_267' title='bbox 1413 288 1467 313; x_wconf 85' lang='lat' dir='ltr'>aut</span> <span class='ocrx_word' id='word_1_268' title='bbox 1497 282 1542 314; x_wconf 83' lang='lat' dir='ltr'>eis</span> <span class='ocrx_word' id='word_1_269' title='bbox 1576 293 1706 325; x_wconf 88' lang='lat' dir='ltr'>quoquo</span> <span class='ocrx_word' id='word_1_270' title='bbox 1733 281 1828 314; x_wconf 81' lang='lat' dir='ltr'>niodo</span> <span class='ocrx_word' id='word_1_271' title='bbox 1854 291 1930 313; x_wconf 72' lang='lat' dir='ltr'>cou-</span> 
     </span>
    </p>
   </div>
   <div class='ocr_carea' id='block_1_6' title="bbox 1943 230 2123 258">
    <p class='ocr_par' dir='ltr' id='par_1_8' title="bbox 1943 230 2123 258">
     <span class='ocr_line' id='line_1_51' title="bbox 1943 230 2123 258; baseline -0.011 0"><span class='ocrx_word' id='word_1_272' title='bbox 1943 232 1990 258; x_wconf 85' lang='grc' dir='ltr'>Λη.</span> <span class='ocrx_word' id='word_1_273' title='bbox 2006 230 2034 257; x_wconf 84' lang='lat' dir='ltr'>C.</span> <span class='ocrx_word' id='word_1_274' title='bbox 2057 231 2123 258; x_wconf 57' lang='lat'>187:</span> 
     </span>
    </p>
   </div>
   <div class='ocr_carea' id='block_1_7' title="bbox 1199 333 1953 377">
    <p class='ocr_par' dir='ltr' id='par_1_9' title="bbox 1199 333 1953 377">
     <span class='ocr_line' id='line_1_52' title="bbox 1199 333 1953 377; baseline -0.001 -12"><span class='ocrx_word' id='word_1_275' title='bbox 1199 334 1303 374; x_wconf 86' lang='lat' dir='ltr'>traire,</span> <span class='ocrx_word' id='word_1_276' title='bbox 1341 345 1400 367; x_wconf 88' lang='lat' dir='ltr'>nec</span> <span class='ocrx_word' id='word_1_277' title='bbox 1433 335 1633 377; x_wconf 71' lang='lat' dir='ltr'>supradictos</span> <span class='ocrx_word' id='word_1_278' title='bbox 1669 335 1780 366; x_wconf 74' lang='lat' dir='ltr'>fratres</span> <span class='ocrx_word' id='word_1_279' title='bbox 1806 344 1821 365; x_wconf 87' lang='lat' dir='ltr'>a</span> <span class='ocrx_word' id='word_1_280' title='bbox 1847 333 1953 366; x_wconf 68' lang='lat' dir='ltr'>dicta-</span> 
     </span>
    </p>
   </div>
   <div class='ocr_carea' id='block_1_8' title="bbox 1198 386 1939 2433">
    <p class='ocr_par' dir='ltr' id='par_1_10' title="bbox 1198 386 1936 1369">
     <span class='ocr_line' id='line_1_53' title="bbox 1198 386 1930 423; baseline -0.004 -4"><span class='ocrx_word' id='word_1_281' title='bbox 1198 386 1420 419; x_wconf 83' lang='lat' dir='ltr'>observatione</span> <span class='ocrx_word' id='word_1_282' title='bbox 1447 387 1575 418; x_wconf 81' lang='lat' dir='ltr'>turbare</span> <span class='ocrx_word' id='word_1_283' title='bbox 1601 391 1653 418; x_wconf 85' lang='lat' dir='ltr'>aut</span> <span class='ocrx_word' id='word_1_284' title='bbox 1683 388 1874 423; x_wconf 77' lang='lat' dir='ltr'>molestare,</span> <span class='ocrx_word' id='word_1_285' title='bbox 1901 391 1930 416; x_wconf 86' lang='lat' dir='ltr'>et</span> 
     </span>
     <span class='ocr_line' id='line_1_54' title="bbox 1199 437 1928 471; baseline -0.003 -1"><span class='ocrx_word' id='word_1_286' title='bbox 1199 449 1237 470; x_wconf 86' lang='lat' dir='ltr'>ne</span> <span class='ocrx_word' id='word_1_287' title='bbox 1273 449 1289 470; x_wconf 89' lang='lat' dir='ltr'>a</span> <span class='ocrx_word' id='word_1_288' title='bbox 1321 438 1413 471; x_wconf 77' lang='lat' dir='ltr'>dietis</span> <span class='ocrx_word' id='word_1_289' title='bbox 1446 443 1477 470; x_wconf 88' lang='lat' dir='ltr'>et</span> <span class='ocrx_word' id='word_1_290' title='bbox 1507 438 1577 471; x_wconf 88' lang='lat' dir='ltr'>aliis</span> <span class='ocrx_word' id='word_1_291' title='bbox 1602 439 1634 470; x_wconf 90' lang='lat' dir='ltr'>in</span> <span class='ocrx_word' id='word_1_292' title='bbox 1668 438 1806 470; x_wconf 80' lang='lat' dir='ltr'>futurum</span> <span class='ocrx_word' id='word_1_293' title='bbox 1833 437 1928 469; x_wconf 91' lang='lat' dir='ltr'>simili</span> 
     </span>
     <span class='ocr_line' id='line_1_55' title="bbox 1199 489 1930 523; baseline -0.003 -1"><span class='ocrx_word' id='word_1_294' title='bbox 1199 490 1294 522; x_wconf 87' lang='lat' dir='ltr'>modo</span> <span class='ocrx_word' id='word_1_295' title='bbox 1320 489 1566 523; x_wconf 71' lang='lat' dir='ltr'>observantibus</span> <span class='ocrx_word' id='word_1_296' title='bbox 1586 490 1796 522; x_wconf 85' lang='lat' dir='ltr'>conventibus</span> <span class='ocrx_word' id='word_1_297' title='bbox 1815 489 1930 521; x_wconf 83' lang='lat' dir='ltr'>dictam</span> 
     </span>
     <span class='ocr_line' id='line_1_56' title="bbox 1199 542 1932 575; baseline -0.005 0"><span class='ocrx_word' id='word_1_298' title='bbox 1199 543 1432 575; x_wconf 79' lang='lat' dir='ltr'>observantiam</span> <span class='ocrx_word' id='word_1_299' title='bbox 1454 547 1485 574; x_wconf 89' lang='lat' dir='ltr'>et</span> <span class='ocrx_word' id='word_1_300' title='bbox 1509 547 1651 574; x_wconf 79' lang='lat' dir='ltr'>exactam</span> <span class='ocrx_word' id='word_1_301' title='bbox 1677 542 1772 574; x_wconf 86' lang='lat' dir='ltr'>vitam</span> <span class='ocrx_word' id='word_1_302' title='bbox 1790 552 1932 575; x_wconf 85' lang='lat' dir='ltr'>commu-</span> 
     </span>
     <span class='ocr_line' id='line_1_57' title="bbox 1200 595 1932 627; baseline -0.003 0"><span class='ocrx_word' id='word_1_303' title='bbox 1200 605 1274 627; x_wconf 81' lang='lat' dir='ltr'>nem</span> <span class='ocrx_word' id='word_1_304' title='bbox 1311 595 1434 627; x_wconf 81' lang='lat' dir='ltr'>auferre</span> <span class='ocrx_word' id='word_1_305' title='bbox 1464 599 1519 627; x_wconf 88' lang='lat' dir='ltr'>aut</span> <span class='ocrx_word' id='word_1_306' title='bbox 1550 595 1757 627; x_wconf 77' lang='lat' dir='ltr'>auferendam</span> <span class='ocrx_word' id='word_1_307' title='bbox 1791 595 1932 626; x_wconf 83' lang='lat' dir='ltr'>audeant</span> 
     </span>
     <span class='ocr_line' id='line_1_58' title="bbox 1201 646 1932 690; baseline -0.001 -11"><span class='ocrx_word' id='word_1_308' title='bbox 1201 647 1444 690; x_wconf 80' lang='lat' dir='ltr'>quomodolibet</span> <span class='ocrx_word' id='word_1_309' title='bbox 1468 652 1636 686; x_wconf 83' lang='lat' dir='ltr'>attentare,</span> <span class='ocrx_word' id='word_1_310' title='bbox 1660 646 1716 678; x_wconf 88' lang='lat' dir='ltr'>sub</span> <span class='ocrx_word' id='word_1_311' title='bbox 1742 647 1855 689; x_wconf 87' lang='lat' dir='ltr'>poenis</span> <span class='ocrx_word' id='word_1_312' title='bbox 1880 657 1932 678; x_wconf 89' lang='lat' dir='ltr'>nu-</span> 
     </span>
     <span class='ocr_line' id='line_1_59' title="bbox 1200 700 1932 744; baseline 0 -12"><span class='ocrx_word' id='word_1_313' title='bbox 1200 712 1289 734; x_wconf 88' lang='lat' dir='ltr'>mero</span> <span class='ocrx_word' id='word_1_314' title='bbox 1308 700 1415 734; x_wconf 84' lang='lat' dir='ltr'>tertio¹</span> <span class='ocrx_word' id='word_1_315' title='bbox 1432 701 1625 741; x_wconf 85' lang='lat' dir='ltr'>memoratis,</span> <span class='ocrx_word' id='word_1_316' title='bbox 1638 711 1764 734; x_wconf 81' lang='lat' dir='ltr'>necnon</span> <span class='ocrx_word' id='word_1_317' title='bbox 1780 701 1932 744; x_wconf 81' lang='lat' dir='ltr'>privatio-</span> 
     </span>
     <span class='ocr_line' id='line_1_60' title="bbox 1201 753 1932 796; baseline -0.001 -10"><span class='ocrx_word' id='word_1_318' title='bbox 1201 754 1250 786; x_wconf 88' lang='lat' dir='ltr'>nis</span> <span class='ocrx_word' id='word_1_319' title='bbox 1268 753 1456 793; x_wconf 80' lang='lat' dir='ltr'>officiorum,</span> <span class='ocrx_word' id='word_1_320' title='bbox 1473 754 1631 796; x_wconf 77' lang='lat' dir='ltr'>graduum</span> <span class='ocrx_word' id='word_1_321' title='bbox 1650 764 1686 785; x_wconf 85' lang='lat' dir='ltr'>ac</span> <span class='ocrx_word' id='word_1_322' title='bbox 1710 753 1795 786; x_wconf 89' lang='lat' dir='ltr'>vocis</span> <span class='ocrx_word' id='word_1_323' title='bbox 1812 753 1932 785; x_wconf 82' lang='lat' dir='ltr'>activae</span> 
     </span>
     <span class='ocr_line' id='line_1_61' title="bbox 1201 806 1933 849; baseline 0 -12"><span class='ocrx_word' id='word_1_324' title='bbox 1201 810 1232 838; x_wconf 87' lang='lat' dir='ltr'>et</span> <span class='ocrx_word' id='word_1_325' title='bbox 1256 806 1400 848; x_wconf 72' lang='lat' dir='ltr'>passivae</span> <span class='ocrx_word' id='word_1_326' title='bbox 1423 806 1455 838; x_wconf 91' lang='lat' dir='ltr'>in</span> <span class='ocrx_word' id='word_1_327' title='bbox 1479 811 1683 849; x_wconf 84' lang='lat' dir='ltr'>perpetuum,</span> <span class='ocrx_word' id='word_1_328' title='bbox 1703 811 1734 838; x_wconf 88' lang='lat' dir='ltr'>et</span> <span class='ocrx_word' id='word_1_329' title='bbox 1755 816 1933 838; x_wconf 84' lang='lat' dir='ltr'>excommu-</span> 
     </span>
     <span class='ocr_line' id='line_1_62' title="bbox 1202 857 1935 900; baseline -0.001 -10"><span class='ocrx_word' id='word_1_330' title='bbox 1202 858 1370 891; x_wconf 81' lang='lat' dir='ltr'>nicationis</span> <span class='ocrx_word' id='word_1_331' title='bbox 1394 859 1476 891; x_wconf 85' lang='lat' dir='ltr'>latae</span> <span class='ocrx_word' id='word_1_332' title='bbox 1503 858 1697 898; x_wconf 83' lang='lat' dir='ltr'>sententiae,</span> <span class='ocrx_word' id='word_1_333' title='bbox 1723 868 1819 900; x_wconf 83' lang='lat' dir='ltr'>quam</span> <span class='ocrx_word' id='word_1_334' title='bbox 1852 857 1935 889; x_wconf 72' lang='lat' dir='ltr'>trina</span> 
     </span>
     <span class='ocr_line' id='line_1_63' title="bbox 1201 910 1934 953; baseline 0 -11"><span class='ocrx_word' id='word_1_335' title='bbox 1201 911 1355 943; x_wconf 77' lang='lat' dir='ltr'>canonica</span> <span class='ocrx_word' id='word_1_336' title='bbox 1390 911 1568 943; x_wconf 85' lang='lat' dir='ltr'>monitione</span> <span class='ocrx_word' id='word_1_337' title='bbox 1604 910 1785 953; x_wconf 71' lang='lat' dir='ltr'>praemissa</span> <span class='ocrx_word' id='word_1_338' title='bbox 1819 910 1852 942; x_wconf 92' lang='lat' dir='ltr'>in</span> <span class='ocrx_word' id='word_1_339' title='bbox 1885 910 1934 942; x_wconf 88' lang='lat' dir='ltr'>his</span> 
     </span>
     <span class='ocr_line' id='line_1_64' title="bbox 1202 962 1933 1006; baseline 0 -12"><span class='ocrx_word' id='word_1_340' title='bbox 1202 963 1327 1006; x_wconf 85' lang='lat' dir='ltr'>scriptis</span> <span class='ocrx_word' id='word_1_341' title='bbox 1353 963 1428 996; x_wconf 85' lang='lat' dir='ltr'>licet</span> <span class='ocrx_word' id='word_1_342' title='bbox 1463 963 1554 995; x_wconf 85' lang='lat' dir='ltr'>inviti</span> <span class='ocrx_word' id='word_1_343' title='bbox 1583 963 1725 1002; x_wconf 85' lang='lat' dir='ltr'>serimus,</span> <span class='ocrx_word' id='word_1_344' title='bbox 1748 962 1816 1005; x_wconf 87' lang='lat' dir='ltr'>ipso</span> <span class='ocrx_word' id='word_1_345' title='bbox 1841 963 1933 1001; x_wconf 84' lang='lat' dir='ltr'>facto,</span> 
     </span>
     <span class='ocr_line' id='line_1_65' title="bbox 1202 1015 1932 1058; baseline -0.001 -10"><span class='ocrx_word' id='word_1_346' title='bbox 1202 1016 1323 1058; x_wconf 83' lang='lat' dir='ltr'>absque</span> <span class='ocrx_word' id='word_1_347' title='bbox 1348 1016 1410 1048; x_wconf 77' lang='lat' dir='ltr'>alia</span> <span class='ocrx_word' id='word_1_348' title='bbox 1430 1015 1658 1055; x_wconf 83' lang='lat' dir='ltr'>declaratione,</span> <span class='ocrx_word' id='word_1_349' title='bbox 1682 1016 1737 1047; x_wconf 87' lang='lat' dir='ltr'>sed</span> <span class='ocrx_word' id='word_1_350' title='bbox 1763 1016 1831 1048; x_wconf 73' lang='lat' dir='ltr'>sola</span> <span class='ocrx_word' id='word_1_351' title='bbox 1855 1025 1932 1058; x_wconf 89' lang='lat' dir='ltr'>pro-</span> 
     </span>
     <span class='ocr_line' id='line_1_66' title="bbox 1203 1068 1936 1110; baseline -0.001 -9"><span class='ocrx_word' id='word_1_352' title='bbox 1203 1069 1374 1101; x_wconf 83' lang='lat' dir='ltr'>testatione</span> <span class='ocrx_word' id='word_1_353' title='bbox 1395 1073 1427 1101; x_wconf 84' lang='lat' dir='ltr'>et</span> <span class='ocrx_word' id='word_1_354' title='bbox 1451 1068 1657 1100; x_wconf 84' lang='lat' dir='ltr'>attestatione</span> <span class='ocrx_word' id='word_1_355' title='bbox 1678 1068 1710 1100; x_wconf 90' lang='lat' dir='ltr'>in</span> <span class='ocrx_word' id='word_1_356' title='bbox 1736 1068 1873 1110; x_wconf 84' lang='lat' dir='ltr'>scriptis,</span> <span class='ocrx_word' id='word_1_357' title='bbox 1891 1068 1936 1100; x_wconf 89' lang='lat' dir='ltr'>iu-</span> 
     </span>
     <span class='ocr_line' id='line_1_67' title="bbox 1202 1119 1935 1163; baseline -0.001 -10"><span class='ocrx_word' id='word_1_358' title='bbox 1202 1126 1347 1154; x_wconf 85' lang='lat' dir='ltr'>ramento</span> <span class='ocrx_word' id='word_1_359' title='bbox 1373 1126 1405 1153; x_wconf 87' lang='lat' dir='ltr'>et</span> <span class='ocrx_word' id='word_1_360' title='bbox 1428 1120 1664 1163; x_wconf 82' lang='lat' dir='ltr'>subscriptione</span> <span class='ocrx_word' id='word_1_361' title='bbox 1684 1119 1815 1153; x_wconf 85' lang='lat' dir='ltr'>maioris</span> <span class='ocrx_word' id='word_1_362' title='bbox 1836 1121 1935 1163; x_wconf 86' lang='lat' dir='ltr'>partis</span> 
     </span>
     <span class='ocr_line' id='line_1_68' title="bbox 1202 1173 1936 1215; baseline -0.003 -9"><span class='ocrx_word' id='word_1_363' title='bbox 1202 1179 1377 1206; x_wconf 86' lang='lat' dir='ltr'>conventus</span> <span class='ocrx_word' id='word_1_364' title='bbox 1395 1173 1529 1212; x_wconf 72' lang='lat' dir='ltr'>firmata,</span> <span class='ocrx_word' id='word_1_365' title='bbox 1548 1184 1618 1205; x_wconf 84' lang='lat' dir='ltr'>cum</span> <span class='ocrx_word' id='word_1_366' title='bbox 1637 1173 1843 1215; x_wconf 76' lang='lat' dir='ltr'>expressione</span> <span class='ocrx_word' id='word_1_367' title='bbox 1862 1184 1936 1205; x_wconf 86' lang='lat' dir='ltr'>cau-</span> 
     </span>
     <span class='ocr_line' id='line_1_69' title="bbox 1202 1224 1935 1268; baseline -0.001 -11"><span class='ocrx_word' id='word_1_368' title='bbox 1202 1236 1255 1257; x_wconf 86' lang='lat' dir='ltr'>sae</span> <span class='ocrx_word' id='word_1_369' title='bbox 1276 1231 1409 1268; x_wconf 84' lang='lat' dir='ltr'>propter</span> <span class='ocrx_word' id='word_1_370' title='bbox 1434 1236 1540 1267; x_wconf 71' lang='lat' dir='ltr'>quain,</span> <span class='ocrx_word' id='word_1_371' title='bbox 1568 1230 1600 1256; x_wconf 87' lang='lat' dir='ltr'>et</span> <span class='ocrx_word' id='word_1_372' title='bbox 1618 1224 1829 1267; x_wconf 76' lang='lat' dir='ltr'>expressione</span> <span class='ocrx_word' id='word_1_373' title='bbox 1855 1224 1935 1266; x_wconf 77' lang='lat' dir='ltr'>pari-</span> 
     </span>
     <span class='ocr_line' id='line_1_70' title="bbox 1204 1277 1936 1317; baseline 0 -7"><span class='ocrx_word' id='word_1_374' title='bbox 1204 1284 1251 1311; x_wconf 89' lang='lat' dir='ltr'>ter</span> <span class='ocrx_word' id='word_1_375' title='bbox 1276 1278 1369 1310; x_wconf 87' lang='lat' dir='ltr'>huius</span> <span class='ocrx_word' id='word_1_376' title='bbox 1394 1277 1495 1310; x_wconf 86' lang='lat' dir='ltr'>nostri</span> <span class='ocrx_word' id='word_1_377' title='bbox 1521 1277 1639 1310; x_wconf 87' lang='lat' dir='ltr'>decreti</span> <span class='ocrx_word' id='word_1_378' title='bbox 1665 1277 1797 1317; x_wconf 84' lang='lat' dir='ltr'>decimi,</span> <span class='ocrx_word' id='word_1_379' title='bbox 1821 1277 1936 1310; x_wconf 85' lang='lat' dir='ltr'>virtute</span> 
     </span>
     <span class='ocr_line' id='line_1_71' title="bbox 1202 1329 1934 1369; baseline -0.001 -6"><span class='ocrx_word' id='word_1_380' title='bbox 1202 1332 1292 1364; x_wconf 83' lang='lat' dir='ltr'>cuius</span> <span class='ocrx_word' id='word_1_381' title='bbox 1318 1331 1522 1363; x_wconf 81' lang='lat' dir='ltr'>declarantur</span> <span class='ocrx_word' id='word_1_382' title='bbox 1547 1330 1682 1369; x_wconf 87' lang='lat' dir='ltr'>incursi,</span> <span class='ocrx_word' id='word_1_383' title='bbox 1709 1329 1934 1362; x_wconf 55' lang='lat' dir='ltr'>incurrendffl.</span> 
     </span>
    </p>

    <p class='ocr_par' dir='ltr' id='par_1_11' title="bbox 1203 1383 1939 2157">
     <span class='ocr_line' id='line_1_72' title="bbox 1244 1383 1937 1425; baseline -0.001 -9"><span class='ocrx_word' id='word_1_384' title='bbox 1244 1395 1314 1417; x_wconf 84' lang='lat' dir='ltr'>xiii.</span> <span class='ocrx_word' id='word_1_385' title='bbox 1352 1383 1542 1415; x_wconf 78' lang='lat' dir='ltr'>Ilaereditas</span> <span class='ocrx_word' id='word_1_386' title='bbox 1578 1383 1689 1425; x_wconf 79' lang='lat' dir='ltr'>lgnatii</span> <span class='ocrx_word' id='word_1_387' title='bbox 1730 1383 1863 1415; x_wconf 77' lang='lat' dir='ltr'>Valente</span> <span class='ocrx_word' id='word_1_388' title='bbox 1899 1383 1937 1415; x_wconf 87' lang='lat' dir='ltr'>de</span> 
     </span>
     <span class='ocr_line' id='line_1_73' title="bbox 1203 1434 1937 1480; baseline -0.003 -11"><span class='ocrx_word' id='word_1_389' title='bbox 1203 1437 1296 1480; x_wconf 78' lang='lat' dir='ltr'>Lycio</span> <span class='ocrx_word' id='word_1_390' title='bbox 1321 1436 1428 1478; x_wconf 72' lang='lat' dir='ltr'>rigore</span> <span class='ocrx_word' id='word_1_391' title='bbox 1454 1436 1522 1467; x_wconf 84' lang='lat' dir='ltr'>eius</span> <span class='ocrx_word' id='word_1_392' title='bbox 1549 1435 1728 1468; x_wconf 86' lang='lat' dir='ltr'>testamenti</span> <span class='ocrx_word' id='word_1_393' title='bbox 1754 1435 1811 1467; x_wconf 88' lang='lat' dir='ltr'>sub</span> <span class='ocrx_word' id='word_1_394' title='bbox 1840 1434 1890 1467; x_wconf 88' lang='lat' dir='ltr'>die</span> <span class='ocrx_word' id='word_1_395' title='bbox 1920 1446 1937 1467; x_wconf 87' lang='lat' dir='ltr'>x</span> 
     </span>
     <span class='ocr_line' id='line_1_74' title="bbox 1204 1488 1938 1531; baseline -0.004 -9"><span class='ocrx_word' id='word_1_396' title='bbox 1204 1489 1343 1522; x_wconf 81' lang='lat' dir='ltr'>octobris</span> <span class='ocrx_word' id='word_1_397' title='bbox 1375 1498 1524 1528; x_wconf 80' lang='lat' dir='ltr'>MDCLxx1‚</span> <span class='ocrx_word' id='word_1_398' title='bbox 1552 1489 1582 1520; x_wconf 88' lang='lat' dir='ltr'>iu</span> <span class='ocrx_word' id='word_1_399' title='bbox 1609 1499 1670 1531; x_wconf 88' lang='lat' dir='ltr'>quo</span> <span class='ocrx_word' id='word_1_400' title='bbox 1692 1488 1823 1530; x_wconf 87' lang='lat' dir='ltr'>reliquit</span> <span class='ocrx_word' id='word_1_401' title='bbox 1847 1498 1938 1530; x_wconf 83' lang='lat' dir='ltr'>prae-</span> 
     </span>
     <span class='ocr_line' id='line_1_75' title="bbox 1205 1540 1936 1582; baseline -0.004 -7"><span class='ocrx_word' id='word_1_402' title='bbox 1205 1543 1323 1575; x_wconf 79' lang='lat' dir='ltr'>dictum</span> <span class='ocrx_word' id='word_1_403' title='bbox 1361 1546 1506 1574; x_wconf 86' lang='lat' dir='ltr'>nostrum</span> <span class='ocrx_word' id='word_1_404' title='bbox 1541 1545 1733 1573; x_wconf 72' lang='lat' dir='ltr'>conventum</span> <span class='ocrx_word' id='word_1_405' title='bbox 1764 1540 1794 1572; x_wconf 84' lang='lat' dir='ltr'>S.</span> <span class='ocrx_word' id='word_1_406' title='bbox 1823 1540 1936 1582; x_wconf 78' lang='lat' dir='ltr'>Angcli</span> 
     </span>
     <span class='ocr_line' id='line_1_76' title="bbox 1205 1593 1935 1638; baseline -0.004 -11"><span class='ocrx_word' id='word_1_407' title='bbox 1205 1596 1243 1627; x_wconf 88' lang='lat' dir='ltr'>de</span> <span class='ocrx_word' id='word_1_408' title='bbox 1268 1594 1363 1638; x_wconf 57' lang='lat' dir='ltr'>Lycio</span> <span class='ocrx_word' id='word_1_409' title='bbox 1389 1605 1480 1627; x_wconf 86' lang='lat' dir='ltr'>suum</span> <span class='ocrx_word' id='word_1_410' title='bbox 1505 1594 1681 1626; x_wconf 84' lang='lat' dir='ltr'>haeredem</span> <span class='ocrx_word' id='word_1_411' title='bbox 1701 1593 1935 1634; x_wconf 84' lang='lat' dir='ltr'>universalem,</span> 
     </span>
     <span class='ocr_line' id='line_1_77' title="bbox 1204 1645 1939 1689; baseline -0.004 -9"><span class='ocrx_word' id='word_1_412' title='bbox 1204 1659 1277 1681; x_wconf 88' lang='lat' dir='ltr'>cnm</span> <span class='ocrx_word' id='word_1_413' title='bbox 1302 1647 1426 1680; x_wconf 77' lang='lat' dir='ltr'>adiecta</span> <span class='ocrx_word' id='word_1_414' title='bbox 1451 1646 1648 1686; x_wconf 80' lang='lat' dir='ltr'>conditione,</span> <span class='ocrx_word' id='word_1_415' title='bbox 1671 1647 1755 1689; x_wconf 88' lang='lat' dir='ltr'>quod</span> <span class='ocrx_word' id='word_1_416' title='bbox 1774 1645 1806 1677; x_wconf 90' lang='lat' dir='ltr'>in</span> <span class='ocrx_word' id='word_1_417' title='bbox 1825 1656 1863 1678; x_wconf 92' lang='lat' dir='ltr'>eo</span> <span class='ocrx_word' id='word_1_418' title='bbox 1890 1656 1939 1678; x_wconf 87' lang='lat' dir='ltr'>re-</span> 
     </span>
     <span class='ocr_line' id='line_1_78' title="bbox 1204 1698 1937 1733; baseline -0.004 0"><span class='ocrx_word' id='word_1_419' title='bbox 1204 1701 1354 1733; x_wconf 84' lang='lat' dir='ltr'>stituatur</span> <span class='ocrx_word' id='word_1_420' title='bbox 1371 1699 1575 1732; x_wconf 85' lang='lat' dir='ltr'>observantia</span> <span class='ocrx_word' id='word_1_421' title='bbox 1593 1704 1624 1732; x_wconf 89' lang='lat' dir='ltr'>et</span> <span class='ocrx_word' id='word_1_422' title='bbox 1641 1704 1751 1731; x_wconf 81' lang='lat' dir='ltr'>exacta</span> <span class='ocrx_word' id='word_1_423' title='bbox 1768 1698 1830 1731; x_wconf 69' lang='lat' dir='ltr'>rita</span> <span class='ocrx_word' id='word_1_424' title='bbox 1851 1709 1937 1731; x_wconf 81' lang='lat' dir='ltr'>eorn-</span> 
     </span>
     <span class='ocr_line' id='line_1_79' title="bbox 1204 1747 1939 1794; baseline -0.004 -8"><span class='ocrx_word' id='word_1_425' title='bbox 1204 1754 1320 1794; x_wconf 87' lang='lat' dir='ltr'>munis,</span> <span class='ocrx_word' id='word_1_426' title='bbox 1341 1753 1427 1785; x_wconf 88' lang='lat' dir='ltr'>iuxta</span> <span class='ocrx_word' id='word_1_427' title='bbox 1445 1747 1570 1785; x_wconf 80' lang='lat' dir='ltr'>decreta</span> <span class='ocrx_word' id='word_1_428' title='bbox 1586 1762 1694 1785; x_wconf 80' lang='lat' dir='ltr'>sacrae</span> <span class='ocrx_word' id='word_1_429' title='bbox 1711 1752 1939 1794; x_wconf 80' lang='lat' dir='ltr'>Congregatio-</span> 
     </span>
     <span class='ocr_line' id='line_1_80' title="bbox 1205 1804 1936 1848; baseline -0.003 -10"><span class='ocrx_word' id='word_1_430' title='bbox 1205 1807 1253 1838; x_wconf 89' lang='lat' dir='ltr'>nis</span> <span class='ocrx_word' id='word_1_431' title='bbox 1282 1816 1378 1848; x_wconf 87' lang='lat' dir='ltr'>super</span> <span class='ocrx_word' id='word_1_432' title='bbox 1399 1810 1481 1838; x_wconf 83' lang='lat' dir='ltr'>statu</span> <span class='ocrx_word' id='word_1_433' title='bbox 1505 1805 1700 1847; x_wconf 76' lang='lat' dir='ltr'>regularium</span> <span class='ocrx_word' id='word_1_434' title='bbox 1722 1805 1759 1836; x_wconf 87' lang='lat' dir='ltr'>de</span> <span class='ocrx_word' id='word_1_435' title='bbox 1786 1804 1936 1836; x_wconf 83' lang='lat' dir='ltr'>mandato</span> 
     </span>
     <span class='ocr_line' id='line_1_81' title="bbox 1206 1857 1936 1900; baseline -0.005 -8"><span class='ocrx_word' id='word_1_436' title='bbox 1206 1858 1379 1892; x_wconf 80' lang='lat' dir='ltr'>Alexandri</span> <span class='ocrx_word' id='word_1_437' title='bbox 1404 1858 1460 1890; x_wconf 82' lang='lat' dir='ltr'>PP.</span> <span class='ocrx_word' id='word_1_438' title='bbox 1484 1858 1533 1889; x_wconf 68' lang='lat' dir='ltr'>Vll</span> <span class='ocrx_word' id='word_1_439' title='bbox 1559 1862 1745 1900; x_wconf 81' lang='lat' dir='ltr'>acceptatur</span> <span class='ocrx_word' id='word_1_440' title='bbox 1765 1857 1802 1889; x_wconf 85' lang='lat' dir='ltr'>ad</span> <span class='ocrx_word' id='word_1_441' title='bbox 1821 1857 1936 1889; x_wconf 86' lang='lat' dir='ltr'>seriem</span> 
     </span>
     <span class='ocr_line' id='line_1_82' title="bbox 1206 1909 1935 1946; baseline -0.008 0"><span class='ocrx_word' id='word_1_442' title='bbox 1206 1919 1237 1946; x_wconf 88' lang='lat' dir='ltr'>et</span> <span class='ocrx_word' id='word_1_443' title='bbox 1257 1919 1401 1945; x_wconf 87' lang='lat' dir='ltr'>tenorem</span> <span class='ocrx_word' id='word_1_444' title='bbox 1427 1911 1571 1943; x_wconf 86' lang='lat' dir='ltr'>eiusdem</span> <span class='ocrx_word' id='word_1_445' title='bbox 1593 1909 1774 1943; x_wconf 84' lang='lat' dir='ltr'>testamenti</span> <span class='ocrx_word' id='word_1_446' title='bbox 1800 1920 1817 1941; x_wconf 84' lang='lat' dir='ltr'>a</span> <span class='ocrx_word' id='word_1_447' title='bbox 1842 1909 1935 1941; x_wconf 87' lang='lat' dir='ltr'>nobis</span> 
     </span>
     <span class='ocr_line' id='line_1_83' title="bbox 1205 1962 1935 2006; baseline -0.007 -8"><span class='ocrx_word' id='word_1_448' title='bbox 1205 1966 1271 2006; x_wconf 83' lang='lat' dir='ltr'>visi,</span> <span class='ocrx_word' id='word_1_449' title='bbox 1290 1964 1422 1998; x_wconf 83' lang='lat' dir='ltr'>discussi</span> <span class='ocrx_word' id='word_1_450' title='bbox 1442 1970 1473 1996; x_wconf 89' lang='lat' dir='ltr'>et</span> <span class='ocrx_word' id='word_1_451' title='bbox 1490 1962 1693 2001; x_wconf 83' lang='lat' dir='ltr'>considerati,</span> <span class='ocrx_word' id='word_1_452' title='bbox 1712 1967 1807 2005; x_wconf 86' lang='lat' dir='ltr'>prout</span> <span class='ocrx_word' id='word_1_453' title='bbox 1824 1966 1935 1994; x_wconf 85' lang='lat' dir='ltr'>tenore</span> 
     </span>
     <span class='ocr_line' id='line_1_84' title="bbox 1206 2014 1937 2062; baseline -0.007 -11"><span class='ocrx_word' id='word_1_454' title='bbox 1206 2017 1425 2062; x_wconf 85' lang='lat' dir='ltr'>praesentium</span> <span class='ocrx_word' id='word_1_455' title='bbox 1451 2022 1482 2049; x_wconf 88' lang='lat' dir='ltr'>et</span> <span class='ocrx_word' id='word_1_456' title='bbox 1506 2016 1607 2048; x_wconf 87' lang='lat' dir='ltr'>nostri</span> <span class='ocrx_word' id='word_1_457' title='bbox 1632 2014 1774 2047; x_wconf 87' lang='lat' dir='ltr'>muneris</span> <span class='ocrx_word' id='word_1_458' title='bbox 1798 2014 1937 2046; x_wconf 80' lang='lat' dir='ltr'>auetori-</span> 
     </span>
     <span class='ocr_line' id='line_1_85' title="bbox 1207 2067 1938 2112; baseline -0.008 -8"><span class='ocrx_word' id='word_1_459' title='bbox 1207 2077 1268 2104; x_wconf 80' lang='lat' dir='ltr'>tate</span> <span class='ocrx_word' id='word_1_460' title='bbox 1294 2071 1381 2103; x_wconf 88' lang='lat' dir='ltr'>illam</span> <span class='ocrx_word' id='word_1_461' title='bbox 1412 2074 1618 2112; x_wconf 81' lang='lat' dir='ltr'>acceptamus</span> <span class='ocrx_word' id='word_1_462' title='bbox 1652 2072 1683 2100; x_wconf 84' lang='lat' dir='ltr'>et</span> <span class='ocrx_word' id='word_1_463' title='bbox 1707 2067 1938 2109; x_wconf 82' lang='lat' dir='ltr'>acceptandam</span> 
     </span>
     <span class='ocr_line' id='line_1_86' title="bbox 1206 2121 1716 2157; baseline -0.012 1"><span class='ocrx_word' id='word_1_464' title='bbox 1206 2135 1273 2157; x_wconf 86' lang='lat' dir='ltr'>esse</span> <span class='ocrx_word' id='word_1_465' title='bbox 1294 2124 1441 2156; x_wconf 89' lang='lat' dir='ltr'>volumus</span> <span class='ocrx_word' id='word_1_466' title='bbox 1462 2127 1494 2154; x_wconf 91' lang='lat' dir='ltr'>et</span> <span class='ocrx_word' id='word_1_467' title='bbox 1517 2121 1716 2154; x_wconf 87' lang='lat' dir='ltr'>mandamus.</span> 
     </span>
    </p>

    <p class='ocr_par' dir='ltr' id='par_1_12' title="bbox 1205 2173 1939 2433">
     <span class='ocr_line' id='line_1_87' title="bbox 1247 2173 1935 2218; baseline -0.006 -8"><span class='ocrx_word' id='word_1_468' title='bbox 1247 2187 1310 2210; x_wconf 81' lang='lat' dir='ltr'>xw.</span> <span class='ocrx_word' id='word_1_469' title='bbox 1349 2176 1385 2208; x_wconf 88' lang='lat' dir='ltr'>Et</span> <span class='ocrx_word' id='word_1_470' title='bbox 1420 2175 1457 2207; x_wconf 86' lang='lat' dir='ltr'>ad</span> <span class='ocrx_word' id='word_1_471' title='bbox 1492 2179 1679 2218; x_wconf 85' lang='lat' dir='ltr'>perpetuam</span> <span class='ocrx_word' id='word_1_472' title='bbox 1714 2173 1935 2214; x_wconf 85' lang='lat' dir='ltr'>validitatem,</span> 
     </span>
     <span class='ocr_line' id='line_1_88' title="bbox 1205 2227 1939 2269; baseline -0.003 -7"><span class='ocrx_word' id='word_1_473' title='bbox 1205 2230 1395 2269; x_wconf 76' lang='lat' dir='ltr'>firmitatem,</span> <span class='ocrx_word' id='word_1_474' title='bbox 1414 2228 1662 2267; x_wconf 77' lang='lat' dir='ltr'>subsistentiam,</span> <span class='ocrx_word' id='word_1_475' title='bbox 1683 2227 1894 2266; x_wconf 84' lang='lat' dir='ltr'>durationem,</span> <span class='ocrx_word' id='word_1_476' title='bbox 1907 2232 1939 2260; x_wconf 84' lang='lat' dir='ltr'>et</span> 
     </span>
     <span class='ocr_line' id='line_1_89' title="bbox 1206 2280 1937 2323; baseline -0.008 -7"><span class='ocrx_word' id='word_1_477' title='bbox 1206 2284 1243 2316; x_wconf 91' lang='lat' dir='ltr'>ad</span> <span class='ocrx_word' id='word_1_478' title='bbox 1265 2283 1421 2315; x_wconf 75' lang='lat' dir='ltr'>cautelam</span> <span class='ocrx_word' id='word_1_479' title='bbox 1439 2282 1478 2313; x_wconf 87' lang='lat' dir='ltr'>ad</span> <span class='ocrx_word' id='word_1_480' title='bbox 1498 2281 1658 2313; x_wconf 88' lang='lat' dir='ltr'>tollendos</span> <span class='ocrx_word' id='word_1_481' title='bbox 1679 2280 1837 2320; x_wconf 75' lang='lat' dir='ltr'>defectus,</span> <span class='ocrx_word' id='word_1_482' title='bbox 1864 2290 1937 2323; x_wconf 90' lang='lat' dir='ltr'>sup-</span> 
     </span>
     <span class='ocr_line' id='line_1_90' title="bbox 1205 2333 1937 2380; baseline -0.004 -13"><span class='ocrx_word' id='word_1_483' title='bbox 1205 2337 1362 2380; x_wconf 84' lang='lat' dir='ltr'>plicamus</span> <span class='ocrx_word' id='word_1_484' title='bbox 1382 2340 1510 2367; x_wconf 79' lang='lat' dir='ltr'>sanctae</span> <span class='ocrx_word' id='word_1_485' title='bbox 1528 2334 1601 2367; x_wconf 82' lang='lat' dir='ltr'>Sedi</span> <span class='ocrx_word' id='word_1_486' title='bbox 1620 2333 1836 2376; x_wconf 82' lang='lat' dir='ltr'>Apostolicae,</span> <span class='ocrx_word' id='word_1_487' title='bbox 1855 2333 1937 2365; x_wconf 86' lang='lat' dir='ltr'>eius-</span> 
     </span>
     <span class='ocr_line' id='line_1_91' title="bbox 1207 2386 1937 2433; baseline -0.004 -11"><span class='ocrx_word' id='word_1_488' title='bbox 1207 2400 1268 2433; x_wconf 88' lang='lat' dir='ltr'>que</span> <span class='ocrx_word' id='word_1_489' title='bbox 1301 2389 1397 2422; x_wconf 90' lang='lat' dir='ltr'>sacris</span> <span class='ocrx_word' id='word_1_490' title='bbox 1430 2386 1766 2430; x_wconf 75' lang='lat' dir='ltr'>Congregationibus:</span> <span class='ocrx_word' id='word_1_491' title='bbox 1794 2387 1826 2418; x_wconf 77' lang='lat'>1⁰</span> <span class='ocrx_word' id='word_1_492' title='bbox 1852 2387 1937 2430; x_wconf 84' lang='lat' dir='ltr'>quod</span> 
     </span>
    </p>
   </div>
   <div class='ocr_carea' id='block_1_9' title="bbox 1207 2475 1938 2645">
    <p class='ocr_par' dir='ltr' id='par_1_13' title="bbox 1207 2475 1937 2557">
     <span class='ocr_line' id='line_1_92' title="bbox 1243 2475 1937 2509; baseline -0.006 -3"><span class='ocrx_word' id='word_1_493' title='bbox 1243 2481 1251 2505; x_wconf 86' lang='lat' dir='ltr'>l</span> <span class='ocrx_word' id='word_1_494' title='bbox 1275 2480 1346 2509; x_wconf 59' lang='lat' dir='ltr'>Lege</span> <span class='ocrx_word' id='word_1_495' title='bbox 1365 2478 1498 2507; x_wconf 82' lang='lat' dir='ltr'>secundo,</span> <span class='ocrx_word' id='word_1_496' title='bbox 1512 2484 1570 2502; x_wconf 86' lang='lat' dir='ltr'>nam</span> <span class='ocrx_word' id='word_1_497' title='bbox 1587 2475 1799 2502; x_wconf 77' lang='lat' dir='ltr'>numerationem</span> <span class='ocrx_word' id='word_1_498' title='bbox 1816 2483 1864 2502; x_wconf 89' lang='lat' dir='ltr'>nos</span> <span class='ocrx_word' id='word_1_499' title='bbox 1880 2484 1937 2502; x_wconf 84' lang='lat' dir='ltr'>rnu-</span> 
     </span>
     <span class='ocr_line' id='line_1_93' title="bbox 1207 2522 1449 2557; baseline -0.008 -8"><span class='ocrx_word' id='word_1_500' title='bbox 1207 2524 1320 2549; x_wconf 77' lang='lat' dir='ltr'>tavimus</span> <span class='ocrx_word' id='word_1_501' title='bbox 1339 2525 1380 2557; x_wconf 71' lang='lat' dir='ltr'>(n.</span> <span class='ocrx_word' id='word_1_502' title='bbox 1401 2522 1449 2555; x_wconf 84' lang='lat' dir='ltr'>T.).</span> 
     </span>
    </p>

    <p class='ocr_par' dir='ltr' id='par_1_14' title="bbox 1207 2564 1938 2645">
     <span class='ocr_line' id='line_1_94' title="bbox 1241 2564 1938 2599; baseline -0.004 -6"><span class='ocrx_word' id='word_1_503' title='bbox 1241 2568 1256 2593; x_wconf 75' lang='lat'>2</span> <span class='ocrx_word' id='word_1_504' title='bbox 1275 2568 1368 2593; x_wconf 83' lang='lat' dir='ltr'>Potius</span> <span class='ocrx_word' id='word_1_505' title='bbox 1387 2566 1445 2599; x_wconf 83' lang='lat' dir='ltr'>lege</span> <span class='ocrx_word' id='word_1_506' title='bbox 1465 2565 1648 2592; x_wconf 79' lang='lat' dir='ltr'>incurrendis</span> <span class='ocrx_word' id='word_1_507' title='bbox 1662 2572 1757 2599; x_wconf 80' lang='lat' dir='ltr'>nempe</span> <span class='ocrx_word' id='word_1_508' title='bbox 1767 2564 1879 2598; x_wconf 80' lang='lat' dir='ltr'>poenis,</span> <span class='ocrx_word' id='word_1_509' title='bbox 1897 2564 1938 2590; x_wconf 82' lang='lat' dir='ltr'>vel</span> 
     </span>
     <span class='ocr_line' id='line_1_95' title="bbox 1207 2608 1937 2645; baseline -0.004 -8"><span class='ocrx_word' id='word_1_510' title='bbox 1207 2611 1395 2639; x_wconf 72' lang='lat' dir='ltr'>incurrendae</span> <span class='ocrx_word' id='word_1_511' title='bbox 1411 2617 1506 2645; x_wconf 85' lang='lat' dir='ltr'>nempe</span> <span class='ocrx_word' id='word_1_512' title='bbox 1522 2608 1827 2638; x_wconf 59' lang='lat' dir='ltr'>eaetommunicationis</span> <span class='ocrx_word' id='word_1_513' title='bbox 1842 2609 1937 2643; x_wconf 55' lang='lat' dir='ltr'>(thr).</span> 
     </span>
    </p>
   </div>
  </div>
 </body>
</html>
