2279 3260
219 250 268 276 Λιι.
291 247 318 274 C.
343 247 409 274 1676

453 238 518 270 (ihss

459 307 492 328 ιι.
509 295 570 327 Pro
586 294 677 327 initio
691 293 882 326 visitationis
896 291 1006 324 iubeat
1019 289 1147 330 siguum

414 349 483 381 sieri
510 349 546 381 ad
580 348 778 391 capitulum,
806 351 839 378 et
868 343 1018 377 omnibus
1053 339 1148 373 simul

415 402 533 433 iuuetis
559 411 595 433 ac
620 399 816 442 genuflexis,
840 395 976 439 incipiat
1001 392 1151 435 antipho—

415 465 489 486 nam
518 453 606 492 Veni,
634 452 750 485 Sancte
773 450 934 493 Spiritui,
961 457 1056 490 quam
1082 455 1150 477 om-

416 517 474 539 nes
494 510 744 549 prosequantur,
760 506 877 544 etpost
895 511 964 533 eam
983 499 1151 531 dicatver-

417 561 553 593 siculum
580 559 697 592 Emille
714 556 872 599 Spiritum
901 558 1004 590 lutam,
1025 557 1100 590 etc.,
1121 555 1153 582 et

417 613 581 645 orationes
609 612 690 644 Dens
715 608 774 651 qui
796 606 893 639 corda
909 604 1071 647 fidelium;
1093 602 1151 634 De-

417 665 520 708 fende,
542 672 753 707 quaesmnus,
779 659 924 694 Dmnine,
956 657 1056 688 Beata
1084 654 1153 686 Ma—

418 718 480 754 riri,
498 722 571 756 etex,
588 716 676 751 Deus,
692 713 750 756 qui
764 721 818 753 per
838 714 962 742 sanctos
978 712 1086 751 patres
1103 717 1153 739 no-

419 775 499 802 stros
525 770 677 801 Ioannem
705 771 732 798 el
758 765 915 801 Felicem,
947 768 1016 800 etex,
1042 766 1153 804 postea

420 833 532 855 onmes
548 822 690 859 sedeant,
706 824 732 851 et
751 818 895 850 visitator
916 814 1008 847 saciat
1023 815 1153 847 brevem

421 875 609 908 eonii-ionem
634 872 838 916 spiritualem
864 869 902 902 ad
921 868 1078 900 intentum
1096 874 1154 909 pro

421 930 477 960 sua
501 926 698 959 visitatione.

467 992 514 1014 ιιι.
542 980 608 1017 Quo
630 979 722 1019 sacto,
742 977 886 1020 imponat
902 979 1109 1019 praeceptum
1126 978 1162 1011 et,

423 1044 605 1071 censuram,
625 1037 660 1064 ut
681 1042 793 1064 omues
819 1035 891 1062 ante
916 1029 1024 1072 ipsum
1050 1027 1155 1059 dicant

425 1093 456 1119 et
481 1086 680 1119 denuncient
705 1083 859 1128 quidquid
886 1080 1086 1115 correctione
1114 1079 1158 1111 di-

426 1151 522 1183 gnum
547 1137 843 1177 animadverterint,
870 1141 932 1168 tam
958 1134 990 1166 in
1015 1133 1159 1177 praelato

426 1204 522 1237 quam
537 1192 569 1224 in
585 1190 731 1229 subditis,
747 1189 832 1222 omni
848 1187 1027 1227 affectione,
1041 1195 1158 1224 amore,

427 1246 502 1279 odio
528 1244 673 1283 seclusis,
694 1249 788 1285 atque
814 1252 854 1274 an
879 1238 1085 1284 quaerendis,
1111 1248 1161 1269 se-

427 1299 581 1343 parandis
596 1302 628 1330 et
644 1295 864 1329 custodiendis
878 1291 1089 1335 eleemosynis
1103 1301 1161 1333 pro

427 1351 652 1394 redemptione
672 1349 869 1392 captivorum
883 1347 1092 1379 observentur
1110 1355 1162 1376 ex-

429 1411 499 1438 acte
525 1414 606 1447 quae
634 1405 721 1445 leges
755 1406 884 1433 nostrae
911 1399 1106 1442 disponunt,
1133 1401 1165 1428 et

429 1459 468 1491 ad
494 1459 557 1490 hoc
581 1462 616 1488 nt
644 1461 717 1488 ante
743 1454 849 1498 ipsum
874 1462 1004 1496 qnoque
1030 1450 1164 1483 manife-

430 1517 514 1544 stent
546 1509 655 1543 omnia
688 1517 911 1551 quaecumque
943 1514 1045 1548 penes
1077 1503 1164 1546 ipsos

431 1564 570 1603 suerint,
605 1562 668 1594 sive
703 1571 761 1603 pro
799 1570 857 1592 suo
892 1569 969 1597 usu,
1009 1558 1073 1589 sive
1108 1566 1166 1599 pro

431 1617 494 1650 alio
530 1616 613 1655 sine,
651 1613 802 1657 qruwisve
839 1612 954 1651 titulo,
981 1616 1011 1643 et.
1034 1610 1168 1653 insuper

432 1671 490 1702 sub
516 1668 682 1712 praedicto
708 1670 881 1709 praecepto
908 1669 939 1696 et
962 1664 1095 1696 censura
1120 1662 1169 1693 iu-

431 1724 504 1756 beat
532 1723 571 1755 ab
597 1720 745 1753 omnibus
771 1718 927 1751 custodiri
949 1716 1112 1749 silentium
1137 1715 1169 1747 in

432 1775 673 1821 pertinentibus
710 1774 748 1806 ad
787 1773 889 1815 ipsam
924 1770 1168 1810 visitationem,

435 1836 498 1863 tam
516 1830 600 1862 inter
617 1839 651 1861 se
673 1838 767 1871 quam
793 1825 879 1858 inter
904 1825 983 1857 alios
1001 1834 1171 1867 quoscum·

435 1894 510 1926 que,
537 1887 568 1915 et
592 1887 655 1914 tam
686 1879 792 1912 verbis
817 1889 911 1921 quam
937 1877 1078 1920 seriptis.
1111 1876 1172 1908 Du-

436 1937 520 1968 rabit
536 1935 656 1967 dietum
679 1936 888 1976 praeceptum
906 1936 937 1962 et
954 1940 1089 1963 censura
1114 1940 1173 1973 per

438 1989 506 2021 dies
544 1985 745 2020 necessarios
765 2012 771 2024 ,
811 1984 866 2016 sed
906 1993 971 2016 non
1006 1982 1173 2026 pauciores

438 2053 533 2085 quam
558 2040 714 2084 quinque.

482 2105 525 2128 lv.
553 2094 633 2126 Ante
660 2101 793 2125 examen
818 2090 1046 2133 religiosorum
1067 2089 1175 2122 visitet

440 2146 678 2181 sanctissimum
688 2143 910 2177 Eucharistiae
925 2147 1172 2183 sacramentum,

440 2200 561 2239 altaria,
588 2199 697 2231 oleum
722 2202 881 2236 sanctum,
902 2201 1102 2237 ornamenta,
1124 2207 1175 2229 ce-

440 2260 572 2297 teraque
603 2251 665 2285 alia
690 2251 728 2283 ad
754 2251 872 2283 cultum
905 2249 1045 2282 divinum
1069 2249 1172 2293 perti-

441 2307 561 2340 nentia.

487 2372 516 2392 v.
544 2361 660 2393 Postea
676 2357 821 2391 vocando
840 2357 1029 2400 singillatim
1046 2356 1177 2400 religio-

444 2426 503 2449 sos.
527 2414 647 2453 visitet,
674 2411 843 2453 examinet,
873 2422 908 2443 ac
932 2410 1106 2453 diligenter
1130 2411 1178 2444 in—

446 2469 552 2512 quirat
565 2468 603 2500 ab
622 2467 681 2499 eis:
696 2466 812 2509 primo,
829 2465 993 2508 quomodo
1010 2464 1179 2498 observen-

447 2529 497 2555 tui·
523 2521 672 2554 mandata
700 2518 755 2551 Dei
788 2522 819 2551 et
847 2523 1023 2561 praecepta
1052 2523 1178 2550 sanctae

444 2574 619 2613 Ecclesiae,
637 2582 764 2605 necnon
791 2576 926 2615 quatuor
950 2576 1030 2611 vota,
1055 2572 1178 2614 regula,

447 2627 694 2662 constitutiones
720 2631 751 2657 et
775 2630 904 2658 sanetae
931 2624 1182 2658 consuetudines

993 241 1073 265 ΝῚΗ.
1080 239 1172 263 munti
1195 237 1261 263 ΠΟΜ
1268 238 1347 264 tNtnw

1189 287 1338 327 Ordinis;
1365 286 1439 320 item
1465 298 1502 320 an
1530 286 1625 320 suerit
1650 287 1698 319 vel
1724 286 1765 318 sit
1788 284 1921 328 aliquod

1190 341 1396 381 scandalum,
1426 343 1474 374 vel
1508 341 1585 384 quid
1618 341 1743 373 habens
1779 337 1921 382 speciem

1191 394 1331 436 peccati,
1358 399 1419 426 tam
1446 394 1528 426 intra
1552 404 1647 437 quam
1673 398 1761 426 extra
1784 401 1923 425 conven-

1192 453 1271 486 tum,
1291 457 1329 479 an
1355 447 1395 478 sit
1419 457 1477 490 pax
1503 446 1588 479 inter
1605 446 1792 488 religiosos3
1811 455 1850 477 an
1867 445 1924 477 ob-

1193 504 1339 532 servetur
1368 499 1525 541 regularis
1558 498 1727 541 disciplina
1758 499 1791 530 in
1816 497 1923 531 officio

1194 552 1313 592 divino,
1332 552 1488 592 oratione,
1515 550 1654 591 silentio,
1673 551 1734 584 vita
1751 550 1924 590 communi,

1194 606 1359 645 clausura,
1382 605 1560 648 ceterisque
1586 603 1859 646 obligationibus3
1886 612 1925 635 an

1195 659 1315 690 abusus
1340 658 1563 690 introducatur
1592 657 1624 689 in
1647 655 1772 697 vestitu,
1793 655 1926 699 aliisque

1195 711 1310 750 rehus3
1336 721 1374 742 au
1400 711 1561 753 praelatus
1593 709 1779 742 necessaria
1802 708 1929 751 religio-

1196 763 1247 803 sis,
1262 763 1456 806 praesertim
1471 762 1614 802 infirmis,
1630 761 1824 805 suppeditet,
1841 766 1871 794 et
1888 771 1929 793 an

1196 816 1264 860 ipse
1290 817 1452 857 regulam,
1479 821 1650 859 ceteraque
1676 814 1737 847 alia
1768 815 1928 847 observet.

1241 880 1283 903 v1.
1310 869 1350 902 Ut
1381 869 1563 902 visitatores
1600 869 1682 901 haec
1718 867 1929 911 adimpleant,

1199 933 1329 955 necess-e
1355 928 1403 955 est
1434 923 1575 954 calleant
1592 931 1629 953 ea
1650 931 1731 964 quae
1761 920 1800 953 ad
1825 930 1934 952 corre-

1199 976 1340 1009 ctionem
1366 976 1540 1007 fraternam
1558 974 1709 1013 attinent,
1727 979 1757 1006 et
1776 973 1815 1006 ad
1840 983 1934 1015 regu-

1200 1031 1285 1070 lam,
1319 1029 1567 1061 constitutiones
1602 1032 1634 1059 et
1669 1025 1932 1060 consuetudines.

1200 1083 1340 1125 ldeoquc
1365 1086 1492 1124 oportet
1509 1091 1564 1113 eos
1587 1080 1709 1113 habere
1727 1078 1936 1112 summarium

1202 1135 1429 1178 principalium
1450 1138 1641 1166 statutorum
1658 1144 1738 1176 quae
1768 1131 1937 1165 observari

1203 1188 1332 1227 debent,
1366 1193 1401 1219 ut
1424 1187 1511 1218 iuxta
1542 1186 1620 1219 illud
1647 1186 1773 1218 facilius
1798 1185 1938 1218 interro-

1204 1247 1280 1284 gent
1303 1246 1334 1273 et
1358 1240 1543 1272 examinent
1568 1239 1752 1281 religiosos.

1247 1303 1303 1326 v11.
1320 1293 1423 1325 Cellas
1447 1292 1576 1323 visitent
1594 1296 1626 1323 et
1645 1291 1784 1330 videant,
1803 1300 1885 1333 quae
1899 1289 1939 1322 ad

1205 1356 1297 1379 usum
1315 1345 1459 1387 religiosi
1476 1345 1627 1384 habeant,
1645 1349 1686 1383 et,
1705 1354 1786 1387 quae
1803 1353 1940 1386 pauper—

1207 1399 1260 1431 tati
1286 1397 1575 1440 obseiwantiaeque
1594 1401 1723 1429 nostrae
1747 1395 1941 1428 convenien-

1207 1453 1248 1484 tia
1273 1462 1337 1484 non
1357 1451 1484 1490 suerint,
1506 1456 1682 1489 amoveant,
1702 1454 1734 1482 et
1757 1447 1942 1482 necessaria

1207 1505 1342 1538 subditis
1367 1503 1542 1536 ministrari
1569 1504 1698 1536 saciant.

1253 1569 1320 1591 vni.
1347 1557 1495 1589 Ostieiuas
1520 1556 1617 1589 etiam
1644 1556 1791 1595 visitent,
1819 1561 1851 1589 et
1876 1555 1944 1588 ani-

1209 1611 1407 1643 madvertant
1421 1610 1446 1641 si
1470 1610 1500 1641 in
1522 1609 1586 1642 illis
1600 1609 1664 1641 sint
1681 1609 1864 1642 necessaria
1883 1617 1943 1651 pro

1210 1663 1371 1707 religiosis
1387 1690 1394 1704 ,
1419 1669 1481 1695 tam
1512 1662 1694 1695 valentibus
1710 1689 1717 1702 ‚
1743 1672 1838 1705 qnam
1861 1661 1945 1694 male

1212 1716 1430 1755 habentibus,
1465 1716 1514 1748 vel
1546 1715 1666 1758 aliquid
1693 1715 1891 1758 superfluum
1916 1718 1948 1747 et

1212 1771 1367 1803 indecens
1381 1774 1491 1802 nostro
1508 1768 1616 1801 statui.
1635 1767 1802 1801 Careerem
1817 1778 1946 1811 quoque

1212 1824 1360 1863 visitent,
1385 1828 1416 1855 et
1441 1826 1556 1854 notent
1583 1821 1608 1853 si
1645 1821 1678 1853 in
1704 1832 1742 1854 eo
1767 1821 1832 1854 sint
1863 1831 1947 1865 quae

1213 1878 1344 1917 debent,
1363 1877 1448 1908 iuxta
1470 1875 1625 1919 disposita
1646 1885 1751 1918 supra,
1774 1885 1843 1917 cap.
1865 1884 1946 1915 xxxt,

1213 1931 1280 1974 §43
1298 1929 1516 1962 bibliothecas
1529 1938 1657 1971 quoqne
1675 1927 1816 1967 videant,
1830 1932 1861 1959 et
1877 1938 1949 1960 exa-

1214 1983 1338 2016 minent
1361 1993 1400 2016 an
1425 1983 1514 2014 iuxta
1539 1992 1592 2013 eas
1618 1985 1649 2013 et
1675 1980 1744 2013 eius
1767 1980 1867 2013 libros
1894 1980 1948 2012 ob-

1215 2042 1387 2071 serventur
1406 2046 1503 2079 supra
1528 2035 1620 2075 dieta,
1643 2044 1711 2077 cap.
1731 2044 1861 2073 xxxvni,
1882 2034 1896 2076 ξ
1915 2033 1946 2066 7.

1259 2102 1300 2124 lx.
1328 2089 1481 2123 Similiter
1499 2088 1672 2131 diligenter
1696 2086 1827 2119 visitent
1849 2087 1950 2119 libros

1215 2148 1401 2183 conventus,
1420 2148 1482 2175 tam
1500 2142 1584 2181 illos,
1601 2140 1633 2172 in
1651 2139 1767 2183 quibus
1786 2139 1872 2173 bona
1889 2145 1951 2172 sta—

1215 2197 1293 2231 bilia
1319 2202 1350 2229 et
1373 2206 1488 2229 census
1512 2193 1732 2234 continentur,
1758 2204 1854 2237 quam
1878 2193 1952 2226 illos

1218 2251 1249 2284 in
1271 2250 1387 2294 quibus
1411 2254 1565 2282 notantur
1589 2252 1720 2290 recepta
1745 2252 1776 2279 et
1793 2255 1952 2290 expensae

1218 2305 1250 2337 in
1276 2312 1477 2347 quacumque
1502 2300 1618 2344 specie,
1639 2300 1805 2343 pecuniae,
1834 2299 1952 2340 tritici,

1219 2355 1355 2396 hordei,
1381 2354 1458 2395 vini,
1490 2353 1562 2394 olei,
1593 2358 1668 2393 cte.,
1700 2363 1827 2386 necnon
1851 2351 1952 2391 libros

1220 2407 1451 2452 redemptionis
1472 2406 1685 2450 captivorum,
1716 2411 1747 2439 et
1773 2405 1953 2449 receptoris

1221 2464 1260 2496 ad
1285 2461 1431 2495 habitum
1458 2466 1488 2493 et
1512 2460 1750 2503 professionem
1777 2460 1817 2492 ab
1841 2459 1954 2492 ultima

1222 2515 1404 2549 visitatione
1423 2524 1524 2556 usquc
1541 2514 1579 2546 ad
1600 2513 1699 2546 illam.
1717 2512 1755 2545 Et
1770 2510 1953 2556 praelatus¹

1223 2574 1334 2603 eontra
1358 2568 1465 2600 bullas
1491 2572 1521 2599 et
1546 2567 1676 2600 decreta
1703 2565 1870 2609 pontificia
1886 2565 1954 2599 sive

1263 2633 1272 2659 1
1292 2630 1380 2658 Potius
1396 2630 1630 2666 t‹=ge1»m›lcaetmn
1650 2629 1689 2657 vel
1701 2629 1846 2664 praelatos
1856 2630 1896 2662 (R.
1906 2628 1955 2664 T.)-

1931 235 1982 262 An.
2002 234 2032 262 C.
2045 234 2116 262 1676
