2279 3260
214 263 264 290 An.
285 262 315 289 C.
340 262 401 289 ¹57¹

247 1532 367 1552 Emrdimn.

276 1899 342 1919 Brun
359 1899 405 1920 Cle-

222 1931 270 1946 nun
280 1932 296 1945 is·
314 1926 339 1946 lx

454 253 516 287 160

409 311 496 350 uitis,
523 310 638 344 eadem
663 320 796 354 prorsus
822 310 902 344 fides
929 310 968 342 ab
993 309 1143 342 omnibus

410 369 442 397 et
465 364 586 407 ubique
618 369 680 396 tam
712 363 743 396 in
775 363 895 396 iudicio
927 373 1023 406 quam
1057 366 1145 393 extra

409 416 489 449 illud
526 417 710 455 habeatur,
741 426 823 459 (piae
861 416 1040 447 haberetur
1065 413 1143 456 ipsis

410 469 640 512 praesentibus
680 469 706 500 si
744 469 849 501 sarmit
890 466 1054 499 exhibitae
1095 466 1143 498 vel

411 527 576 555 ostensae.

456 575 568 607 Datum
597 574 735 613 Romae,
765 573 850 615 apud
880 571 910 603 S.
938 570 1064 603 'illariam
1086 570 1146 602 Ma-

411 628 526 666 iorem,
555 628 615 658 sub
649 627 770 658 annulo
798 624 996 662 piscatoris,
1026 622 1077 654 die
1101 633 1144 655 vu

413 680 566 712 februarii
598 689 762 717 iinctxxl,
796 675 1008 720 pontificatus
1041 675 1144 707 nostri

413 743 498 766 anno
518 744 538 765 1.

449 794 505 819 Dat.
523 793 567 819 die
583 792 597 819 7
614 791 742 818 februarii
762 790 838 825 ¹671,
856 789 953 825 pontif.
971 795 1076 816 annot.

747 931 808 964 LII.

412 1015 562 1047 Diversae
597 1013 829 1044 dvclztrationes
869 1015 897 1043 et
929 1010 1148 1042 ordinationes

455 1077 551 1108 super
574 1066 769 1108 aequalitate
793 1066 827 1096 in
844 1065 982 1097 abbatiis
1010 1063 1150 1105 aliisque

455 1119 566 1161 officiis
589 1117 743 1150 serva-mid
771 1119 855 1149 inter
878 1117 1050 1149 monachos
1071 1115 1148 1149 Con-

455 1167 649 1214 qreyastonss
666 1171 698 1203 S.
720 1170 882 1202 Bonna-at
899 1169 1079 1211 Hispaniae
1097 1167 1149 1201 Or-

456 1225 544 1256 dinis
563 1223 780 1257 Cisterciensis
797 1233 834 1254 rw
860 1223 935 1254 locis
960 1222 1041 1253 citra
1058 1226 1083 1253 et
1100 1221 1147 1253 ut-

458 1282 509 1309 tra
534 1280 653 1308 montes
676 1275 848 1309 Castellum
870 1279 999 1307 veterem
1027 1285 1047 1305 α
1072 1274 1148 1305 nomi

456 1331 640 1372 separantes
664 1328 734 1359 sitis
768 1327 937 1370 msprclire
961 1325 1113 1358 oriundos
1131 1330 1146 1357 ¹.

636 1408 769 1434 Clemens
795 1408 873 1440 Papa
894 1407 928 1433 X.

554 1453 590 1479 ad
612 1453 742 1478 futuram
762 1452 805 1477 rei
828 1450 1009 1477 memoriam.

459 1523 621 1556 iniunctae
656 1522 751 1554 nobis
784 1521 917 1554 caelitus
952 1519 1149 1562 apostolicae

415 1576 576 1608 servitutis
601 1575 682 1607 ratio
709 1574 818 1616 exigit,
838 1578 881 1613 ut,
908 1578 1077 1616 paternam
1103 1582 1151 1604 re-

415 1628 604 1671 ligiosorum
631 1627 772 1660 virorum
803 1626 957 1659 Altissimi
984 1625 1150 1668 obsequiis

414 1682 473 1714 sub
491 1680 646 1714 laudabili
664 1680 745 1712 vitae
763 1679 960 1712 monasticae
978 1678 1052 1720 iugo
1070 1688 1152 1709 man-

415 1734 596 1777 cipatorum
614 1743 721 1765 euram
743 1737 900 1774 gerentes,
919 1731 1003 1764 felici
1022 1730 1151 1763 illorum

415 1786 565 1830 regimini
577 1790 608 1818 et
622 1785 792 1828 religiosae
810 1783 1044 1827 tranquillitati,
1056 1794 1152 1826 quau<

417 1844 483 1871 tum
501 1838 593 1871 nobis
612 1849 647 1871 ex
669 1839 733 1870 alto
755 1837 956 1875 conceditur,
978 1836 1151 1879 providere

418 1896 608 1934 satagamus.
634 1891 710 1923 Cum
745 1891 854 1933 itaque
881 1889 980 1922 felicis
1006 1888 1153 1920 reeorda-

419 1943 514 1975 tionis
538 1942 685 1975 Clemens
710 1942 794 1984 Papa
813 1941 851 1973 lx
869 1941 1082 1984 predecessor
1098 1950 1154 1972 no-

418 2002 496 2036 ster,
514 2000 548 2027 ut
572 2001 790 2038 opportunum
814 1994 917 2033 malis,
936 2003 1016 2036 quae
1037 2003 1078 2025 ex
1100 2003 1154 2024 na-

418 2048 594 2081 tionalibus
621 2046 814 2079 factionibus
838 2046 870 2078 in
896 2045 1152 2089 Congregatiune

418 2101 449 2133 S.
478 2099 634 2133 Bernardi
661 2099 834 2142 Hispaniae
854 2099 1085 2131 monachorum
1103 2098 1154 2131 Or-

420 2152 504 2185 dinis
518 2151 740 2185 Cisterciensis
754 2157 847 2183 enata
860 2156 960 2189 erant,
977 2151 1153 2183 remedium

420 2205 612 2243 adhiberet,
639 2214 699 2247 per
725 2204 879 2247 quasdam
904 2214 976 2235 suas
1002 2204 1032 2235 in
1058 2204 1153 2236 simili

421 2258 522 2290 forma
557 2257 666 2289 Brevis
699 2257 751 2289 die
774 2266 825 2289 Xiv
849 2255 991 2288 octobris
1019 2266 1154 2289 unctxrx

420 2310 587 2354 expeditas
605 2309 728 2342 litteras
744 2310 845 2341 multa
867 2309 1046 2341 decreverit
1071 2309 1154 2341 eirca

420 2362 683 2395 distributionem
698 2363 863 2405 aequalem
881 2361 1093 2401 abbatiarum,
1110 2362 1154 2393 of-

419 2414 566 2447 ficiorum
599 2414 849 2457 capitularium,
875 2419 906 2446 et
936 2419 1077 2446 mutuari]
1110 2414 1155 2446 al-

420 2466 608 2500 teri-lativam
634 2468 837 2509 generalatus
862 2466 1047 2509 praedictae
1074 2466 1155 2499 Con-

420 2518 620 2562 gregationis
646 2519 730 2551 inter
750 2519 928 2551 monachos
946 2518 1100 2551 oriundos
1118 2530 1154 2551 cx

458 2635 466 2668 l
491 2633 564 2661 Nuuc
584 2633 699 2671 primum
719 2633 859 2670 impressa.

988 261 1167 286 numanum
1191 260 1342 287 nomnen

1187 309 1280 341 terris
1306 308 1374 342 sitis
1400 309 1479 342 citra
1503 314 1534 343 et
1552 309 1636 343 ultra
1659 314 1786 342 montes
1802 307 1921 342 Castel-

1186 362 1249 394 lam
1271 367 1410 396 veterem
1433 368 1465 396 et
1480 373 1595 397 novam
1613 363 1802 402 dividentes,
1823 368 1922 405 prout

1186 414 1219 446 in
1244 415 1337 448 dictis
1362 416 1491 456 litteris,
1511 426 1648 459 quarum
1665 420 1810 448 tenorem
1828 424 1920 458 prae-

1187 467 1332 499 sentibus
1365 477 1424 510 pro
1458 468 1553 510 plene
1586 473 1618 501 et
1647 467 1844 500 sufficienter
1868 477 1921 500 ex-

1188 529 1300 561 presso
1324 529 1361 552 ac
1391 520 1428 552 de
1457 520 1553 553 verbo
1571 520 1609 553 ad
1627 521 1760 553 verbum
1782 512 1919 552 inserto¹

1188 571 1300 603 haberi
1326 573 1481 611 volumus,
1504 572 1633 605 uberius
1659 573 1860 612 continetur;

1231 624 1245 667 g*
1271 624 1301 656 l.
1328 623 1452 657 Exot'tis
1470 635 1543 658 vero
1562 625 1645 657 eirca
1665 625 1845 658 litterarum
1862 625 1921 657 hu—
1946 636 2114 668 rawennate

1188 676 1326 709 iusmodi
1344 676 1592 719 intelligentiam
1610 677 1773 710 nonnullis
1797 677 1922 709 dubita-
1932 663 2114 734 §sssssli‘e‘cligi-Hilif,

1947 721 1958 734 u
1969 721 2001 734 ,HS
2019 721 2037 735 ΙΠ
2056 720 2066 735 ὓ
2081 720 2116 734 EX*

1189 728 1348 769 tionibus,
1366 728 1475 761 dilecti
1501 729 1557 761 filii
1578 729 1711 762 Michael
1731 729 1769 762 de
1786 729 1992 762 Fuentesorm.

1188 781 1221 813 in
1246 783 1333 813 sacra
1359 781 1526 822 theologia
1558 781 1734 823 magister,
1762 781 1924 823 generalis

1189 833 1389 873 reformator,
1411 844 1446 865 ae
1470 833 1603 866 loannes
1628 833 1765 874 Aracho,
1790 833 1927 865 Ludovi-

1189 897 1243 918 cus
1271 886 1434 925 Sanchez,
1463 886 1576 918 Petrus
1614 885 1652 918 de
1689 885 1925 924 Guadalaxara,

1191 938 1348 971 Antonius
1375 939 1414 971 de
1439 938 1470 971 S.
1496 938 1600 978 Petro,
1627 937 1785 980 Iosephus
1809 937 1849 969 de
1874 937 1927 969 Al-

1190 991 1337 1023 monaeid
1357 996 1388 1023 et
1404 991 1598 1023 Benedictus
1625 991 1663 1023 de
1683 989 1836 1030 Oroseho‚
1859 989 1927 1023 def-

1191 1044 1335 1076 siuitores
1352 1043 1495 1075 eiusdem
1519 1042 1795 1085 (loligrcgationis,
1814 1042 1845 1075 in
1863 1054 1927 1075 mo-

1192 1096 1334 1128 nasterio
1358 1095 1568 1128 Palaziolensi
1588 1095 1824 1128 palentinensis
1844 1095 1888 1128 dit
1901 1106 1928 1127 e-

1193 1148 1272 1181 cesis
1298 1148 1486 1191 congregati
1501 1158 1560 1191 pro
1575 1148 1771 1180 celebrando
1789 1147 1929 1190 capitulo

1193 1201 1387 1234 intermedio
1413 1201 1463 1233 die
1485 1211 1542 1234 vm
1560 1201 1620 1233 mai
1643 1211 1780 1240 MDCLxx,
1808 1201 1929 1233 eisdem

1193 1254 1308 1286 litteris
1333 1254 1440 1286 debita
1459 1264 1532 1286 eum
1555 1254 1765 1286 veneratione
1794 1264 1830 1285 ae
1847 1264 1932 1286 reve-

1194 1307 1297 1340 rentia
1323 1307 1495 1349 susceptis,
1514 1306 1719 1339 decreverint
1742 1316 1811 1338 esse
1837 1306 1931 1338 nobis

1194 1359 1362 1391 humiliter
1381 1359 1630 1402 supplicandum
1653 1364 1688 1390 ut
1713 1358 1930 1390 dubitationes

1195 1411 1378 1444 huiusmodi
1396 1417 1524 1443 nostrae
1543 1411 1771 1444 declarationis
1796 1411 1930 1443 oraculo

1195 1463 1370 1496 dilucidare
1402 1474 1437 1496 ae
1473 1463 1626 1496 decidere
1660 1464 1699 1496 de
1730 1463 1930 1505 benignitate

1195 1517 1367 1560 apostolica
1393 1517 1619 1559 dignaremur:
1706 1520 1710 1523 “

1239 1570 1253 1612 g
1277 1569 1308 1602 ἒ.
1336 1570 1416 1602 Hine
1441 1576 1489 1602 est
1521 1570 1608 1612 quod
1641 1579 1720 1609 nos,
1757 1568 1952 1614 specialem·

1196 1623 1366 1665 praedictis
1391 1622 1592 1655 reformatori
1619 1621 1760 1665 generali
1785 1632 1822 1654 ae
1846 1611 1951 1654 deffi-L

1196 1675 1354 1708 nitoribus
1381 1676 1515 1718 gratiam
1535 1675 1641 1708 facere
1658 1675 1814 1714 volentes,
1831 1679 1862 1707 et
1878 1683 1931 1706 eo-

1196 1739 1266 1760 rum
1293 1729 1473 1771 singulares
1490 1738 1647 1771 personas
1666 1738 1682 1760 a
1699 1726 1864 1770 quibusvis
1882 1737 1930 1759 ex-

1196 1781 1507 1820 communicationis,
1534 1780 1757 1823 suspensionis
1782 1785 1813 1812 et.
1834 1779 1931 1812 inter-

1197 1833 1296 1873 dicti,
1324 1834 1457 1876 aliisque
1484 1832 1711 1867 ecelesiasticis
1742 1832 1928 1871 sententiis,

1197 1886 1342 1918 censuris
1361 1891 1390 1918 et
1409 1886 1536 1929 poenis,
1551 1896 1568 1917 a
1585 1885 1653 1917 iure
1667 1885 1717 1917 vel
1731 1885 1770 1917 ab
1789 1884 1929 1924 homine,

1197 1938 1307 1982 quavis
1329 1938 1498 1971 occasione
1518 1939 1569 1970 vel
1594 1939 1689 1970 causa
1713 1937 1798 1976 latis,
1817 1937 1843 1969 si
1861 1937 1931 1981 qui-

1198 1992 1256 2023 bus
1281 1991 1525 2034 quomodolibet
1549 1991 1694 2023 innodati
1719 1990 1870 2030 existunt,
1892 1990 1930 2022 ad

1197 2044 1342 2077 ellectum
1368 2043 1589 2087 praesentium
1623 2043 1788 2076 dumtaxat
1811 2053 1932 2076 eonse-

1197 2097 1379 2140 quendum,
1411 2097 1525 2128 harum
1558 2096 1643 2129 serie
1672 2096 1875 2129 absolventes
1901 2101 1933 2128 et

1198 2150 1362 2182 absolutos
1390 2148 1458 2181 sore
1484 2154 1665 2187 censentes,
1686 2148 1931 2191 supplicationi-

1197 2203 1257 2235 bus
1275 2212 1385 2235 eorum
1404 2202 1534 2234 nomine
1559 2201 1650 2234 nobis
1673 2200 1839 2234 humiliter
1857 2211 1932 2244 por-

1198 2256 1293 2288 rectis
1317 2255 1472 2294 inclinati,
1494 2255 1533 2287 de
1551 2255 1782 2288 nonnullorum
1801 2265 1932 2287 venera-

1198 2309 1308 2342 bilium
1330 2308 1461 2340 fratrum
1477 2310 1662 2339 nostrorum
1677 2306 1707 2339 S.
1724 2306 1760 2338 R.
1781 2306 1814 2338 E.
1834 2307 1931 2339 cardi-

1198 2361 1317 2394 nalium
1334 2371 1369 2392 ae
1391 2360 1584 2392 dilectorum
1604 2359 1743 2392 tiliorum
1768 2359 1930 2392 Romanae

1197 2414 1303 2446 euriae
1328 2414 1544 2456 praelatorum
1577 2423 1675 2455 super
1703 2413 1929 2446 reformatione

1197 2467 1323 2500 Ordinis
1340 2465 1559 2498 Cisterciensis
1577 2466 1804 2508 deputatorum
1824 2465 1931 2499 consi-

1198 2520 1251 2559 lio,
1276 2518 1350 2562 quia
1375 2518 1406 2550 in
1432 2518 1616 2551 memoratis
1641 2517 1813 2551 Clementis
1839 2529 1931 2561 prac-

1233 2590 1244 2615 1
1266 2588 1337 2615 Edit.
1357 2587 1436 2614 Maio.
1458 2587 1522 2623 legit
1540 2588 1683 2622 expressis
1705 2608 1793 2615 .....
1814 2587 1931 2616 insertis

1197 2636 1234 2667 (a.
1254 2632 1303 2666 T.).

1924 261 1972 288 Αῐι.
1992 260 2021 288 C.
2046 261 2107 288 ¹07¹

1981 1575 2088 1596 Absolutis)
2111 1580 2124 1596 a

1985 1610 1988 1611 ⁷
2009 1609 2044 1622 1⁸¹5.
