2279 3260
952 284 1050 309 mnnx
1073 283 1181 309 RERUM
1727 272 1789 308 707

302 337 502 382 Indulgentia
527 336 668 381 plenaria
692 335 824 370 lubilaei
848 346 930 370 anno
955 337 1107 371 Romanis
1131 347 1187 381 per
1218 334 1368 379 triginta,
1402 333 1518 367 exteris
1559 345 1616 378 per
1650 335 1836 379 quindecim

391 392 469 432 dies,
485 390 638 426 confessis
663 395 693 424 et
717 390 944 424 communione
968 391 1104 430 resectis,
1133 395 1272 434 quatuor
1296 388 1445 421 basilicas
1470 389 1590 421 Romae
1614 389 1813 423 visitantibus
1828 417 1836 431 ,

390 444 453 478 478
478 444 516 485 b,
545 444 744 488 indulgentia
770 443 879 477 eadem
906 455 964 488 pro
988 444 1025 477 iis
1050 443 1104 488 qui
1130 443 1161 476 in
1193 442 1252 482 via,
1278 443 1324 476 vol
1350 441 1444 475 etiam
1466 441 1499 475 in
1526 442 1618 482 Urbe,
1635 443 1766 483 morbo,
1791 443 1838 476 vel

391 498 450 530 alia
470 496 508 530 de
527 508 622 531 causa
646 499 685 531 ab
710 497 895 531 earumdem
920 497 1099 530 visitatione
1120 495 1350 540 impediuntur,
1369 495 1456 537 ibid.;
1480 501 1601 528 ceterae
1621 495 1839 539 indulgentiae

390 560 503 584 omnes
529 551 662 584 lubilaei
690 561 771 584 anno
796 551 1047 594 suspenduntur,
1074 548 1138 596 489
1163 549 1189 582 b.

302 602 504 647 indulgentia
536 605 678 648 plenaria
710 616 767 649 pro
797 604 962 638 destinatis
987 603 1025 636 ad
1053 602 1252 646 recipiendos
1283 603 1405 636 noviter
1429 603 1467 636 ad
1493 602 1589 636 sidem
1615 612 1783 635 conversos
1808 601 1838 635 in

391 657 484 691 Urbis
509 664 615 691 erecto
648 658 797 703 hospitio,
820 669 878 702 pro
904 656 1057 691 ministris
1074 684 1081 697 ,
1108 656 1244 700 aliisque
1269 656 1388 689 ibidem
1414 655 1602 699 degentibus
1628 661 1658 688 et
1683 654 1840 688 deceden-

392 710 490 751 tibus,
518 711 580 744 545
606 722 625 744 α
650 717 679 745 et
703 722 766 755 seq.

303 764 503 808 indulgentia
528 775 586 809 pro
605 765 643 798 iis
668 764 723 808 qui
749 764 905 797 intersunt
922 764 1035 796 missae
1049 768 1077 795 ct
1095 761 1291 806 processioni
1310 762 1350 795 de
1368 762 1419 795 SS.
1440 761 1586 803 Rosario,
1610 760 1674 795 164
1691 772 1711 794 α
1729 767 1759 795 et
1776 771 1838 805 seq.

305 817 502 861 indulgentia
536 818 568 850 in
605 818 751 852 ecclesiis
784 816 1022 851 Carmelitarum
1055 816 1087 848 in
1113 817 1192 849 sesto
1217 815 1246 848 S.
1271 815 1387 848 Mariae
1416 815 1616 858 Magdalenae
1647 815 1685 847 dc
1711 814 1838 854 Pazzis,

393 871 434 905 75
458 873 485 913 b,
513 877 543 906 et
568 872 598 905 in
621 872 701 905 sesto
726 872 759 904 Β.
789 871 826 904 Μ.
855 869 893 902 de
918 870 1021 903 Monte
1053 869 1196 902 Carmelo
1227 874 1257 901 et
1281 868 1328 901 Ss.
1358 867 1502 902 Andreae
1527 868 1659 907 Comini,
1684 867 1793 911 Angeli
1811 873 1841 900 et

393 925 529 965 Alberti,
557 925 620 958 308
645 925 662 956 b
687 930 718 958 et
742 935 816 967 seq.;
845 924 921 956 item
947 922 979 955 in
1004 922 1146 956 ecclesiis
1178 921 1334 954 Minorum
1359 921 1618 955 Conventualium
1643 921 1694 955 die
1726 931 1747 954 11
1780 932 1838 955 au·-

392 977 499 1020 gusti,
526 977 589 1010 1132
622 988 661 1017 a‘,
694 976 767 1010 item
793 976 824 1008 in
850 975 993 1009 ecclesiis
1019 974 1148 1008 Ordinis
1174 973 1228 1007 SS.
1258 974 1419 1008 Trinitatis
1451 974 1681 1019 redemptionis
1708 975 1842 1019 captivo-

392 1041 462 1064 rum
495 1030 526 1064 in
559 1030 643 1063 sestis
677 1029 723 1062 Ss.
749 1028 875 1062 loannis
899 1029 938 1061 de
963 1027 1062 1060 Matha
1087 1033 1117 1060 et
1141 1027 1253 1060 Felicis
1279 1028 1315 1061 de
1341 1028 1455 1069 Valois,
1476 1028 1541 1061 144
1557 1039 1576 1061 α
1602 1033 1631 1062 et
1650 1039 1735 1072 seq.;
1763 1029 1840 1061 item

391 1085 423 1117 in
449 1084 592 1119 ecclesiis
624 1082 751 1117 Ordinis
782 1082 814 1115 S.
848 1080 1002 1115 Dominici
1030 1080 1061 1113 in
1096 1081 1183 1114 sestis
1216 1080 1263 1113 Ss.
1300 1081 1450 1115 Ludovici
1480 1081 1647 1115 Bertrandi
1679 1087 1709 1115 et
1741 1082 1841 1116 Rosae

391 1137 431 1171 de
455 1137 485 1170 S.
514 1137 631 1178 Maria,
662 1135 726 1169 2302
751 1136 785 1176 b,
810 1135 884 1169 item
907 1134 938 1167 in
964 1133 1107 1168 ecclesiis
1127 1134 1318 1168 clericorum
1344 1135 1543 1177 regularium
1563 1135 1790 1168 Theatinorum
1810 1135 1842 1169 in

389 1191 469 1224 sesto
500 1190 529 1223 S.
556 1189 709 1230 Caietam,
740 1187 804 1222 233
832 1188 869 1228 b,
895 1188 970 1221 item
995 1187 1026 1220 in
1050 1187 1195 1221 ecclesiis
1220 1187 1390 1222 Societatis
1413 1188 1483 1222 Iesu
1516 1187 1550 1220 in
1573 1188 1653 1221 sesto
1678 1188 1709 1221 S.
1737 1189 1842 1221 Fran-

392 1244 469 1278 cisci
495 1243 638 1287 Borgiae,
665 1241 728 1276 02:36
755 1242 771 1275 b
796 1248 826 1275 et
843 1253 918 1286 seq.;
944 1244 1019 1276 item
1044 1243 1076 1275 in
1100 1242 1241 1276 ecclesiis
1258 1252 1432 1285 regnorum
1451 1242 1623 1285 Hispaniae
1648 1252 1706 1285 pro
1730 1242 1769 1276 iis
1786 1243 1841 1285 qui

393 1297 553 1330 intersunt
579 1296 691 1329 missae
716 1295 754 1328 de
778 1295 830 1328 SS.
859 1296 993 1329 Nomine
1019 1296 1050 1329 B.
1077 1295 1116 1329 M.
1145 1296 1194 1336 V.‚
1221 1295 1285 1328 ς262
1310 1306 1329 1329 α
1350 1301 1381 1328 et
1404 1295 1441 1336 b,
1467 1296 1542 1328 item
1569 1295 1600 1327 in
1624 1294 1768 1329 ecclesiis
1787 1295 1842 1329 Or-

392 1350 472 1384 dinis
496 1350 529 1384 B.
554 1351 594 1383 M.
621 1350 660 1383 de
692 1350 833 1384 Mercede
863 1349 1092 1393 redemptionis
1123 1350 1322 1393 captivorum
1349 1350 1381 1382 in
1407 1349 1486 1383 festo
1522 1349 1553 1382 S.
1587 1349 1670 1383 Petri
1702 1350 1741 1383 de
1773 1349 1843 1382 No-

392 1404 496 1445 lasco,
520 1402 584 1437 286
615 1414 655 1443 a,
682 1403 757 1437 item
787 1402 820 1435 in
854 1403 996 1436 ecclesiis
1025 1403 1151 1436 Ordinis
1184 1403 1283 1436 sancti
1313 1403 1483 1447 Augustini
1519 1403 1552 1436 in
1586 1404 1670 1437 iestis
1700 1403 1841 1437 eiusdem

390 1456 490 1490 sancti
516 1456 685 1500 Augustini
710 1462 739 1489 et
764 1456 811 1489 Ss.
838 1457 991 1496 Monicae,
1018 1456 1137 1490 Nicolai
1164 1457 1377 1490 Tolentinatis
1395 1462 1425 1490 et
1442 1456 1583 1489 Thomae
1608 1456 1646 1490 de
1668 1457 1843 1497 villanova,

392 1510 456 1544 290
483 1521 502 1543 α
524 1516 555 1544 et
578 1511 614 1550 b·,
641 1510 718 1544 item
743 1511 775 1544 in
799 1509 939 1544 ecclesiis
964 1509 1090 1543 Ordinis
1114 1510 1176 1543 divi
1201 1510 1364 1544 Benedicti
1390 1510 1424 1542 in
1447 1510 1533 1543 festis
1558 1509 1702 1543 eiusdem
1727 1509 1758 1543 S.
1787 1510 1843 1543 Be-

392 1563 510 1598 nedicti
536 1575 573 1598 ac
596 1563 642 1598 Ss.
670 1563 878 1604 Sbolasticae,
903 1563 1022 1597 Placidi
1046 1568 1076 1596 et
1100 1564 1211 1603 Mauri,
1238 1573 1272 1596 ac
1297 1562 1329 1595 in
1354 1562 1405 1596 die
1431 1563 1742 1596 commemorationis
1775 1573 1842 1596 om-

391 1618 479 1651 nium
505 1617 693 1651 Sanctorum
726 1616 853 1651 Ordinis
877 1617 1048 1661 praedicti,
1079 1616 1138 1650 2291
1176 1628 1196 1649 a
1221 1623 1252 1650 et
1276 1617 1310 1658 b;
1341 1616 1415 1650 item
1442 1616 1474 1649 in
1498 1616 1639 1650 ecclesiis
1670 1615 1840 1650 Servorum

392 1671 425 1704 B.
447 1671 486 1704 M.
510 1670 544 1704 V.
569 1672 601 1704 in
631 1671 710 1704 festo
740 1670 771 1703 S.
807 1670 944 1714 Philippi
976 1669 1118 1709 Benitii,
1151 1668 1216 1703 373
1247 1670 1285 1709 b;
1321 1670 1397 1704 item
1429 1669 1461 1703 in
1494 1669 1632 1703 ecclesiis
1663 1670 1842 1704 Praemon-

393 1723 597 1758 stratensium
617 1723 650 1756 in
675 1723 761 1757 sestis
780 1716 1016 1767 Assu'mptionis
1047 1723 1080 1756 B.
1106 1723 1144 1756 M.
1175 1723 1226 1763 V.‚
1252 1722 1300 1756 Ss.
1330 1722 1520 1767 Augustini,
1547 1722 1712 1763 Norberti,
1736 1728 1766 1756 et
1791 1723 1842 1757 die

391 1777 703 1811 commemorationis
728 1776 918 1810 Sanctorum
943 1776 1086 1810 eiusdem
1112 1776 1252 1817 Ordinis,
1283 1776 1342 1809 411
1375 1787 1395 1809 α
1426 1782 1456 1809 6ι
1481 1776 1516 1816 b;
1541 1776 1615 1810 item
1640 1776 1674 1809 in
1699 1776 1842 1811 ecclesiis

392 1831 651 1864 Excalceatorum
676 1830 709 1863 B.
738 1830 775 1863 M.
796 1829 834 1862 de
859 1829 1002 1862 Mercede
1026 1829 1058 1862 in
1082 1829 1169 1863 sestis
1193 1829 1238 1863 Ss.
1263 1830 1348 1863 Petri
1375 1830 1513 1870 Nolasci,
1541 1829 1734 1874 Raymundi,
1760 1831 1843 1864 lose-

392 1883 461 1927 phi,
489 1883 701 1927 Apparitionis
733 1882 762 1916 S.
789 1882 946 1916 Michaelis
976 1882 1184 1926 Archangeli,
1219 1893 1256 1916 ac
1284 1882 1442 1916 dominica
1475 1882 1669 1926 proximiore
1702 1881 1843 1915 kalendis

392 1936 538 1980 augusti,
563 1935 628 1969 452
652 1936 668 1968 b
692 1942 723 1969 et
754 1946 829 1979 seq.;
861 1935 937 1969 item
971 1936 1002 1969 in
1037 1936 1181 1970 ecclesiis
1215 1935 1446 1969 monachorum
1471 1936 1739 1969 Vallisumbrosae
1763 1935 1842 1970 Con-

391 1989 586 2033 gregationis
610 1989 640 2022 in
668 1989 745 2023 sesto
770 1990 869 2023 sancti
896 1990 1020 2023 loannis
1040 1990 1213 2031 Gualberfi,
1241 1988 1305 2022 610
1322 2000 1341 2022 ιι
1363 1995 1394 2022 et
1413 1989 1440 2022 b.

302 2041 525 2086 Indulgentiae
541 2042 881 2076 archiconfratemitati
902 2043 1162 2077 Cincturatorum
1180 2042 1210 2075 S.
1232 2042 1399 2085 Augustini
1421 2052 1605 2083 concessae,
1623 2041 1686 2076 552
1711 2041 1746 2083 h;
1773 2043 1840 2075 cin-

391 2094 509 2128 cturati
535 2094 677 2139 gaudent
701 2094 908 2138 indulgentiis
939 2095 1051 2129 Ordini
1077 2096 1283 2129 eremitarum
1309 2095 1341 2129 S.
1368 2096 1533 2140 Augustini
1560 2096 1718 2130 concessis
1743 2096 1843 2129 trede-

392 2148 454 2182 cim
479 2148 579 2182 Pater
603 2154 633 2182 et
656 2149 721 2182 Ave
751 2155 782 2182 et
819 2150 918 2183 semel
952 2149 1047 2183 Salve
1079 2149 1226 2193 Reqirm,
1260 2151 1306 2184 vel
1338 2150 1515 2194 quinquies
1546 2151 1611 2183 Ave
1647 2149 1839 2191 recitantes,

392 2200 455 2235 553
470 2213 510 2243 a;
535 2202 755 2246 indulgentiae
773 2203 945 2247 abrogatae
963 2203 1002 2236 ob
1020 2202 1196 2236 clausulam
1215 2213 1329 2236 manus
1346 2203 1521 2237 adiutrices
1538 2202 1735 2248 porrigendi,
1754 2202 1843 2236 resti-

394 2260 526 2288 tuuntur
550 2267 567 2288 a
592 2256 745 2299 Gregorio
770 2256 834 2290 Xlll
868 2257 893 2290 si
918 2256 989 2290 loco
1014 2257 1200 2300 porrigendi
1225 2268 1337 2290 manus
1362 2257 1534 2291 adiutrices
1560 2256 1695 2290 recitent
1719 2257 1842 2290 cinctu-

385 2308 452 2355 1³1³
478 2308 650 2353 quinquies
677 2309 769 2343 Pater
793 2316 824 2344 et
848 2310 924 2351 Ave,
941 2310 1005 2344 553
1023 2311 1060 2352 ἰν,
1087 2310 1307 2354 indulgentiae
1332 2311 1408 2356 ipsis
1426 2321 1596 2345 concessae
1621 2311 1651 2344 in
1673 2310 1761 2344 festis
1786 2310 1843 2343 Do-

393 2361 484 2401 mini,
509 2361 573 2394 554
596 2373 615 2394 α
640 2368 670 2396 et
694 2374 755 2406 seq.
775 2375 782 2403 ·,
807 2363 883 2397 item
911 2365 942 2397 in
966 2363 1053 2398 sestis
1077 2365 1109 2397 B.
1134 2365 1172 2398 M.
1193 2365 1244 2406 V.‚
1264 2364 1327 2397 555
1353 2376 1389 2405 (23
1415 2370 1446 2398 et
1471 2364 1703 2408 apostolorum,
1721 2362 1784 2396 556
1801 2374 1840 2403 a,

392 2414 469 2448 item
490 2414 522 2447 in
548 2415 633 2449 festis
658 2416 846 2450 Sanctorum
872 2417 1010 2457 Ordinis,
1038 2417 1101 2451 556
1126 2418 1164 2459 b3
1191 2417 1223 2451 in
1249 2419 1319 2451 aliis
1343 2418 1456 2452 diebus
1474 2419 1560 2459 anni,
1581 2417 1642 2450 557
1660 2417 1692 2457 h;
1719 2417 1752 2449 in
1769 2427 1840 2461 pro-

394 2467 610 2510 cessionibus,
638 2469 701 2502 559
727 2471 768 2511 b;
794 2471 825 2504 in
861 2471 1009 2505 exercitio
1040 2470 1200 2505 bonorum
1229 2482 1363 2516 operum
1382 2499 1389 2513 ,
1414 2470 1479 2505 560
1512 2471 1528 2504 b
1563 2477 1593 2505 et
1617 2481 1703 2513 seq.;
1729 2470 1838 2502 indul-

391 2522 516 2565 gentiae
539 2524 800 2566 procuratoribus
832 2525 1121 2565 confraternitatis,
1149 2524 1209 2558 561
1247 2536 1288 2565 α;
1325 2525 1540 2558 benefactores
1572 2521 1840 2558 confraternitatis

392 2575 586 2618 participant
601 2576 711 2610 omnia
734 2578 819 2612 bona
844 2589 923 2622 quae
947 2578 1029 2613 fiunt
1053 2580 1084 2613 in
1109 2583 1174 2612 tota
1198 2579 1337 2613 Ecclesia
1362 2579 1529 2619 militante,
1555 2577 1646 2618 ibid.;
1673 2576 1841 2619 indulgen·

393 2629 452 2662 tias
469 2629 588 2663 directe
613 2630 659 2663 vel
683 2641 739 2674 per
763 2633 1088 2666 communicationem
1112 2642 1279 2666 concessas
1304 2632 1413 2666 Ordini
1438 2630 1630 2676 participant
1656 2628 1837 2667 cincturati‚

394 2681 451 2716 561
483 2682 520 2722 ὁ;
553 2683 632 2717 aliae
669 2683 885 2729 indulgentiae
915 2692 945 2721 et
981 2685 1143 2730 privilegia
1179 2685 1263 2720 vivae
1298 2685 1381 2721 vocis
1415 2684 1544 2719 oraculo
1575 2683 1678 2718 eidem
1709 2682 1840 2718 confram
