2279 3260
252 233 302 260 Λη.
320 233 347 260 c.
373 234 439 261 1670
486 225 549 258 104

447 288 560 315 eorum
582 283 765 326 quempiam
779 284 920 327 desuper
937 284 1181 326 quomodolibet
1199 287 1200 290 ’

323 926 436 949 [ἱοιγυμῑίο

251 955 414 972 rniitrurtutum.

444 335 591 369 indebito
625 337 800 376 molestari,
834 336 1027 379 perturbari,
1054 335 1181 378 inquie-

445 388 504 420 tari
538 389 584 421 vel
611 388 781 432 impediri,
808 388 1063 421 contradictores
1090 370 1201 429 quos-l

1025 235 1202 259 amantium
1228 235 1377 259 nomxmt

1223 288 1291 321 tus,
1320 283 1592 324 I'edemontaims,
1620 282 1778 315 admissus
1802 291 1878 315 xxm
1904 280 1958 314 de-

1223 335 1361 367 cembris
1385 344 1523 368 itucmxv.

1267 387 1303 419 R.
1317 387 1349 419 P.
1363 387 1397 419 D.
1415 387 1547 420 lacobus
1559 387 1768 426 Lombardus,
1780 386 1960 419 Ferrarien-

444 440 526 474 libet
543 446 574 473 et
589 442 731 474 rebelles
745 452 804 484 per
821 440 1008 480 sententias,
1027 449 1181 471 censuras
1223 439 1280 478 sis,
1295 439 1453 472 admissus
1472 450 1543 473 xxix
1561 439 1744 472 decembris
1770 448 1908 472 MDCLXV.

445 498 477 526 ct
502 504 622 536 poenas
648 493 883 526 ecclesiasticas
909 492 1036 534 aliaque
1068 501 1181 534 oppor-

1268 491 1304 522 R.
1332 491 1365 523 P.
1392 491 1426 525 D.
1456 491 1541 523 Felix
1569 502 1586 523 a
1610 491 1641 524 S.
1662 491 1766 530 Petro,
1785 491 1958 531 Romanus,

447 551 522 579 tuna
544 546 621 579 iuris
638 552 669 579 et
686 546 758 579 sacti
785 546 940 584 remedia,
961 544 1181 587 appellatione
1201 586 1202 591 1
1224 542 1464 586 protonotarius
1504 543 1702 586 apostolicus
1743 544 1781 576 de
1822 553 1960 576 numero

446 599 648 642 postposita,
676 599 913 642 compescendo
932 625 938 638 ‚
965 597 1181 639 legitimisque

1224 595 1511 638 participantium,
1549 596 1706 628 admissus
1747 606 1845 630 xxV111
1880 595 1960 628 iunii

445 663 542 695 super
562 651 610 684 liis
633 652 790 685 habendis
810 651 946 683 servatis
965 649 1182 693 processibus,
1202 664 1203 680 l
1225 657 1402 681 nnetxvm.

444 714 594 737 censuras
620 709 650 737 ct
675 715 796 747 poenas
826 703 912 746 ipsas
937 702 1032 735 etiam
1059 701 1181 734 iteratis

443 756 567 789 vicibus
594 756 815 799 aggravando,
846 756 996 788 invocato
1022 754 1117 787 etiam
1143 755 1182 786 ad

446 810 519 850 hoc,
548 809 574 841 si
601 820 681 852 opus
708 808 822 849 suerit,
845 807 962 841 auxilio
988 806 1110 840 brachii
1136 817 1183 839 se-

446 862 534 895 laris.

490 916 504 957 §
529 915 559 947 6.
587 914 653 947 Non
679 914 892 954 obstantibus,
920 913 1025 957 quoad
1045 924 1081 946 ea
1101 923 1182 955 quae

446 967 671 1011 praesentibus
688 968 906 1007 adversantur,
922 966 1114 1010 supradictis
1127 965 1184 998 Ur-

446 1021 521 1053 bani
546 1019 807 1063 praedecessoris
828 1019 953 1059 litteris,
974 1029 1099 1052 necnon
1117 1029 1184 1051 om-

446 1073 540 1106 nibus
565 1078 596 1105 et
620 1073 755 1115 singulis
782 1073 854 1112 illis,
877 1083 960 1116 quae
983 1072 1015 1104 in
1041 1072 1087 1104 eis
1107 1082 1184 1104 con-

446 1137 536 1159 cessa
560 1131 634 1158 sunt
659 1136 723 1158 non
750 1125 888 1165 obstare,
908 1124 1089 1168 ceterisque.
1108 1135 1184 1157 con-

447 1178 553 1211 trariis
579 1178 845 1221 quibuscumque.

491 1232 602 1264 Datum
628 1231 760 1271 Romae,
789 1231 874 1274 apud
900 1231 931 1264 S.
959 1230 1089 1263 Mariam
1122 1231 1205 1265 llla-¹

605 1283 664 1316 sub
690 1284 811 1316 annulo
838 1283 1023 1322 Piscatoris,
1045 1283 1096 1315 die
1128 1279 1205 1316 xxx¹

447 1283 549 1317 iorem
571 1311 578 1323 ,

447 1337 573 1379 augusti
624 1346 749 1369 MDchx
777 1362 783 1375 ,
832 1335 1038 1379 pontificatus
1082 1335 1183 1368 nostri

448 1400 533 1422 anno
561 1400 583 1422 L

483 1451 541 1478 Dat.
562 1451 606 1478 die
626 1451 660 1477 30
680 1450 785 1485 augusti
809 1450 885 1484 1670,
907 1449 1002 1485 pontis.
1019 1455 1122 1476 annot.

446 1530 590 1563 Nomina
614 1529 917 1562 illustrissimorum
943 1533 970 1561 et
994 1527 1187 1560 reverendis-

490 1583 648 1615 simorum
681 1582 888 1616 dominorum
925 1582 1186 1614 abbreviatarum

490 1640 566 1668 sunt
586 1646 669 1679 quae
693 1640 898 1679 sequuntur:

492 1702 529 1735 R.
557 1702 590 1734 P.
618 1701 653 1734 D.
680 1701 831 1734 Nicolaus
863 1700 997 1744 Oregius
1031 1711 1046 1733 e
1072 1701 1103 1733 S.
1131 1700 1207 1733 So-:

448 1755 541 1799 phia,
573 1755 714 1787 decanus
738 1764 934 1797 proregens,
964 1753 1123 1786 admissus
1150 1764 1185 1787 111

449 1808 628 1841 decembris
654 1818 804 1841 uncxuv.

493 1862 530 1894 R.
557 1861 590 1894 P.
611 1861 646 1893 D.
673 1861 809 1893 loannes
831 1860 1027 1903 Augustinus
1050 1860 1188 1893 Vicenti-

449 1925 532 1955 nus,
559 1913 737 1954 Reatinus,
776 1913 936 1946 admissus
970 1923 1007 1946 xx
1050 1912 1186 1946 ianuarii

448 1977 580 2002 MDCLVI.

494 2020 531 2053 R.
553 2020 587 2052 P.
608 2019 643 2052 D.
670 2019 849 2053 Ludovicus
874 2019 1011 2060 Arboua,
1037 2019 1188 2053 Mediola-

449 2073 569 2113 nensis,
596 2072 753 2106 admissus
777 2083 839 2106 xx11
864 2073 976 2116 aprilis
1002 2082 1130 2106 nnemx.

494 2126 531 2159 R.
553 2126 585 2158 P.
608 2126 643 2159 D.
671 2126 782 2159 Petrus
807 2126 988 2167 Alberinus,
1015 2126 1185 2167 Romanus,

449 2190 560 2213 sacrae
585 2180 756 2212 consultae
781 2190 907 2222 ponens
927 2206 934 2220 ‚
968 2179 1127 2213 admissus
1151 2190 1188 2213 xx

450 2232 563 2276 aprilis
588 2242 708 2266 MDCLx.

494 2286 532 2320 R.
548 2286 581 2319 P.
597 2286 633 2319 D.
649 2286 785 2319 Ioannes
799 2286 939 2326 Bussius,
954 2286 1127 2327 Romanus,
1143 2297 1189 2319 sa-

451 2349 524 2374 crae
539 2339 803 2382 congregationis
818 2340 1053 2373 Avenionensis
1068 2345 1187 2380 votans,

451 2399 481 2427 et
499 2403 607 2426 sacrae
622 2393 889 2435 Congregationis
907 2393 1071 2436 aquarum
1087 2403 1190 2425 secrc-

453 2447 566 2487 tarius,
593 2446 751 2479 admissus
769 2457 799 2479 x1
819 2446 929 2489 aprilis
953 2438 1083 2479 mnam.

496 2500 533 2532 R.
561 2499 595 2532 P.
623 2499 657 2531 D.
686 2499 873 2531 Franciscus
899 2498 1038 2537 Filicaia,
1057 2499 1189 2532 Floren-

453 2553 549 2592 tinus,
578 2552 737 2584 admissus
763 2562 821 2585 xxx
845 2552 921 2584 maii
946 2562 1076 2585 noemi.

497 2605 534 2638 R.
562 2604 597 2643 P.
624 2604 659 2639 D.
686 2604 823 2639 Ioannes
843 2604 1028 2638 Dominicus
1053 2604 1189 2637 Thoma-

1268 701 1305 733 R.
1333 700 1366 732 P.
1387 700 1422 733 D.
1446 700 1630 733 Dominicus
1655 701 1878 742 Paraccianus,
1900 700 1963 734 Ro-

1224 764 1346 792 manus,
1374 753 1530 785 admissus
1554 763 1617 786 xvu
1643 753 1717 786 maii
1742 763 1878 786 MDCLxx.

1270 805 1306 837 R.
1327 806 1360 837 P.
1380 805 1415 837 D.
1433 806 1568 838 Ioannes
1584 805 1774 838 Franciscus
1785 805 1876 846 Rota,
1895 805 1953 839 Cre

1226 858 1399 897 monensis,
1426 857 1582 890 admissus
1605 868 1657 890 iux
1681 857 1762 890 iunii
1792 867 1928 891 MDCLxx.

1269 911 1305 942 R.
1323 911 1355 942 Ρ.
1373 911 1407 943 D.
1427 910 1563 942 loannes
1583 909 1723 952 Baptista
1738 910 1777 943 de
1798 910 1890 950 Silva,
1908 910 1966 943 Me-

1226 963 1436 1004 diolanensis,
1463 963 1622 995 admissus
1649 973 1698 996 xxi
1724 962 1803 995 iunii
1827 972 1963 996 MDCLxx.

1548 1112 1641 1145 XXX.

1228 1192 1436 1234 Confirmatio
1461 1197 1489 1225 el
1514 1192 1656 1223 extensio
1678 1191 1864 1223 litterarum
1892 1192 1968 1225 Gre—

1269 1246 1356 1288 yorii
1379 1246 1469 1278 XIII
1492 1250 1519 1277 el
1544 1245 1668 1277 Urbani
1696 1245 1779 1277 VIII
1798 1244 1834 1276 de
1852 1255 1965 1276 mona-

1269 1299 1338 1330 chis
1364 1297 1500 1331 Ordinis
1524 1297 1631 1330 sancti
1661 1297 1831 1329 Benedicti
1854 1296 1897 1329 ad
1920 1298 1969 1339 [u-

1270 1360 1358 1382 vores
1381 1350 1570 1392 principum
1594 1353 1622 1381 et
1648 1349 1810 1389 altorum,
1837 1359 1894 1392 pro
1918 1360 1969 1381 as-

1270 1402 1440 1445 sequendis
1463 1402 1673 1444 pruelaluris,
1699 1402 1915 1444 diynitatibus
1940 1406 1969 1435 et

1271 1456 1350 1488 aliis
1375 1455 1486 1497 officiis
1509 1453 1781 1488 reem-rentibus¹.

1455 1535 1588 1562 Clemens
1610 1535 1687 1569 Papa
1707 1535 1740 1568 X,

1348 1579 1384 1606 ad
1403 1582 1580 1613 perpetuam
1599 1578 1644 1606 roi
1665 1578 1835 1606 memoriam

1272 1650 1435 1684 Ecclesiae
1460 1649 1638 1683 catholicae
1664 1649 1825 1692 regimini,
1840 1649 1965 1683 meritis

1229 1704 1304 1737 licet
1318 1702 1506 1746 imparibus,
1524 1703 1629 1735 divina
1642 1702 1861 1746 tlispositione
1875 1713 1968 1746 prae-

1229 1756 1382 1797 sidentes,
1413 1756 1483 1796 illa,
1510 1766 1592 1799 quae
1618 1766 1635 1788 a
1660 1755 1812 1789 Romanis
1837 1755 1969 1789 Pontifi-

1230 1809 1341 1842 ficibus
1365 1808 1672 1852 praedecessoribus
1697 1808 1831 1849 nostris,
1855 1808 1894 1841 ad
1919 1819 1970 1841 re-

1230 1862 1401 1895 cidendam
1434 1867 1466 1895 et
1497 1861 1730 1895 excludendam
1760 1873 1777 1894 a
1807 1861 1970 1904 religiosis

1229 1915 1315 1956 viris,
1336 1925 1416 1958 quos
1434 1914 1467 1947 in
1485 1915 1676 1948 humilitatis
1691 1914 1805 1958 spiritu
1822 1914 1888 1948 Deo
1909 1925 1970 1948 ser-

1231 1968 1296 2001 vire
1322 1968 1422 2007 decet,
1445 1967 1650 2000 ambitiosam
1676 1968 1839 2000 honorum
1863 1973 1896 2000 et
1923 1967 1970 2001 di-

1231 2020 1387 2064 gnitatum
1404 2020 1626 2062 cupiditatem,
1646 2019 1699 2063 pie
1725 2020 1969 2064 prudenterque

1231 2073 1405 2107 constituta
1420 2083 1488 2105 esse
1507 2077 1693 2112 noscuntur,
1713 2072 1882 2115 apostolici
1901 2083 1970 2105 mu-

1231 2126 1362 2160 niminis
1387 2126 1487 2159 nostri
1513 2125 1693 2169 patrocinio
1729 2125 1869 2160 libenter
1892 2136 1970 2159 con-

1231 2179 1418 2218 stabilimus,
1448 2179 1605 2221 novisque
1630 2178 1813 2221 praesidiis,
1838 2184 1873 2211 ut
1901 2189 1970 2211 ser-

1230 2237 1344 2266 ventur
1368 2231 1518 2271 exactius,
1545 2231 1804 2272 corroboramus,
1826 2232 1910 2265 sicut
1931 2223 1971 2265 ad

1231 2284 1464 2329 omnipotentis
1488 2285 1544 2317 Dei
1577 2284 1715 2327 gloriam
1749 2290 1781 2317 et
1803 2283 1971 2327 religionis

1232 2339 1468 2371 incrementum
1488 2337 1664 2371 salubriter
1688 2337 1842 2381 expedire
1859 2337 1892 2370 in
1909 2337 1971 2371 Do-

1231 2391 1319 2424 mino
1344 2390 1548 2425 arbitramur.

1267 2480 1278 2506 1
1302 2479 1472 2506 Consimilem
1494 2479 1638 2506 materiam
1658 2478 1743 2506 habes
1762 2487 1842 2514 supra
1857 2479 1884 2506 in
1900 2479 1969 2507 Con-

1230 2523 1286 2551 stit.
1307 2530 1426 2557 ncxxm,
1449 2525 1602 2557 Quoniam,
1623 2523 1726 2550 Urbani
1746 2523 1899 2555 V111‚tom.
1915 2531 1968 2555 xiv,

1232 2576 1291 2602 pag.
1308 2569 1370 2600 698,
1391 2571 1417 2594 et
1436 2569 1526 2595 tlonst.
1543 2575 1620 2603 xvui,
1641 2568 1734 2601 Alias,
1754 2568 1897 2595 Alexandri
1912 2567 1967 2603 vll,

1232 2617 1296 2640 tom.
1319 2620 1371 2646 xvi,
1394 2622 1444 2648 pag
1475 2613 1518 2640 30.

1964 232 2014 259 An.
2033 232 2061 259 C.
2085 232 2153 260 ¹670

2004 1660 2145 1681 Prooemium.
