2279 3260
219 247 266 272 Λι».
284 246 312 272 c.
338 244 403 271 1072
449 236 513 269 ἔνι-0

255 2150 367 2171 Decretum
385 2151 413 2170 ir-

230 2181 303 2197 l‘llsssss.

413 305 551 335 eausam,
571 294 763 338 acquisitum
788 294 884 326 fuisse
909 293 958 325 vel
983 302 1073 331 esse,
1097 294 1151 322 aut

415 347 686 390 quandocumque
723 346 845 390 acquiri
878 346 927 378 vel
964 347 1149 386 competere

415 410 519 442 posse,
541 401 595 433 sed
622 401 677 434 illa
695 399 802 433 omnia
819 404 850 431 et
867 397 993 439 singula
1008 406 1067 439 pro
1086 405 1150 427 non

417 453 505 486 saetis
527 464 585 485 nec
606 453 714 495 gestis,
735 451 869 495 perinde
891 460 926 482 ac
943 450 968 481 si
986 458 1149 491 nunquam

416 511 633 544 emanassent,
651 510 808 548 perpetuo
829 502 942 535 haberi
962 502 1093 540 debere,
1107 506 1152 532 te-

417 569 495 591 nore
521 557 740 601 praesentium
766 555 972 588 decernimus
994 558 1027 586 et
1047 553 1152 586 decla-

417 622 549 651 ramus·‚
577 610 729 653 (piinimo,
756 609 794 641 ad
820 608 975 640 maiorem
1000 611 1033 639 et
1053 606 1152 638 abun-

417 664 600 696 dantiorem
626 662 805 700 cautelam,
832 666 864 693 et
888 665 1046 703 quatenus
1071 669 1153 701 opus

417 716 477 754 sit,
504 715 560 747 illa
584 714 694 747 omnia
718 719 749 746 et
773 713 900 755 singula
925 712 1041 744 harum
1068 710 1151 743 serie

417 768 638 810 reprobamus,
666 776 837 805 cassamus,
858 764 1023 797 irritamus
1048 768 1080 796 et
1100 773 1154 795 an-

418 820 574 852 nullamus
608 818 793 860 viribusque
824 822 856 850 et
880 816 994 850 effectu
1026 815 1154 859 penitus

417 872 550 903 omnino
569 881 748 909 vacuamus,
767 880 803 902 ac
823 870 975 902 adversus
995 868 1059 909 illa,
1078 879 1154 911 qua-

419 930 511 956 tenus
529 924 568 956 de
596 924 676 956 sacto
703 927 945 966 processerunt,
965 922 1155 965 metropoli-

419 982 525 1008 tanam
542 975 712 1009 ecclesiam
729 981 761 1009 et
778 975 969 1018 dignitatem
995 974 1155 1017 archiepi-

418 1030 581 1072 scopalem
606 1029 796 1062 Ianuensein
823 1028 1155 1071 p1·aedictaS,ipsum-

419 1093 481 1124 que
498 1082 651 1114 loannem
668 1082 840 1125 Baptistam
858 1081 1152 1124 archiepiscopum,

419 1135 451 1167 in
477 1134 640 1177 integrum
663 1140 694 1168 et
718 1134 898 1178 pristinum,
917 1134 1001 1166 acin
1023 1144 1105 1173 eum,
1122 1133 1153 1165 in

420 1198 502 1230 quo,
530 1193 704 1230 antequam
733 1187 898 1230 praedicta
923 1186 1074 1219 tractatio
1099 1197 1153 1218 seu

419 1241 591 1273 conventio
616 1240 752 1273 iniretur
770 1245 823 1272 aut
840 1240 879 1272 de
907 1241 945 1272 ea
962 1244 1156 1272 tractaretur

420 1294 468 1325 vel
486 1293 685 1335 cogitaretur
703 1292 960 1335 quomodolibet,
978 1297 1080 1331 erant,
1098 1296 1156 1323 sta-

421 1353 487 1379 tum
512 1346 721 1387 restituimus,
744 1346 931 1389 reponimus
960 1351 991 1379 et
1010 1345 1155 1388 plenarie

420 1399 665 1441 reintegramus.

463 1453 478 1495 ἓ
511 1452 542 1485 3.
568 1452 731 1495 ¹Quocirca
760 1451 928 1494 praedicto
961 1451 1070 1484 loanni
1099 1451 1157 1483 Ba-

279 1498 360 1537 ¹‘'1'.‹‘0
377 1497 395 1510 '⁰
420 1506 535 1548 ptistae
561 1505 818 1548 archiepiscopo,
839 1505 870 1537 in
888 1505 1001 1537 virtute
1026 1510 1155 1537 sanctae

420 1558 625 1590 obedientiae
663 1568 699 1590 ac
738 1557 798 1590 sub
834 1557 1068 1599 indignationis
1103 1568 1157 1590 no—

421 1616 505 1643 strae
524 1611 659 1653 aliisque
685 1610 809 1642 arbitrii
836 1610 934 1643 nostri
954 1610 1081 1653 poenis,
1099 1621 1157 1653 per

420 1669 611 1707 praesentes
642 1663 861 1706 praecipimus
888 1668 919 1696 et
943 1663 1154 1703 mandamus,

419 1722 454 1748 ut
478 1717 586 1749 sedem
611 1716 923 1759 archiepiscopalem
944 1716 1156 1759 praedictam,

419 1772 483 1802 una
510 1781 580 1803 cum
604 1770 801 1803 baldachino
827 1780 925 1813 super
954 1769 1115 1812 imposito,
1141 1780 1156 1801 a

420 1833 521 1855 cornu
547 1823 702 1866 epistolae
728 1822 1041 1866 sicutpraemittitur
1060 1824 1158 1856 collo-

421 1881 532 1916 catam,
552 1876 627 1909 iude
652 1876 736 1909 intra
756 1876 906 1916 triduum,
933 1887 950 1909 a
975 1876 1026 1909 die
1052 1876 1157 1909 notifi-

421 1928 556 1962 cationis
570 1929 715 1972 ipsorum
736 1929 956 1972 praesentium
975 1928 1156 1962 litterarum

422 1992 480 2014 seu
506 1992 617 2014 earum
643 1982 800 2015 assixionis
817 1983 856 2014 ad
882 1983 987 2015 valvas
1013 1982 1156 2014 eiusdem

422 2034 576 2068 ecclesiae
595 2035 841 2075 numerandum,
863 2035 994 2068 omnino
1015 2040 1159 2067 amoveat

423 2094 454 2120 et
474 2087 617 2120 amoveri
643 2094 743 2120 curet.

468 2141 482 2183 ἓ
501 2140 531 2172 5.
551 2140 767 2173 Deeernentes
784 2140 906 2183 pariter
922 2140 1053 2173 easdem
1070 2151 1156 2183 prae·

425 2199 532 2226 sentes
556 2192 680 2225 litteras
704 2199 736 2226 et
760 2193 791 2225 in
817 2193 862 2225 eis
887 2198 1038 2225 contenta
1063 2203 1159 2235 quae-

425 2256 571 2289 cumque,
589 2245 684 2278 etiam
710 2256 747 2278 ex
773 2257 811 2278 eo
842 2246 930 2289 quod
948 2246 1081 2278 loannes
1102 2246 1159 2277 Ba-

424 2299 522 2342 ptista
546 2298 825 2341 archiepiscopus,
845 2309 880 2330 ac
900 2299 963 2331 dux
988 2303 1020 2330 et
1043 2297 1160 2340 guber—

425 2359 566 2392 natores,
596 2352 716 2395 aliique
741 2352 885 2395 praefati,
913 2356 944 2384 et
967 2352 1064 2384 ceteri
1089 2351 1159 2394 qui-

424 2417 561 2448 cumque
589 2405 621 2437 in
639 2405 824 2448 praemissis
841 2415 898 2438 seu
919 2414 1031 2437 eorum
1051 2404 1159 2447 aliquo

423 2458 472 2491 ius
498 2460 547 2491 vel
582 2457 739 2490 interesse
766 2457 924 2490 habentes
956 2467 1014 2489 seu
1039 2457 1159 2489 habere

424 2510 673 2554 quomodolibet
690 2511 952 2553 praetendentes,
978 2510 1160 2543 cuiuscum-

424 2574 486 2607 que
503 2568 617 2604 status,
640 2563 768 2606 gradus,
786 2563 916 2603 ordinis,
943 2563 1162 2605 praeeminen-

426 2617 487 2650 tiae
513 2622 545 2650 et
569 2616 732 2660 dignitatis
757 2616 908 2658 existant,
925 2615 986 2649 illis
1003 2626 1067 2649 non
1086 2626 1161 2648 con-

993 243 1174 267 'BULLARIUM
1201 241 1349 266 ROMxNUM

1193 289 1363 329 senserint,
1383 300 1443 322 nec
1463 289 1502 322 ad
1527 300 1564 322 ca
1589 287 1704 329 vocati,
1722 287 1808 320 citati
1827 292 1859 319 et
1875 296 1928 318 au-

1194 341 1262 381 diti,
1288 352 1391 384 neque
1416 352 1547 381 causae,
1573 346 1706 384 propter
1731 350 1810 382 quas
1835 349 1929 382 prae-

1194 398 1303 425 sentes
1330 393 1457 426 litterae
1482 393 1672 433 emanarint,
1697 392 1930 431 adductae,ve·

1195 445 1335 477 risicatae
1367 450 1399 477 et
1423 445 1611 478 iustificatae
1643 444 1779 485 suerint,
1812 448 1868 476 aut
1892 454 1929 475 ex

1195 498 1256 530 alia
1286 508 1486 540 quacumque
1512 497 1713 540 quantumvis
1739 496 1873 529 iuridica
1898 500 1931 528 et

1196 550 1397 593 privilegiata
1422 551 1528 589 eausa,
1553 551 1673 589 colore,
1699 554 1869 593 praetextu
1898 554 1930 581 et

1195 603 1319 645 capite,
1349 602 1445 635 etiam
1469 602 1502 634 in
1526 612 1663 645 corpore
1696 602 1771 635 iuris
1800 603 1928 641 clauso,

1196 655 1290 687 etiam
1317 654 1472 695 enormis,
1499 654 1742 687 enormissimae
1767 659 1799 687 et
1823 654 1931 687 totalis

1174 713 1175 728 ³
1196 708 1358 747 laesionis,
1377 708 1467 740 nullo
1481 718 1624 750 unquam
1640 713 1786 750 tempore
1800 707 1839 740 de
1858 708 1933 739 sub-

1197 759 1356 803 reptionis
1384 760 1434 792 vel
1467 759 1671 802 obreptionis
1697 764 1750 791 aut
1773 759 1932 792 nullitatis

1196 812 1292 852 vitio,
1319 824 1374 843 seu
1401 812 1591 844 intentionis
1617 817 1747 844 nostrae
1773 818 1827 844 aut
1851 811 1933 844 iute-

1197 876 1282 898 resse
1308 865 1495 898 habentium
1514 863 1720 904 consensus¹‚
1739 864 1842 897 aliove
1857 875 1934 907 quo-

1199 919 1275 952 libet
1300 919 1395 951 etiam
1425 917 1627 961 quantumvis
1652 927 1770 960 magno
1796 922 1828 950 et
1859 918 1934 949 sub-

1198 971 1341 1004 stantiali
1354 982 1389 1003 ac
1402 970 1621 1013 inexcogitato
1638 976 1669 1002 et
1683 970 1933 1012 inexcogitabili,

1198 1025 1460 1067 imlividuaimpie
1488 1023 1730 1066 expressionem
1748 1022 1934 1065 requirente

1199 1078 1324 1110 defectu
1345 1077 1459 1117 notari,
1478 1076 1670 1119 impugnari,
1689 1075 1867 1115 invalidari,
1887 1075 1935 1107 in-

1199 1130 1306 1172 fringi,
1334 1129 1499 1162 retractari
1517 1156 1524 1169 ‚
1551 1129 1583 1161 in
1608 1128 1861 1161 controversiam
1884 1139 1936 1160 vo-

1199 1183 1274 1222 cari,
1301 1189 1354 1215 aut
1379 1183 1417 1215 ad
1445 1182 1601 1214 terminos
1625 1181 1704 1214 iuris
1728 1181 1849 1220 reduci,
1876 1191 1935 1213 scu

1198 1237 1351 1268 adversus
1376 1236 1447 1268 illas
1465 1234 1653 1277 aperitionis
1670 1234 1747 1274 oris,
1766 1234 1937 1266 restitutio-

1199 1289 1248 1320 nis
1274 1288 1305 1320 in
1324 1288 1496 1330 integrum,
1517 1286 1587 1320 aut⁴²
1604 1287 1690 1319 aliud
1709 1287 1934 1329 (plodcumque

1200 1341 1285 1380 iuris,
1313 1341 1384 1373 sacti
1406 1341 1455 1372 vel
1480 1339 1601 1382 gratiae
1624 1339 1804 1372 remedium
1829 1338 1937 1371 inten-

1201 1394 1259 1426 tari
1284 1395 1331 1426 vel
1359 1393 1545 1436 impetrari,
1573 1403 1630 1426 seu
1661 1392 1853 1435 impetrato,
1882 1398 1936 1425 aut

1199 1446 1295 1479 etiam
1321 1452 1421 1487 motu,
1448 1446 1584 1479 seientia
1609 1451 1640 1479 et
1672 1445 1842 1488 potestatis
1867 1446 1936 1488 ple·
1976 1474 1978 1476 ,

1200 1500 1346 1532 nitudine
1372 1499 1502 1543 paribus
1529 1509 1682 1531 concesso
1700 1499 1749 1531 vel
1778 1502 1935 1537 emanato,

1201 1553 1384 1596 quempiam
1410 1553 1441 1584 in
1466 1552 1586 1585 iudicio
1612 1553 1660 1585 vel
1687 1557 1776 1584 extra
1793 1551 1873 1584 illud
1891 1552 1934 1584 uti

1200 1616 1255 1638 seu
1282 1616 1316 1638 se
1343 1605 1452 1638 iuvare
1479 1615 1591 1647 posse;
1613 1605 1669 1637 sed
1687 1604 1771 1647 ipsas
1788 1614 1937 1647 praesen-

1202 1664 1247 1691 tes
1266 1658 1389 1692 litteras
1404 1669 1533 1701 semper
1553 1657 1670 1697 firmas,
1685 1657 1806 1690 validas
1824 1662 1856 1690 et
1872 1657 1937 1690 essi-

1200 1722 1290 1744 caces
1315 1712 1456 1743 existere
1471 1716 1504 1743 et
1517 1711 1596 1750 sore,
1613 1721 1752 1754 suosque
1772 1710 1935 1754 plenarios

1201 1770 1233 1798 et
1256 1765 1400 1807 integros
1426 1763 1558 1796 ell'ectus
1581 1763 1689 1796 sortiri
1722 1769 1753 1796 et
1777 1763 1936 1804 obtinere,

1200 1828 1236 1850 ac
1261 1818 1299 1850 ab
1325 1817 1476 1850 omnibus
1494 1822 1525 1849 et
1546 1817 1694 1859 singulis⁷
1712 1817 1750 1849 ad
1770 1827 1850 1859 quos
1867 1826 1938 1858 spe-

1201 1876 1264 1903 ctat
1282 1875 1312 1903 et
1329 1880 1386 1913 pro
1412 1875 1555 1912 tempore
1577 1869 1847 1911 quandocumque
1866 1879 1937 1911 spe-

1201 1923 1320 1962 ctabit,
1347 1922 1582 1954 inviolabiliter
1606 1927 1636 1954 et
1666 1921 1854 1954 inconcusse
1880 1922 1937 1953 ob-

1201 1975 1340 2016 servari,
1358 1975 1469 2017 sicque
1489 1980 1520 2007 et
1537 1985 1599 2007 non
1621 1974 1715 2007 aliter
1731 1974 1763 2006 in
1784 1974 1937 2017 praemis-

1201 2029 1243 2061 sis
1268 2040 1326 2071 per
1351 2038 1574 2071 quoscumque
1600 2027 1722 2060 iudices
1754 2027 1936 2060 ordinarios

1202 2088 1233 2115 et
1247 2083 1425 2124 delegatos,
1437 2082 1533 2114 etiam
1547 2091 1714 2113 causarum
1729 2080 1811 2112 sacri
1826 2080 1936 2123 palatii

1201 2135 1371 2179 apostolici
1396 2135 1570 2174 auditores,
1593 2144 1627 2166 ac
1651 2133 1682 2166 S⁴
1710 2133 1746 2165 R.
1774 2133 1808 2165 E.
1837 2133 1939 2165 cardi-

1203 2191 1302 2228 nales,
1320 2188 1414 2221 etiam
1433 2189 1471 2221 de
1491 2189 1590 2220 latere
1616 2189 1739 2229 legatos
1758 2192 1790 2219 et
1806 2188 1938 2230 Aposto-

1203 2243 1281 2275 licae
1307 2242 1397 2274 Sedis
1428 2241 1584 2281 nuncios,
1612 2246 1644 2273 et
1668 2241 1748 2273 alios
1774 2240 1939 2283 quoslibet

1202 2306 1405 2339 quacumque
1436 2294 1692 2337 praeeminentiz'i
1724 2298 1755 2326 et
1778 2298 1938 2337 potestate

1203 2350 1372 2391 fungentes
1391 2353 1422 2380 et
1439 2348 1612 2387 suncturos,
1627 2347 1750 2379 sublata
1770 2346 1815 2379 eis
1833 2352 1865 2379 et
1884 2356 1939 2378 eo-

1202 2412 1272 2433 rum
1300 2400 1431 2433 cuilibet
1456 2400 1566 2442 quavis
1592 2398 1686 2432 aliter
1711 2398 1874 2432 iudicandi
1908 2404 1940 2430 et

1203 2452 1436 2496 interpretandi
1463 2453 1613 2485 facultate
1632 2457 1662 2485 et
1676 2452 1878 2492 auctoritate,
1895 2451 1940 2483 iu—

1205 2506 1303 2540 dicari
1330 2511 1360 2538 et
1384 2506 1511 2538 deliniri
1537 2505 1668 2545 debere,
1687 2515 1723 2537 ac
1754 2504 1880 2537 irritum
1907 2509 1939 2536 et

1241 2579 1250 2604 1
1274 2577 1339 2604 Male
1360 2577 1424 2603 edit.
1441 2576 1518 2602 Maia.
1540 2575 1602 2610 legit
1622 2584 1760 2602 consensu.
1778 2576 1817 2610 (n.
1837 2575 1886 2610 τ.).

1238 2622 1255 2648 2
1276 2621 1438 2648 Particulam
1459 2624 1509 2648 aul
1530 2629 1577 2648 nos
1596 2619 1718 2646 addimus
1737 2622 1774 2656 (R.
1790 2621 1839 2653 T.).

1938 236 1986 262 λη.
2007 235 2034 262 C.
2054 235 2120 261 1672
