2279 3260
232 243 280 268 Aa.
303 242 332 268 C.
357 242 422 268 1675

259 778 328 797 'sens-1-
337 777 416 797 decreti

234 804 320 828 capituti
333 809 418 827 genera-

234 830 272 851 lis,
288 836 329 855 quo
351 831 418 848 :lictus

236 856 343 881 rturppuz
382 856 418 875 sut(

234 885 318 901 creatu<
353 882 419 901 :il-bas

234 909 259 927 ad
283 908 361 927 titulum
378 908 417 928 SS.

235 934 344 954 Trinitatis
359 935 418 955 Caie-

234 962 276 980 tae.

468 232 532 266 5024.
1005 237 1185 263 ammaum

1210 237 1361 264 nonium!
1942 238 1989 264 ltn,
2010 236 2040 263 C.
2063 235 2130 263 1675

426 289 511 322 omni
543 289 709 332 regiminis
733 288 858 323 vinculo
883 299 916 321 sc
942 287 1102 326 abdicare,
1128 290 1161 317 ut
1202 285 1398 327 benevisum,
1426 285 1527 331 ipsius
1552 292 1672 321 tantum
1690 286 1822 321 servitio
1840 285 1936 330 depu-

426 353 465 375 eo
493 342 667 375 ferventius
693 354 729 375 ac
752 341 886 375 liberius
902 339 1076 374 litterarios
1094 348 1162 370 cur-

425 406 477 427 sus
503 395 656 439 prosequi
683 400 798 439 posset,
824 392 977 438 praedicti
1002 391 1162 435 prioratus

425 448 738 481 administrationem
776 439 806 479 in
843 445 984 489 capitulo
1021 441 1161 486 generidi

425 511 588 534 mnctxxm
606 501 721 533 Patavii
741 499 907 533 celebrato
929 503 1045 540 sponte
1071 494 1162 529 dimi-

426 553 487 594 sit,
513 559 545 586 et
573 553 611 586 ab
644 553 758 586 codem
790 551 930 595 capitulo
963 547 1106 592 generali
1130 547 1162 580 in

425 608 605 651 praemium
630 605 857 650 praestitorum
881 604 1030 637 laborum
1055 602 1164 635 decre-

427 666 492 692 tum
518 660 712 702 infrascripti
751 657 872 691 tenoris
909 668 926 689 a
961 654 1163 688 sanctissimo

427 712 563 745 Domino
589 717 701 744 nostro
720 710 942 744 confirmatum
960 707 1117 742 obtinuit:

478 780 490 795 11
506 765 580 798 Cum
599 764 690 808 prior
705 764 808 796 dictus
828 762 999 805 Philippus
1015 761 1054 793 ab
1067 760 1161 800 Urbe,

431 824 558 850 nostrae
592 816 857 859 Congregationis
894 816 996 848 lector
1031 814 1159 846 theolo-

431 882 500 913 gus,
528 870 729 902 examinator
754 874 786 902 ct
817 868 1038 907 concionator,
1063 866 1163 899 unde-

430 922 612 956 cim-annis
639 922 670 954 in
699 922 808 954 multis
830 920 948 954 nostris
980 918 1163 962 conspicuis

429 975 636 1008 monasteriis
661 980 692 1007 et
715 974 905 1018 pracsertim
931 973 1052 1005 Romae
1078 982 1164 1014 egre-

429 1030 480 1071 gie
506 1029 537 1061 in
575 1029 698 1061 lectura
730 1026 926 1060 scholastica
956 1024 1168 1069 publicisque

428 1082 648 1115 functionibus
672 1080 839 1114 litterariis
864 1091 897 1113 se
924 1078 1117 1118 exercuerit,
1134 1082 1164 1110 et

428 1135 635 1168 laudabiliter
660 1134 755 1167 etiam
782 1133 814 1166 in
838 1133 982 1176 prioratu
1005 1130 1164 1165 claustrali

428 1188 616 1221 sexennium
641 1186 861 1230 compleverit,
894 1190 1047 1228 optetque
1080 1194 1166 1216 nunc

429 1241 529 1274 sacris
555 1239 778 1279 concionibus,
816 1238 953 1281 aliisque
983 1238 1164 1270 litterarum

429 1292 612 1326 excercitiis
648 1292 779 1332 mentis,
806 1291 844 1324 ad
871 1295 1001 1323 nostrae
1026 1289 1167 1332 Congre-

429 1346 570 1388 gationis
606 1345 704 1378 decus
737 1344 983 1387 animarumque
1019 1344 1165 1382 lucrum,

429 1398 565 1431 liberius
590 1397 796 1430 incumbere:
816 1396 893 1429 licet
917 1396 947 1428 in
967 1395 1067 1438 gradu
1085 1394 1167 1438 prio—

430 1452 489 1484 rali
526 1451 741 1495 progrediens
782 1454 891 1493 posset
927 1453 958 1481 et
994 1449 1062 1491 ipse
1098 1447 1166 1480 iure

429 1505 546 1538 merito
571 1503 701 1536 abbatia
733 1502 900 1545 regnninis
930 1500 1094 1544 insigniri,
1121 1501 1169 1533 ni-

430 1556 711 1599 11i101nin11<‚quia
736 1557 861 1589 actuale
879 1555 1065 1588 exercitium
1082 1554 1169 1598 prio-

429 1616 516 1643 ratus
541 1622 558 1643 a
582 1609 748 1643 litterariis
768 1609 879 1641 usibus
901 1608 1008 1651 ipsum
1027 1608 1077 1640 vel
1095 1618 1170 1651 pro-

430 1664 524 1696 bibet
569 1664 619 1696 vel
670 1662 829 1703 retardat,
870 1661 991 1694 idcirco
1034 1661 1171 1704 ipsemet

431 1721 548 1760 sponte
575 1727 591 1748 a
617 1715 763 1758 prioratu
788 1719 961 1758 praetenso
987 1723 1056 1746 sese
1082 1713 1170 1746 abdi-

432 1766 524 1799 cavit.
552 1765 616 1798 Nos
635 1771 749 1805 autem,
766 1775 805 1797 ne
832 1770 864 1798 et
888 1763 1040 1797 meritum
1061 1769 1092 1797 et
1108 1764 1170 1797 vir-

432 1824 483 1852 tus
508 1819 576 1851 sine
601 1829 659 1851 suo
685 1817 829 1861 praemio
865 1821 1081 1860 praetereant,
1114 1817 1171 1850 bo·

432 1881 574 1914 numque
616 1871 684 1904 eius
727 1870 926 1903 desidorium
964 1875 996 1902 et
1031 1869 1170 1913 optimae

433 1931 542 1968 partes
568 1924 607 1957 ab
633 1935 669 1957 eo
695 1924 818 1957 electae
844 1923 1025 1956 honoribus
1043 1923 1103 1966 ipsi
1122 1923 1172 1956 de-

433 1978 510 2011 bitis
524 1978 711 2010 nullatenus
725 1977 874 2018 officiant,
887 1978 1035 2011 eumdem
1052 1978 1170 2010 dictum

435 2031 622 2074 Philippum
648 2030 686 2062 ah
712 2029 795 2062 Urbe
813 2040 955 2063 creamus
973 2030 1005 2062 in
1023 2030 1172 2063 abbatem

435 2084 659 2117 Cassinensem
693 2084 731 2116 ad
765 2083 892 2117 titulum
927 2083 980 2116 SS.
1007 2084 1171 2116 Trinitatis

434 2138 571 2177 Caietae,
590 2147 661 2169 cum
687 2136 876 2179 privilegiis,
892 2137 1170 2180 praeeminemus,

435 2190 704 2234 exemptionibus,
730 2189 1016 2232 recognitionibus,
1040 2190 1173 2223 ceteris-

435 2255 497 2288 que
515 2243 665 2277 onmibus
683 2248 714 2275 et
732 2242 868 2285 singulis
890 2242 1034 2283 omnino,
1054 2242 1171 2286 quibus

434 2297 570 2341 praelati
610 2296 709 2329 nostri
753 2296 898 2329 titulares
924 2296 1082 2337 fruuntur,
1119 2295 1170 2339 qui

434 2355 548 2394 sponte
574 2361 588 2382 a
614 2348 772 2392 regimine
797 2348 949 2382 abbatiali
984 2359 1017 2381 se
1048 2349 1174 2382 abdica-

434 2409 570 2437 verunt:
597 2401 786 2435 5131111111113ί
812 2402 996 2435 immediate
1025 2408 1097 2445 post
1124 2403 1173 2435 ab·

435 2458 527 2490 bate<
555 2455 721 2498 regiminis
755 2456 862 2487 locum
895 2460 925 2487 et
949 2455 1086 2498 primam
1125 2466 1174 2488 se-

437 2511 510 2543 dum
536 2507 669 2541 secundi
683 2507 786 2545 chori,
807 2512 839 2540 ct
863 2508 948 2550 quod
973 2507 1081 2540 abbati
1108 2518 1174 2541 mo·
1195 2520 1197 2544 κ

436 2561 568 2597 nasterii
594 2571 658 2593 non
684 2560 901 2603 genuflectat,
929 2560 1082 2594 famulum
1114 2561 1173 2594 sibi
1195 2548 1198 2582 l

473 2627 484 2652 1
508 2624 587 2651 Deest
606 2623 634 2651 ei
654 2623 693 2650 rel
717 2625 746 2651 ul
766 2622 866 2649 habeat
886 2624 923 2657 (n.
939 2622 988 2657 T.)-

1205 339 1345 379 tandum,
1361 341 1586 381 coucc‹‘linuts;
1615 347 1708 384 atque
1730 350 1788 384 pro
1807 350 1864 372 suo
1883 349 1938 372 an-

1206 391 1288 423 nuali
1315 391 1465 425 vestiario
1502 399 1591 426 scuta
1628 393 1757 435 triginta
1797 392 1940 435 assigna-

1206 454 1290 484 mus3
1311 444 1392 478 nihil
1418 445 1556 489 denique
1583 451 1716 490 excepto
1742 445 1938 489 praerogati-

1206 507 1315 529 varum
1351 497 1522 531 abbatialis
1559 499 1733 541 dignitatis,
1769 510 1804 532 ac
1838 498 1862 530 si
1888 499 1940 531 hic

1207 549 1244 581 de
1270 550 1369 582 verbo
1405 550 1443 582 ad
1476 550 1608 583 verbum
1648 551 1792 593 singulae
1832 556 1939 584 essent

1206 601 1384 645 exceptae¹3
1410 612 1475 635 non
1501 603 1702 636 obstantibus
1734 603 1941 646 quibuscum-

1207 666 1266 697 que
1293 654 1323 687 in
1349 655 1545 688 eontrarium
1583 654 1716 696 etia1u²3
1741 661 1838 699 utque
1877 656 1940 688 hoc

1207 707 1368 740 decretum
1392 714 1537 740 nostrum
1557 719 1648 740 suuni
1666 707 1799 741 omnino
1816 714 1848 740 et
1864 719 1941 741 sem-

1207 770 1265 803 per
1289 760 1442 793 sortiatur
1467 760 1625 800 effectum,
1650 765 1745 803 atque
1770 770 1864 793 nemo
1887 771 1942 792 un-

1208 824 1302 855 quam
1316 813 1476 845 contraire
1491 819 1683 856 praesumat,
1697 813 1843 845 volumus
1855 813 1940 856 quod

1208 871 1333 908 petatur
1358 877 1373 898 a
1397 865 1447 899 SS.
1472 866 1606 899 Domino
1639 871 1749 899 nostro
1780 865 1943 898 conflrma-

1209 919 1250 952 tio
1265 918 1407 952 omnium
1426 919 1678 962 praedictorum.
1698 918 1811 951 Datum
1830 918 1862 950 iu
1880 929 1943 951 mor

1208 972 1347 1005 uastcrio
1382 972 1413 1005 S.
1446 972 1585 1004 Iustinae
1622 971 1740 1004 Patavii
1767 971 1797 1003 in
1824 971 1943 1004 nostris

1208 1025 1345 1059 comitiis
1379 1025 1585 1068 generalibus
1618 1024 1669 1057 die
1700 1035 1729 1057 XI
1763 1024 1839 1057 maii
1869 1023 1943 1056 anni

1209 1087 1371 1111 nnetxxln
1386 1090 1398 1108 n
1415 1090 1420 1110 z
1607 1090 1610 1092 ’

1257 1144 1269 1162 <t
1302 1131 1443 1174 Cumque
1484 1131 1567 1163 inter
1600 1131 1746 1164 abbatem
1784 1130 1815 1163 S.
1854 1130 1960 1171 Pauli⁸
1981 1141 2140 1171 mmmmm

1210 1195 1245 1217 ex
1272 1186 1335 1216 una
1359 1188 1391 1215 et
1416 1184 1522 1226 ipsum
1548 1189 1673 1226 patrem
1706 1183 1856 1216 abbatem
1887 1182 1944 1214 Ta·
1955 1168 2144 1214 ἶῗζῗιξὼῗῧέἑῗρἶῆ

1210 1248 1285 1269 num
1304 1238 1405 1269 altera
1423 1247 1458 1268 ex
1479 1236 1635 1278 partibus,
1651 1236 1692 1268 ob
1707 1246 1771 1268 non
1789 1235 1864 1268 satis
1882 1236 1945 1268 cla·
1956 1219 2140 1275 {Jissllnsfffiafff’ii

1210 1299 1277 1322 ram
1309 1288 1548 1321 constitutionis
1577 1287 1833 1331 dispositionem,
1853 1278 2142 1323 0x01·-5h‘5{÷0¹¹f323¹¹'2'.3

1212 1348 1261 1374 tae
1287 1341 1350 1374 sint
1369 1341 1545 1373 nonnullae
1563 1340 1805 1373 controversiae
1825 1345 1856 1373 et
1872 1340 1945 1373 lites
1957 1324 2141 1377 ffl{‡?0ssslfissisf''⁰

1212 1394 1298 1428 cirea
1340 1405 1432 1427 usum
1473 1393 1719 1437 privilegiorum
1766 1393 1798 1425 in
1836 1404 1950 1437 supra-

1212 1448 1331 1491 scripto
1357 1447 1488 1480 decreto
1509 1457 1752 1490 expressorum:
1771 1445 1891 1480 idcirco
1909 1447 1949 1480 ad

1213 1500 1375 1534 tollendas
1393 1510 1506 1533 omncs
1525 1495 1758 1540 dissensiones,
1774 1504 1806 1532 et
1822 1500 1951 1542 regula-

1212 1565 1278 1587 rem
1304 1553 1544 1586 observantiam
1571 1553 1672 1596 magis
1708 1552 1876 1596 magisque
1898 1553 1950 1586 fir-

1212 1607 1369 1646 mandam,
1395 1611 1585 1649 procurator
1609 1605 1770 1648 generalis
1806 1605 1951 1639 eiusdem

1212 1659 1478 1703 Congregationis
1503 1660 1639 1702 supplex
1657 1658 1753 1702 petiit
1777 1669 1795 1691 a
1818 1658 1872 1692 SS.
1891 1659 1953 1692 Do-

1213 1712 1301 1745 mino
1325 1716 1439 1745 nostro
1459 1716 1492 1744 ut
1508 1711 1690 1755 praedictas
1707 1711 1950 1751 controversias,

1196 1771 1309 1809 ,prout
1333 1765 1433 1808 magis
1464 1765 1495 1797 in
1523 1764 1660 1798 Domino
1694 1764 1846 1808 expedire
1883 1775 1954 1797 cen-

1214 1825 1314 1860 seret,
1342 1819 1476 1852 defmire
1507 1819 1706 1861 dignaretur.
1734 1818 1829 1851 Cuius
1854 1817 1954 1862 preci·

1214 1872 1274 1905 bus
1291 1872 1447 1905 Sanctitas
1465 1871 1527 1904 Sua
1543 1871 1687 1914 benigne
1705 1881 1863 1912 annuens,
1883 1881 1954 1914 par-

1217 1925 1382 1958 ticularem
1403 1924 1693 1967 Congregationem
1719 1923 1952 1956 nonnullorum

1216 1977 1538 2011 eminentissimorum
1559 1982 1590 2010 et
1611 1976 1953 2022 reverendissimorum

1216 2031 1421 2064 dominorum
1446 2030 1477 2063 S.
1494 2030 1531 2062 R.
1547 2030 1581 2062 E.
1609 2029 1820 2062 cardinalium
1847 2034 1878 2062 et
1902 2029 1955 2062 ali-

1217 2095 1353 2128 quorum
1366 2083 1530 2116 Romanae
1546 2082 1658 2115 Curiae
1672 2083 1889 2126 praelatorum
1904 2082 1956 2115 de-

1216 2137 1346 2181 putavit,
1368 2136 1401 2169 in
1426 2147 1489 2180 qua
1512 2137 1682 2180 proposita
1707 2136 1836 2169 fuerunt
1855 2136 1955 2169 infra-

1217 2190 1336 2234 scripta
1362 2195 1433 2223 octo
1460 2195 1580 2233 puncta
1603 2201 1662 2233 per
1693 2189 1797 2233 ipsum
1831 2194 1955 2233 patrem

1217 2244 1366 2276 abbatem
1390 2242 1512 2275 Tanum
1537 2242 1692 2283 exhibita,
1720 2241 1891 2275 videlicet:

1261 2307 1283 2330 1.
1309 2295 1476 2339 Exemptio
1503 2300 1533 2328 et
1557 2295 1782 2338 praerogativa
1802 2295 1956 2328 abbatum

1218 2348 1405 2390 titularium,
1431 2349 1484 2392 qui
1509 2348 1640 2381 suerunt
1655 2348 1836 2391 regiminis,
1854 2353 1956 2382 estut

1218 2413 1282 2436 non
1319 2412 1351 2435 se
1387 2402 1606 2445 personaliter
1642 2406 1860 2445 praesentent,
1895 2412 1956 2436 nec

1218 2456 1380 2488 ullatenus
1415 2459 1527 2498 petant
1561 2454 1726 2487 licentiam
1761 2454 1800 2488 ab
1838 2455 1954 2488 abbate

1218 2506 1412 2547 monasterii,
1439 2508 1489 2540 vel
1521 2518 1579 2551 per
1611 2518 1654 2548 se,
1685 2508 1734 2541 vel
1759 2518 1818 2551 per
1843 2518 1956 2542 eorum

1254 2578 1266 2604 1
1289 2569 1389 2604 F‘orsan
1409 2576 1551 2612 legendum
1571 2585 1720 2613 ezpressac
1739 2578 1776 2613 (a.
1793 2578 1842 2612 T.).

1252 2621 1269 2648 2
1288 2621 1388 2649 Forsan
1408 2621 1552 2657 leg-uatum
1572 2626 1622 2651 ele.
1639 2631 1685 2659 pro
1706 2623 1795 2651 etiam
1817 2623 1854 2659 (n.
1870 2621 1919 2658 T.).
