2279 3260
234 257 281 283 An.
299 255 327 281 o.
353 254 419 282 1875
465 244 528 278 ‘30⁶2
1007 248 1188 274 nnuman
1212 248 1364 275 nomnen

427 304 518 341 rium,
534 312 629 346 quam
643 300 832 335 monialium
845 299 988 334 omnium
1000 298 1165 337 Ordinum,

428 366 508 399 quos
534 354 705 388 memorati
731 353 813 387 servi
843 353 899 386 Dei
933 362 990 385 suo
1015 349 1166 393 martyrio

428 409 640 448 illustrarunt,
661 412 700 448 et,
725 412 877 450 quantum
904 405 942 438 ad
967 403 1079 438 missas
1097 402 1169 436 atti-

428 466 504 501 net,
532 461 627 494 ctiam
653 471 670 493 a
695 459 919 493 sacerdotibus
951 458 989 490 ad
1015 455 1167 490 ecclesias

430 514 615 547 huiusmodi
642 512 891 546 confluentibus.

261 583 281 602 ι..
307 581 368 601 dii-tia
390 581 418 601 10-
475 570 489 611 ξ
514 567 544 599 5.
563 568 743 607 Praeterea,
770 565 874 608 primo
900 564 1064 597 dumtaxat
1083 572 1168 596 anno

234 608 447 663 [!{,...'lf1'·†.¹›‘lss¹.2bssl'3:1
469 621 550 653 datis
577 620 665 652 bisce
691 618 815 658 litteris,
832 622 863 650 et
888 617 995 661 quoad
1021 616 1127 649 Indias
1152 627 1167 649 a

234 667 250 681 '¹
267 662 352 687 ''¹¹⁵⁵'‘¹¹'
430 674 481 707 die
508 684 570 717 quo
597 673 730 705 caedem
757 671 882 704 litterae
909 670 986 703 illuc
1011 680 1168 713 pervene-

430 728 503 765 rint,
529 725 725 764 inchoando,
751 724 783 756 in
809 723 956 756 ecclesiis
977 722 1169 755 Hollandiae
1191 696 1194 735 ἱ

1948 248 1998 277 An.
2015 247 2044 277 G.
2063 247 2140 277 5676

1513 308 1648 342 CXCVII.

1211 386 1362 420 Avocatio
1385 387 1677 421 controversiarum
1713 388 1798 420 inter
1830 386 1947 431 episco-

1252 450 1330 482 pum
1368 440 1616 483 Ampio-iensem
1653 444 1681 473 et
1718 439 1945 483 inquisitorem

1254 503 1309 525 seu
1338 493 1548 536 inquisitores
1581 493 1674 536 requi
1709 492 1884 526 Sardiniae
1910 502 1948 524 ex

1256 548 1352 578 causa
1375 556 1539 589 processus
1563 556 1582 577 a
1607 546 1689 578 dicto
1713 545 1857 588 episcopo
1881 554 1948 577 con-

1259 602 1309 630 tra
1333 598 1507 631 Nicolaum
1540 597 1708 630 Marinum
1737 597 1895 629 decanum
1920 600 1948 629 el

1254 650 1434 694 paroclium
1449 649 1639 692 colleyictlae
1652 648 1798 681 ecclesiae
1812 649 1848 681 cle
1865 649 1949 681 Tem-

1254 703 1310 746 ]›2'0
1331 713 1427 746 super
1444 702 1569 735 delictis
1589 702 1767 745 praetensis
1784 702 1869 734 circa
1883 711 1950 734 ma-

306 1323 421 1348 Derogaiio

237 1355 291 1371 conti
299 1357 398 1371 ariorum.

274 1535 423 1560 Transumpto-

237 1568 282 1583 rum
299 1562 356 1582 fides.

431 785 463 813 ct
486 779 642 811 Ordinum
660 776 880 820 praefatorum
908 775 1087 818 respective
1121 785 1170 808 so-

430 831 550 866 lemnia
567 829 817 864 beatificationis
832 829 1023 862 eorumdem
1035 827 1090 861 Dei
1109 838 1170 861 ser-

429 896 551 923 vorum,
566 894 636 917 cum
656 883 762 916 officio
784 887 816 916 et
833 882 938 923 missa,
955 882 1014 914 sub
1032 882 1094 914 ritu
1113 881 1171 914 du·

430 938 506 983 plici
522 937 647 978 maiori,
666 937 717 969 die
740 936 778 969 ab
796 935 975 969 Ordinariis
992 935 1169 978 respective

431 991 608 1025 constituta
622 995 654 1023 et
666 990 749 1023 intra
761 999 813 1023 sex
827 999 955 1022 menses
968 989 1172 1032 promulgan-

432 1046 481 1085 da,
496 1050 667 1089 postquam
684 1048 790 1076 tamen
808 1043 840 1076 in
858 1041 993 1076 basilica
1010 1041 1170 1084 Principis

431 1099 662 1142 Apostolorum
689 1097 727 1130 de
753 1096 837 1129 Urbe
863 1094 1026 1128 celebrata
1052 1093 1171 1127 suerint

432 1152 544 1185 eadem
564 1150 731 1190 solemnia,
752 1159 846 1192 quam
861 1149 899 1182 ad
915 1158 982 1181 rem
999 1147 1085 1181 diem
1099 1158 1170 1181 xxiv

432 1205 593 1239 currentis
619 1204 739 1237 mensis
754 1201 940 1236 novembris
959 1201 1169 1244 assignamus,

431 1258 553 1302 pariter
575 1256 761 1290 celebrandi
787 1254 921 1288 facimus
945 1259 1150 1297 potestatem.

477 1312 491 1354 g
512 1311 542 1343 6.
570 1309 641 1343 Non
667 1308 871 1342 obstantibus
887 1306 1172 1340 constitutionibus

433 1370 465 1397 et
485 1362 747 1396 ordinationibus
762 1360 961 1407 apostolicis,
982 1370 1018 1392 ac
1035 1358 1173 1392 decretis

434 1419 474 1451 de
502 1427 566 1450 non
592 1417 680 1449 cultu
706 1414 812 1456 editis,
838 1413 1021 1456 ceterisque
1047 1417 1174 1446 contra-

433 1471 488 1505 riis
514 1470 786 1514 quibuscumque.

479 1525 493 1567 ᾗ
531 1523 560 1556 7.
589 1523 742 1555 Volumus
780 1525 886 1554 autem
920 1524 955 1553 ut
989 1520 1172 1552 earumdem

433 1576 655 1621 praesentium
676 1575 857 1608 litterarum
879 1572 1097 1616 transumptis,
1118 1583 1174 1606 seu

434 1630 601 1673 exemplis,
629 1628 726 1661 etiam
752 1627 927 1671 impressis,
949 1637 1047 1659 manu
1068 1637 1174 1659 secre-

433 1682 505 1716 tarii
533 1681 717 1725 praedictae
744 1679 1013 1723 Congregationis
1030 1680 1176 1713 cardina-

433 1736 512 1770 lium
528 1734 730 1778 subscriptis,
749 1739 780 1766 et
796 1733 904 1776 sigillo
922 1732 1076 1776 praefecti
1095 1732 1175 1765 eius-

435 1789 506 1822 dem
519 1787 785 1831 Congregationis
797 1786 943 1827 munitis,
960 1786 1073 1819 eadem
1087 1796 1175 1829 pror-

436 1852 491 1874 sus
512 1841 592 1874 lides
614 1841 653 1873 ab
679 1840 828 1874 omnibus
856 1844 888 1872 et
911 1839 1032 1882 ubique
1058 1844 1121 1871 tam
1142 1838 1174 1871 in

435 1894 556 1928 iudicio
574 1904 667 1937 quam
685 1897 776 1926 extra
801 1892 882 1925 illud
900 1892 1072 1932 habeatur,
1092 1901 1175 1934 quae

436 1948 614 1981 haberetur
638 1946 716 1990 ipsis
752 1945 980 1989 praesentibus
1012 1945 1039 1978 si
1067 1945 1177 1977 forent

438 2001 603 2034 exhibitae
627 2000 678 2032 vel
704 2003 868 2032 ostensae.

481 2054 594 2087 Datum
618 2053 759 2093 Romae,
787 2053 871 2096 apud
896 2051 927 2086 S.
954 2051 1086 2085 Mariam
1112 2051 1173 2084 Ma-

438 2108 559 2147 iorem,
589 2107 650 2139 sub
675 2106 797 2138 annulo
826 2104 1016 2145 piscatoris,
1046 2104 1098 2138 die
1124 2115 1176 2138 xlv

438 2160 626 2195 novembris
651 2168 810 2199 nncmxv,
838 2158 1044 2203 pontificatus
1073 2157 1176 2192 nostri

440 2224 525 2247 anno
547 2224 590 2247 vi.

881 2266 903 2299 1.
927 2265 962 2299 G.
990 2265 1130 2299 Srusms.

477 2348 537 2376 Dat.
554 2347 597 2375 die
619 2347 652 2374 14
671 2345 827 2374 novembris
843 2344 921 2380 1675,
937 2345 1036 2381 pontif.
1056 2352 1127 2387 anno
1143 2351 1177 2372 vt.

482 2439 634 2471 nemeti-at.
655 2436 687 2464 in
707 2436 850 2463 Secretar.
871 2433 1020 2470 Brevium,
1037 2434 1068 2462 in
1084 2434 1133 2462 lib.
1154 2440 1178 2462 vt

442 2483 632 2518 diversorum,
647 2482 698 2517 fol.
719 2480 781 2508 184.

1259 756 1375 788 teriam
1399 755 1475 797 fidei
1500 755 1645 798 consecti.

1231 844 1399 872 Venerabili
1415 843 1501 872 fratri
1520 843 1748 878 archiepiscopo
1764 842 1932 878 'rui-titano,

1442 899 1576 926 clemens
1597 898 1675 931 Papa
1695 898 1726 924 X.

1429 968 1616 997 Venerabilis
1637 969 1742 999 frater,

1249 1016 1378 1043 salutem
1403 1017 1433 1042 et
1455 1014 1650 1048 apostolicum
1669 1013 1916 1042 benedictionem.

1258 1096 1272 1140 ἓ
1290 1095 1320 1128 l.
1341 1095 1462 1138 Exponi
1482 1094 1576 1128 nohis
1594 1104 1697 1138 nuper
1722 1094 1797 1127 secit
1817 1105 1950 1128 venera-

1214 1149 1287 1182 bilis
1299 1149 1396 1182 frater
1411 1148 1582 1191 episcopus
1597 1147 1818 1190 Ampuriensis
1831 1153 1863 1180 et
1876 1147 1951 1181 Civi-
1961 1136 2004 1150 Μ’

1216 1202 1350 1236 latensis
1376 1202 1408 1235 in
1434 1211 1536 1243 regno
1569 1200 1746 1240 Sardiniae,
1765 1201 1860 1243 quod,
1878 1211 1952 1233 cum

1216 1256 1351 1289 dilectus
1376 1254 1460 1287 silius
1485 1253 1634 1286 Nicolaus
1652 1253 1792 1286 Marinus
1810 1254 1952 1287 decanus

1215 1315 1247 1342 et
1270 1308 1433 1352 parochus
1460 1306 1593 1339 actualis
1619 1306 1776 1339 ecclesiae
1802 1307 1941 1349 collegia

1217 1367 1264 1394 tae
1285 1360 1396 1404 oppidi
1415 1360 1453 1393 de
1471 1359 1604 1402 Tempio
1626 1358 1852 1402 Ampuriensis
1870 1359 1955 1392 dioe-

1216 1414 1307 1455 cesis,
1325 1413 1451 1457 ipsique
1465 1412 1620 1455 episcopo
1635 1411 1766 1445 omnino
1783 1412 1954 1453 subiectus,

1218 1469 1370 1502 delictum
1389 1466 1537 1510 publicae
1555 1470 1586 1499 et
1610 1466 1818 1500 scandalosae
1843 1465 1956 1499 inobe-

1218 1521 1357 1555 dientiae
1382 1519 1541 1552 mandatis
1567 1518 1635 1552 eius
1662 1519 1694 1551 in
1720 1523 1792 1551 actu
1818 1519 1956 1552 solemni

1218 1573 1440 1618 processionis
1466 1571 1631 1616 synodalis
1648 1571 1912 1615 perpetravisset‚
1926 1577 1958 1604 et

1219 1629 1257 1661 de
1283 1638 1321 1660 eo
1347 1626 1562 1659 criminaliter
1594 1625 1707 1658 suisset
1732 1636 1748 1657 a
1772 1629 1957 1668 promotore

1220 1680 1321 1714 tiscali
1346 1684 1526 1718 accusatus,
1545 1678 1627 1711 sicut
1644 1683 1675 1711 et
1695 1682 1809 1721 postea
1830 1678 1869 1710 de
1891 1688 1957 1720 gra-

1219 1734 1312 1767 vibus
1335 1733 1512 1767 sceleribus
1537 1732 1575 1765 ad
1603 1731 1757 1775 parochi,
1785 1731 1870 1774 quod
1896 1731 1956 1775 ipsi

1219 1787 1382 1827 incumbit,
1398 1786 1539 1820 officium
1565 1785 1816 1829 pertinentibus,
1840 1789 1871 1818 et
1887 1795 1958 1828 pro-

1219 1846 1332 1884 pterea
1362 1840 1466 1873 dictus
1501 1839 1675 1882 episcopus
1707 1838 1887 1881 praefatum
1912 1838 1959 1871 Ni-

1219 1894 1346 1927 colaum
1363 1893 1520 1926 Marinum
1542 1892 1575 1925 in
1593 1891 1715 1935 oppido
1733 1891 1866 1924 Civitate
1884 1901 1960 1924 nun·

1219 1951 1335 1991 cupato
1361 1946 1459 1979 castri
1491 1944 1711 1988 Aragonensis
1737 1945 1839 1977 dictae
1877 1944 1962 1976 dioe-

1220 2001 1302 2034 cesis
1331 2000 1493 2033 dctineret
1518 1998 1665 2031 censuris
1683 1997 1820 2040 aliisque
1846 1997 1961 2040 poenis

1221 2054 1497 2096 circumligatum3
1517 2052 1592 2085 dum
1605 2051 1692 2084 idem
1707 2050 1878 2094 episcopus
1892 2060 1961 2082 cau-

1221 2118 1273 2140 sae
1298 2106 1478 2149 cognitioni
1505 2104 1703 2144 intendebat,
1727 2109 1766 2143 et,
1782 2108 1856 2147 post
1881 2103 1960 2136 duos

1221 2171 1317 2204 supra
1331 2158 1445 2202 viginti
1467 2158 1536 2192 dies
1561 2156 1719 2190 eiusmodi
1738 2156 1960 2197 relaxationis,

1222 2212 1379 2246 mandatis
1394 2210 1635 2255 episcopalibus
1659 2214 1691 2242 et
1715 2209 1860 2243 censuris
1886 2219 1962 2243 con·

1223 2265 1352 2310 temptis
1368 2292 1375 2306 ,
1402 2265 1472 2308 ipse
1497 2263 1645 2297 Nicolaus
1669 2262 1819 2303 Marinus,
1847 2273 1865 2296 a
1888 2264 1961 2296 loco

1222 2319 1415 2353 reclusionis
1441 2317 1626 2358 discedens,
1650 2316 1778 2350 transiit
1802 2316 1842 2349 ad
1866 2316 1962 2349 istam

1223 2374 1387 2407 civitatem
1413 2371 1615 2404 Turritanani
1640 2370 1708 2403 sine
1733 2379 1894 2403 consensu
1921 2371 1962 2404 di-

1223 2427 1265 2461 cti
1291 2424 1438 2470 episcopi
1474 2434 1533 2457 nec
1569 2424 1636 2456 cius
1660 2422 1772 2456 vicarii
1810 2423 1842 2455 in
1868 2422 1963 2466 spiri-

1224 2479 1362 2513 tualibus
1388 2476 1560 2520 generalis,
1579 2477 1638 2509 sub
1664 2480 1832 2519 praetextu
1858 2476 1962 2510 cuius-

1224 2533 1297 2566 dam
1334 2530 1494 2574 epistolae
1529 2529 1638 2562 dilecti
1675 2528 1733 2562 filii
1758 2529 1962 2572 inquisitoris

1224 2586 1376 2618 adversus
1396 2582 1593 2616 haereticam
1619 2582 1808 2626 pravitatem
1827 2582 1859 2615 in
1877 2582 1962 2617 dicto

1224 2649 1324 2682 regno
1356 2636 1523 2671 Sardiniae
1555 2636 1748 2670 auctoritate
1785 2636 1963 2681 apostolica

1981 1103 2087 1130 Expostulo
2098 1109 2146 1124 cau-

1974 1137 1976 1140 ·
1993 1137 1996 1144 .
