2279 3260
202 226 294 254 An.C.
324 225 389 253 ¹070
435 219 499 250 (3⁶3

395 275 490 315 fiant,
518 276 571 319 qui
597 285 688 309 secus
713 276 820 309 feeerit
850 275 935 318 gravi
963 275 1069 318 poena
1093 272 1131 304 ad

396 328 566 362 arbitrium
582 329 789 374 provincialis
806 327 967 373 puniatur.

476 436 615 467 naamam
637 444 729 466 mrur
754 433 850 464 xviii.
874 450 912 455 -—
932 431 1053 461 Vinum

507 483 703 514 sumendum
725 494 743 512 a
764 481 936 516 fratribus,
959 483 1019 509 etc.

451 559 540 600 Caput
562 568 639 589 xvin.
664 575 700 579 —-
722 558 761 588 Ile
782 557 923 585 sobrietate
944 554 1086 584 svrmnucz.

446 636 468 668 Α
510 634 667 677 religiosis
709 630 897 675 praesertim
933 629 1136 661 Disealceatis

402 689 493 722 valde
519 687 623 720 aliena
649 690 697 717 est
719 682 968 726 intemperantia
986 686 1017 714 et
1034 681 1138 714 ebrie-

403 746 468 780 tas,
495 745 733 783 proptereaque
759 736 895 780 quilibet
912 735 943 767 in
962 735 1021 767 bac
1038 739 1137 766 mate-

402 794 450 827 ria
475 793 618 826 defectus
643 800 841 833 magnopere
875 787 1073 831 reprehendi
1106 790 1138 818 et

403 846 509 889 puniri
535 845 644 878 debet.
672 843 775 881 Quare
797 843 821 875 si
841 842 911 885 quis
936 840 1036 883 (quod
1054 840 1136 877 Deus

403 899 544 941 avertat)
576 897 683 930 ebrius
716 895 891 938 aliquando
917 893 1138 936 deprehensus

404 951 511 991 suerit,
537 950 563 983 si
589 949 743 983 acciderit
763 948 831 981 sine
850 947 1011 984 scandalo,
1033 946 1140 988 poena

403 1005 516 1047 culpae
537 1002 639 1046 gravis
664 1002 816 1045 puniatur
842 1011 900 1044 per
925 1010 977 1032 sex
1005 999 1087 1037 dies,
1113 997 1138 1030 si

403 1067 474 1089 cum
497 1056 658 1094 scandalo,
685 1055 727 1087 sit
750 1055 962 1086 incarceratus
988 1061 1046 1094 per
1073 1055 1139 1083 tres

403 1119 530 1142 menses
555 1113 587 1141 et
610 1107 752 1151 privatus
771 1108 841 1139 loco
860 1111 892 1138 et
911 1115 989 1137 voce
1013 1113 1071 1146 per
1087 1113 1142 1135 an-

403 1172 481 1195 num
509 1171 630 1201 unum;
657 1160 742 1203 quod
768 1159 793 1191 si
819 1157 917 1191 suerit
941 1157 1059 1196 laicus,
1087 1156 1141 1188 ha-

403 1215 471 1248 bitu
488 1213 568 1247 susci
589 1213 707 1247 coloris
730 1213 898 1250 induatur3
917 1211 942 1242 si
960 1220 1031 1242 cum
1055 1219 1141 1242 scan-

404 1269 490 1307 dalo,
514 1277 573 1310 per
597 1277 716 1298 annum
734 1275 854 1304 unum3
877 1264 902 1295 si
923 1263 1046 1305 absque
1072 1262 1139 1300 illo,

404 1331 465 1364 per
489 1325 628 1364 quatuor
653 1328 793 1351 menses.

425 1397 564 1429 assutis
587 1404 680 1425 CAPUT
703 1394 774 1424 XIX.
797 1410 837 1415 —
857 1393 896 1423 In
922 1391 1120 1426 civitatibus,

521 1444 555 1474 in
577 1443 676 1479 villis,
698 1443 768 1472 sive
790 1441 947 1477 castellis,
965 1445 1025 1470 etc.

403 1521 495 1561 Caput
516 1529 575 1550 mx.
598 1536 637 1540 —
658 1519 698 1548 De
720 1519 885 1548 abstinentie
912 1528 927 1545 (ι
950 1517 1006 1546 cibo
1028 1520 1054 1546 et
1076 1520 1142 1555 potu

442 1569 577 1599 servanda
604 1579 619 1597 α
648 1567 783 1605 reliqiosis
821 1570 899 1595 emera
924 1569 1085 1594 conventum
1113 1565 1142 1593 in

443 1619 550 1658 oppidis
574 1617 618 1647 abt
639 1617 721 1647 illum
738 1615 874 1646 habemas.

447 1693 505 1734 Qui
530 1694 562 1726 in
588 1694 661 1726 Ioco
677 1719 684 1731 ‚
712 1691 767 1724 ubi
793 1696 842 1724 est
867 1689 1061 1723 coenobium
1085 1699 1144 1722 no-

404 1748 462 1782 stri
487 1746 632 1786 Ordinis,
663 1750 751 1778 extra
775 1744 856 1777 illud
882 1742 1061 1783 comedet¹‚
1094 1743 1143 1775 vel

405 1801 588 1844 hospitatus
602 1799 707 1839 suerit,
724 1797 960 1835 incarceretur·⁷
978 1806 1036 1840 per
1053 1796 1144 1839 quin-

406 1854 510 1888 decim
536 1853 604 1886 dies
629 1852 653 1884 si
679 1851 931 1895 pernoctaverit,
964 1860 1143 1894 suspensus

406 1908 447 1941 sit
470 1907 509 1939 ab
535 1906 650 1945 officio,
678 1915 755 1938 voce
773 1909 804 1937 et
820 1905 890 1937 loco
907 1913 965 1947 per
982 1914 1036 1936 sex
1056 1913 1145 1936 men-

407 1970 476 2000 ses;
503 1959 528 1992 si
560 1958 658 1991 biduo
691 1957 952 2000 pernoctaverit,
977 1957 1062 1989 ultra
1098 1956 1145 1989 di-

407 2018 490 2047 ctam
517 2022 666 2056 poenam,
694 2011 915 2044 incarceratus
942 2010 1056 2043 existat
1087 2020 1146 2052 per

408 2067 477 2100 dies
503 2064 626 2108 viginti;
658 2064 744 2107 quod
773 2063 798 2096 si
828 2062 966 2105 amplius
991 2063 1145 2105 perdura-

407 2119 499 2159 verit,
525 2122 683 2161 augeatur
706 2127 822 2160 poena,
842 2118 965 2149 attenta
989 2116 1144 2158 gravitate

408 2172 521 2215 culpae
547 2175 580 2204 et
603 2169 859 2212 transgressione
877 2168 1021 2211 regulae.

482 2250 622 2281 uzancia
645 2257 738 2278 CAPUT
760 2247 819 2277 XX.
842 2266 880 2271 —
899 2247 1077 2287 Nunquam

626 2298 661 2327 iu
681 2297 844 2335 tabernis,
867 2301 928 2326 etc.

439 2375 530 2415 Caput
551 2382 600 2404 xx.
622 2389 662 2395 —
683 2372 722 2403 De
743 2373 808 2402 locis
829 2373 859 2402 in
881 2373 977 2411 quibus
992 2372 1114 2410 religiosi

568 2423 685 2463 hospites
706 2432 759 2452 non
780 2432 835 2452 esse
851 2426 986 2451 tenentur.

454 2500 579 2544 Regula
603 2499 713 2542 dirigit
743 2507 855 2532 omnes
886 2502 1011 2531 nostras
1046 2497 1146 2530 actio-

410 2565 469 2590 nes
494 2555 533 2587 ad
559 2553 771 2592 honestatem,
798 2550 1021 2594 maioremque
1043 2552 1147 2595 perse-

446 2619 458 2647 1
480 2615 551 2644 Edit.
572 2615 651 2642 Illain.
671 2614 737 2651 legit
754 2613 900 2642 comedent
917 2613 956 2649 (R.
977 2612 1026 2649 r).

978 225 1058 250 mitt,
1065 223 1158 248 truria
1182 223 1334 248 nonarum

1174 272 1326 304 ctionem.
1365 270 1439 305 Ideo
1476 271 1612 305 maximo
1654 272 1721 304 iure
1754 269 1913 315 praecipit

1174 334 1214 358 ne
1235 324 1429 366 habitemus,
1450 326 1654 358 comedamus
1685 326 1735 358 vel
1760 324 1911 357 bibamus

1175 376 1206 409 in
1229 377 1386 419 tabernis,
1413 378 1542 421 popinis
1568 383 1600 411 et
1623 378 1809 411 huiusmodi
1830 377 1911 411 locis

1175 431 1281 463 minus
1299 431 1466 472 honestis3
1486 436 1518 463 et
1538 432 1819 465 contravenientes
1838 431 1913 463 sub-

1176 483 1244 516 iicit
1278 494 1403 526 poenae
1442 485 1557 527 culpae
1600 483 1705 526 gravis
1745 484 1784 517 ad
1821 483 1914 516 arbi-

1177 536 1272 568 trium
1298 536 1455 577 ministri,
1482 537 1567 580 quod
1599 536 1818 580 praecipimus
1842 535 1914 568 stri-

1178 594 1226 621 cte
1251 589 1426 621 observari.
1857 589 1860 592 ⁴

1179 669 1317 699 Rucuma
1349 677 1442 698 CAPUT
1474 668 1545 697 XXI.
1579 685 1617 690 -—
1646 666 1739 697 Talis
1768 667 1810 697 sit
1840 667 1915 697 cha-

1218 716 1298 746 ritas
1333 716 1418 745 inter
1440 716 1561 745 fratres
1585 714 1726 745 clericos
1747 719 1778 745 et
1799 715 1914 750 laicos,

1219 769 1281 794 etc.

1180 836 1270 875 Caput
1292 843 1351 864 xxi.
1377 851 1412 856 --
1435 834 1474 864 De
1495 836 1553 864 vim
1574 834 1685 873 aequati
1713 838 1738 864 et
1766 836 1915 873 comnmni,

1358 893 1389 912 ac
1410 884 1441 912 de
1462 893 1586 912 consessu
1609 885 1743 922 fratrum.

1917 221 1968 249 An.
1984 220 2014 249 C.
2037 220 2104 248 1676

1227 969 1247 991 1.
1263 957 1444 990 Observent
1457 966 1568 990 omnes
1585 956 1814 1000 aequalitatem
1831 967 1922 1000 prac—
1956 967 1967 993 S
1984 966 2001 988 i.
2026 967 2056 988 ne
2072 967 2117 987 vim

1931 994 2036 1014 communi
2048 996 2069 1014 at
2079 1000 2115 1014 au-

1182 1017 1308 1054 ceptam
1340 1022 1356 1044 a
1382 1012 1493 1044 nostra
1525 1011 1638 1053 regula
1674 1020 1751 1053 erga
1786 1009 1996 1050 victuni‚quan.

1183 1064 1343 1105 vestitum,
1370 1069 1451 1104 etc.;
1478 1064 1532 1107 qui
1569 1074 1647 1096 vero
1672 1063 1796 1107 absque
1827 1074 1921 1107 supe-

1184 1118 1276 1150 rioris
1301 1116 1430 1150 licentia
1455 1116 1582 1149 dederit
1606 1120 1661 1149 aut
1685 1116 1849 1159 receperit
1880 1116 1923 1148 ci-

1184 1171 1260 1203 bum
1287 1170 1383 1203 alium
1408 1174 1439 1202 et
1464 1169 1645 1209 diversum,
1668 1169 1700 1201 in
1726 1169 1920 1212 quantitate,

1184 1223 1338 1267 qualitate
1364 1227 1395 1255 et
1419 1221 1644 1262 condimento,
1670 1222 1709 1254 ab
1736 1232 1773 1255 eo
1805 1221 1860 1265 qui
1889 1222 1921 1254 in

1185 1275 1347 1309 communi
1383 1274 1500 1308 ceteris
1532 1274 1744 1315 ministratur,
1770 1274 1923 1317 puniatur

1184 1329 1271 1361 iuxta
1287 1328 1476 1371 qualitatem
1493 1328 1620 1370 culpae.

1230 1392 1264 1415 11.
1290 1381 1402 1414 Nullus
1426 1380 1596 1422 religiosus
1614 1380 1713 1413 alium
1734 1391 1770 1413 ex
1792 1380 1921 1422 nostris,

1185 1435 1281 1468 etiam
1305 1440 1429 1478 patrem
1454 1434 1647 1477 generalem,
1662 1433 1755 1467 titulo
1780 1435 1924 1477 appellet

1184 1487 1455 1527 reverendissime,
1481 1491 1535 1519 aut
1558 1486 1770 1530 paternitatis,
1801 1488 1857 1519 sed
1879 1492 1924 1519 ta-

1186 1547 1258 1575 ceat
1282 1541 1374 1574 dotes
1408 1538 1559 1573 omnesz¹
1584 1540 1794 1573 nominentur
1815 1544 1924 1583 patres

1187 1600 1218 1628 et
1245 1594 1460 1633 reverentiae,
1497 1603 1563 1626 non
1595 1594 1779 1626 sacerdotes
1806 1594 1924 1636 fratres

1187 1652 1219 1680 et
1243 1646 1437 1687 charitatis²‚
1464 1646 1588 1680 ratione
1614 1650 1720 1679 tamen
1737 1647 1926 1679 submissio-

1188 1701 1237 1733 nis
1259 1706 1289 1733 et
1313 1700 1514 1733 reverentiae
1540 1699 1668 1733 debitae
1690 1699 1923 1742 superioribus,

1188 1763 1298 1787 omnes
1315 1752 1459 1795 religiosi
1485 1752 1517 1785 in
1535 1757 1602 1785 toto
1621 1752 1749 1793 Ordine,
1768 1763 1838 1785 cum
1859 1763 1927 1786 ser-

1188 1806 1426 1848 monem'agunt
1439 1805 1477 1838 de
1498 1810 1588 1849 patre
1607 1805 1752 1848 generali
1770 1815 1926 1849 praesen-

1188 1865 1227 1900 te,
1246 1870 1307 1892 nec
1324 1869 1387 1892 non
1407 1859 1446 1891 de
1467 1858 1536 1891 eius
1551 1858 1873 1902 praedecessoribus,
1895 1864 1927 1892 et

1189 1913 1227 1946 de
1255 1910 1479 1945 definitoribus
1502 1910 1709 1954 generalibus
1734 1911 1924 1951 actualibus,

1189 1966 1296 1999 dicant
1318 1969 1425 1998 noster
1447 1969 1562 2008 potem
1589 1964 1772 2007 eodemque
1808 1974 1927 2007 prono-

1188 2019 1274 2052 mine
1304 2023 1410 2051 noster
1440 2018 1612 2051 decoretur
1644 2016 1852 2060 provincialis
1886 2017 1925 2049 ab

1188 2073 1339 2107 omnibus
1356 2082 1431 2104 suae
1445 2070 1640 2114 provinciae,
1659 2069 1807 2102 minister
1824 2080 1841 2102 a
1858 2070 1926 2102 sub-

1189 2126 1264 2159 ditis
1283 2135 1340 2158 seu
1358 2128 1535 2157 conventus
1556 2133 1613 2155 seu
1635 2122 1776 2165 collegii.

1233 2189 1282 2212 111.
1308 2178 1430 2210 Titulus
1456 2176 1611 2216 doctoris,
1637 2175 1782 2218 magistri
1808 2181 1839 2209 et
1866 2175 1926 2208 hu-

1189 2230 1330 2264 iusmodi
1341 2229 1420 2262 nulli
1434 2232 1616 2261 nostratum
1635 2233 1829 2271 praestetur,
1847 2233 1926 2261 tam-

1191 2284 1250 2318 etsi
1270 2288 1345 2317 ante
1371 2283 1553 2325 ingressum
1589 2281 1621 2313 in
1652 2281 1844 2324 religionem
1869 2281 1925 2314 illo

1190 2338 1291 2381 gradu
1316 2341 1348 2369 et
1372 2336 1466 2368 titulo
1494 2335 1665 2376 frueretur,
1690 2345 1752 2368 nec
1775 2335 1862 2368 illius
1878 2335 1927 2368 in-

1191 2392 1270 2424 tuitu
1288 2389 1402 2432 aliquis
1427 2388 1628 2421 immunitate
1659 2388 1877 2432 libertateque
1893 2388 1926 2421 in

1190 2444 1308 2478 Ordine
1325 2447 1436 2476 nostro
1454 2441 1602 2485 gaudeat.

1234 2507 1256 2531 1.
1283 2495 1492 2529 Decernimus
1529 2494 1614 2538 quod
1646 2500 1738 2538 pater
1762 2494 1925 2537 generalis

1224 2569 1238 2594 1
1259 2568 1363 2594 Forsan
1383 2565 1460 2593 deest
1479 2573 1529 2592 vox
1548 2565 1708 2592 sacerdotes
1728 2566 1767 2600 (n.
1789 2566 1839 2599 Τ.).

1225 2613 1241 2639 2
1262 2612 1361 2639 Forsan
1378 2610 1521 2646 legendum
1536 2610 1693 2639 charitates
1712 2610 1751 2646 (n.
1771 2610 1820 2645 Τ.).

1963 2502 1975 2530 5
1988 2503 2009 2524 Ξ.
2025 2502 2057 2525 De
2071 2507 2121 2524 eon-
