2279 3260
168 272 217 299 An.
235 272 264 299 C.
288 272 354 301 1672

988 271 1129 298 CLEMENS
1150 274 1170 297 X
1193 273 1241 297 PP-

360 323 498 367 aliisque
513 323 744 357 ecclesiasticis
759 321 938 363 sententiis,
954 322 1096 354 censuris

359 383 390 409 et
407 377 530 420 poenis,
549 387 566 409 a
584 376 652 408 iure
678 377 725 408 vel
751 376 790 408 ab
818 375 958 415 homine,
985 362 1094 418 quavis

358 429 526 462 occasione
553 430 602 462 vel
628 431 721 461 causa
738 428 822 469 latis,
838 429 863 460 si
882 428 999 471 quibus
1016 439 1096 471 quo-

357 482 537 515 modolibet
560 481 735 514 innodatus
760 481 874 520 existit,
894 482 931 513 ad
950 480 1095 513 etsta-tum

356 534 576 578 praesentium
616 534 781 566 dumtaxat
820 534 1093 576 consequemlum,

357 587 473 619 barum
505 586 589 619 serie
626 587 832 619 absolventes
857 591 889 618 et
913 586 1094 618 absolutum

356 639 425 671 fore
444 643 625 678 censentes,
645 639 938 681 supplicationilms
956 638 1024 669 eius
1039 648 1096 669 no-

1772 260 1830 293 3(st

1181 320 1336 364 sacullale
1367 319 1510 363 elfsjendi
1548 322 1782 351 conservatores
1812 326 1875 349 non

1182 373 1367 415 desiymilos
1384 372 1420 404 in
1435 371 1557 413 syuodo
1574 370 1759 402 dioecesam?
1778 370 1813 400 in
1831 369 1877 400 ci-

1181 425 1337 457 vitatibus
1353 429 1381 457 el
1397 424 1590 456 dioecesibus
1603 423 1637 454 in
1655 422 1773 465 quibus
1791 421 1879 453 nulli

1180 482 1254 510 sun!
1278 477 1400 510 iudices
1423 476 1594 520 synodales
1611 474 1632 507 ⁴.

1361 568 1493 594 Clemens
1521 567 1598 599 Papa
1617 565 1655 597 X,

1277 613 1312 639 ad
1333 613 1463 638 futuram
1482 611 1527 637 rei
1546 610 1727 637 memoriam.

1929 266 2067 293 .C.162

1182 683 1241 725 §l
1256 682 1376 725 Nuper,
1394 692 1451 725 pro
1465 686 1554 724 parte
1570 679 1679 713 dilecti
1694 679 1749 712 filii
1764 679 1872 711 Didaei
1908 696 2018 716 „„„,...,„
2034 704 2066 717 «ἢ.

1139 737 1177 768 de
1196 735 1347 768 Mendibil
1363 734 1573 767 commissarii
1590 732 1751 775 generalis
1765 732 1873 764 curiae
1885 728 1946 768 {³523
1957 733 2067 775 ψ,.,“.,“ζ,’,;ζζ

1138 788 1266 821 Ordinis
1282 789 1413 820 fratrum
1429 787 1586 819 Minorum
1597 785 1697 817 sancti
1709 783 1873 817 Francisci
1884 779 1964 821 2¹32}st

356 691 442 724 mine
468 691 560 723 nobis
585 702 683 734 super
709 692 771 723 lioe
797 691 965 723 humiliter
986 701 1096 733 porre-

357 744 415 776 ctis
430 743 583 783 inclinati,
602 744 766 776 decretum
782 743 1030 786 praeinsertum‚
1044 754 1097 774 au-

358 797 505 829 ctoritate
527 797 713 840 apostolica,
729 802 840 829 tenore
866 795 1094 839 praesentium,

177 1149 180 1152 Δ
192 1122 302 1142 Decretum
319 1122 346 1142 it·-

164 1152 236 1169 tutans.

230 1857 345 1881 Dororalio

163 1887 325 1905 contrariorum.

359 850 577 893 approbamus
602 855 634 882 et
657 849 891 888 confirmamus,
917 848 1028 890 illique
1055 848 1097 879 in-

359 902 520 935 violabilis
561 902 761 945 apostolicae
798 901 958 933 firmitatis
998 901 1097 933 robur

357 954 542 994 adiicimus3
570 956 775 987 salvatamen
801 964 931 996 semper
948 953 979 985 in
1006 964 1096 996 prae-

358 1007 462 1039 missis
499 1007 689 1039 auctoritate
725 1006 888 1049 praefatae
913 1005 1095 1047 Congrega-

360 1059 456 1091 tionis
477 1059 699 1091 cardinalium.

402 1112 416 1155 g
441 1112 472 1144 4.
499 1112 718 1144 Decernentes
747 1111 875 1144 easdem
908 1115 1096 1154 praesentes

358 1165 480 1198 litteras
507 1175 636 1207 semper
653 1163 774 1204 firmas,
792 1164 913 1196 validas
938 1169 969 1195 et
993 1163 1095 1195 effica-

357 1228 410 1250 ces
435 1218 574 1250 existere
599 1222 631 1249 et
655 1217 736 1257 fore,
764 1227 905 1259 suosque
930 1215 1094 1259 plenarios

357 1276 389 1303 et
413 1271 557 1313 integros
583 1270 715 1302 effeetus
737 1270 847 1302 sortiri
877 1274 909 1301 et
936 1269 1094 1308 obtinere,

356 1334 393 1355 ae
416 1323 494 1363 illis,
521 1323 559 1355 ad
586 1333 665 1366 quos
687 1327 810 1365 spectat
827 1327 858 1354 et
874 1332 933 1365 pro
953 1327 1095 1364 tempore

357 1376 528 1419 spectabit,
544 1374 732 1418 plenissime.
751 1374 927 1417 suffragari,
947 1380 975 1406 et
994 1374 1033 1406 ab
1051 1374 1096 1406 eis

357 1428 536 1471 respective
562 1427 790 1460 inviolabiliter
813 1427 1000 1467 observari,
1039 1426 1096 1459 sic-

358 1492 420 1524 que
439 1481 471 1513 in
489 1480 674 1524 praemissis
695 1491 754 1523 per
770 1490 987 1523 quoscumque
1013 1479 1095 1512 iudi-

356 1544 408 1566 ces
430 1533 612 1566 ordinarios
631 1538 663 1565 et
681 1533 857 1575 delegatos,
876 1533 971 1565 ctiam
987 1543 1096 1565 causa-

356 1597 427 1618 rum
450 1586 559 1629 palatii
578 1586 749 1628 apostolici
770 1586 943 1626 auditores,
962 1585 1092 1617 iudicari

356 1644 389 1671 et
413 1638 539 1670 definiri
561 1638 700 1678 debere,
726 1649 763 1670 ae
787 1638 913 1670 irritum
944 1643 974 1670 et
997 1638 1093 1670 inane

356 1691 381 1724 si
399 1701 490 1724 secus
507 1702 606 1733 super
623 1691 673 1723 his
691 1702 708 1723 a
724 1701 898 1733 quoquam,
914 1690 1024 1734 quavis
1041 1702 1094 1723 au-

356 1744 515 1784 ctoritate,
542 1743 682 1776 scienter
705 1744 754 1776 vel
776 1743 972 1786 ignoranter,
999 1744 1093 1777 conti-

356 1796 438 1839 gerit
455 1796 617 1829 attentari.

400 1850 415 1892 §
440 1848 470 1881 5.
490 1848 561 1881 Non
585 1848 788 1881 obstantibus
814 1849 1094 1882 constitutionibus

357 1908 389 1936 et
408 1903 666 1935 ordmationibus
694 1903 888 1945 apostolicis,
913 1903 1094 1946 ceterisque

355 1955 527 1988 contrariis
553 1955 824 1998 quibuscumque.

400 2008 513 2040 Datum
541 2008 676 2047 Romae,
705 2008 789 2051 apud
820 2008 850 2040 S.
878 2008 1008 2041 Mariam
1034 2009 1095 2041 Ma-

356 2061 468 2101 iorem,
496 2062 555 2094 sub
581 2062 701 2093 annulo
726 2061 915 2101 piscatoris,
943 2062 994 2093 die
1020 2073 1094 2095 xvut

358 2114 492 2147 ianuarii
513 2125 673 2154 MDCLxxn,
692 2114 900 2158 pontificatus
919 2115 1023 2147 nostri
1041 2125 1097 2147 an-

360 2177 402 2199 no
428 2177 462 2199 11.

395 2228 453 2255 Dat.
471 2229 515 2255 die
537 2229 569 2256 18
588 2229 704 2255 ianuarii
721 2229 803 2262 1672,
825 2229 925 2263 pontif.
946 2237 992 2256 an.
1013 2235 1042 2256 11.

685 2398 784 2432 XCVI.

359 2487 567 2531 Confirmatio
592 2487 710 2520 decreti
736 2487 1006 2531 Conyreqatiom's
1030 2488 1095 2531 epi-

401 2551 570 2583 scoporum
587 2545 616 2573 el
633 2540 849 2583 reynfarium,
867 2541 976 2582 favore
994 2540 1093 2574 Ordi-

403 2594 456 2626 m's
469 2593 504 2626 M
507 2593 633 2626 [norum
648 2594 752 2626 saneti
762 2593 932 2626 Franciscz·
944 2593 981 2626 de
993 2593 1098 2627 Obser-

405 2646 518 2680 vanlici
530 2646 775 2691 provinciarwn
791 2646 985 2690 Hispaniae,
1002 2657 1098 2691 super

1139 841 1177 873 de
1201 840 1408 873 Observantia
1436 844 1706 882 nunctqiatorum,
1732 838 1876 879 Congre-

1139 894 1258 936 gationi
1276 892 1511 926 venerabilium
1538 892 1667 923 fratrum
1693 896 1875 923 nostrorum

1138 946 1168 978 S.
1186 946 1221 978 R.
1238 946 1272 978 E.
1287 945 1498 977 cardinalium
1517 944 1656 985 negotiis
1671 948 1701 975 et
1719 944 1876 976 consulta-

1139 998 1279 1031 tionibus
1296 997 1522 1040 episcoporum
1535 1001 1567 1029 et
1580 997 1777 1037 regularium
1789 1006 1878 1038 prae-

1138 1052 1262 1094 positae
1283 1050 1441 1093 exposito,
1467 1050 1563 1093 quod,
1590 1049 1683 1081 cum²
1707 1049 1739 1081 in
1765 1050 1875 1082 multis

1138 1105 1340 1138 dioecesibus
1365 1113 1539 1146 regnorum
1565 1103 1738 1146 Hispaniae
1763 1103 1876 1146 synodi

1138 1169 1154 1190 a
1174 1157 1321 1200 plurimis
1345 1157 1437 1189 annis
1457 1157 1638 1189 celebratae
1659 1166 1725 1188 non
1746 1156 1877 1195 fuerint,

1138 1212 1282 1254 nullique
1300 1209 1437 1253 proinde
1464 1209 1583 1241 ibidem
1601 1208 1724 1241 iudices
1742 1208 1774 1240 in
1793 1208 1878 1240 eius-

1137 1264 1222 1297 modi
1243 1264 1374 1307 synodis
1399 1262 1543 1305 dcputati
1562 1262 1779 1305 reperiantur,
1797 1272 1877 1304 quos

1140 1318 1253 1349 fratres
1272 1320 1490 1349 conventuum
1509 1315 1584 1347 dicti
1603 1314 1732 1347 Ordinis
1756 1314 1787 1346 in
1812 1314 1877 1347 illis

1138 1371 1283 1413 partibus
1312 1368 1559 1402 consistentium
1590 1368 1623 1400 in
1663 1372 1875 1400 conservato-

1140 1433 1190 1455 res
1214 1423 1336 1465 eligere
1358 1431 1416 1454 seu
1445 1420 1615 1453 nominare
1642 1421 1779 1459 valeant,
1809 1419 1878 1462 ipse

1139 1476 1275 1509 Didacus
1311 1473 1548 1507 commissarius
1586 1473 1748 1515 generalis
1783 1472 1880 1515 pluri-

1137 1539 1223 1561 mum
1244 1528 1396 1571 cupiebat
1421 1527 1602 1559 facultatem
1634 1525 1821 1558 nominandi
1846 1525 1879 1557 in

1137 1586 1377 1614 conservatores
1401 1579 1479 1612 alias
1505 1589 1672 1622 personas,
1697 1590 1780 1636 ‘¹⁸22
1804 1590 1881 1622 qua-

1137 1634 1280 1667 litatibus
1298 1644 1356 1677 per
1369 1632 1634 1665 constitutionem
1650 1632 1750 1664 felicis
1764 1642 1877 1665 recor-

1137 1687 1277 1720 dationis
1296 1685 1443 1729 Gregorii
1462 1686 1519 1717 PP.
1539 1685 1590 1717 XV
1615 1685 1879 1727 praedecessoris

1136 1740 1236 1773 nostri
1262 1740 1301 1773 de
1325 1738 1606 1772 conservatoribus
1631 1738 1750 1770 editam
1770 1738 1881 1780 requi-

1137 1794 1204 1827 sitis
1229 1792 1399 1835 ceteroqui
1423 1791 1589 1835 praeditae
1615 1790 1700 1831 sint,
1729 1791 1880 1823 fratribus

1137 1847 1290 1891 praefatis
1316 1845 1475 1885 concedi,
1503 1844 1775 1888 quemadmodum
1802 1845 1880 1878 alias

1138 1902 1169 1933 in
1195 1899 1353 1933 similibus
1385 1898 1514 1931 casibus
1547 1909 1562 1930 a
1587 1898 1668 1930 Sede
1695 1898 1880 1940 Apostolica

1137 1964 1291 1987 concessa
1312 1953 1394 1985 fuit:
1421 1951 1582 1984 emanavit
1602 1962 1619 1983 a
1636 1951 1781 1993 praefata
1796 1950 1880 1983 Con-

1138 2006 1325 2050 gregatione
1352 2006 1517 2038 decretum
1547 2005 1668 2037 tenoris
1693 2005 1748 2047 qui
1775 2003 1881 2047 sequi·

1139 2066 1196 2100 tur,
1214 2059 1381 2092 videlicet:
1406 2071 1418 2089 α
1440 2057 1535 2090 Sacra
1560 2057 1775 2100 Congregatio
1802 2057 1879 2089 emi-

1138 2112 1403 2145 nentissimorum
1429 2111 1460 2143 S.
1480 2110 1517 2143 R.
1536 2111 1570 2143 E.
1587 2110 1797 2143 cardinalium
1822 2120 1880 2142 ne-

1140 2166 1235 2209 gotiis
1269 2170 1300 2198 et
1329 2163 1621 2198 consultationibus
1648 2164 1877 2207 episcoporum

1139 2224 1170 2251 et
1193 2218 1392 2261 regularium
1418 2217 1602 2260 praeposita
1627 2216 1753 2249 censuit
1776 2221 1880 2249 orato-

1138 2272 1164 2304 ri
1190 2272 1328 2304 dandam
1354 2270 1593 2313 infrascriptam
1624 2270 1877 2302 declarationem

1139 2326 1216 2359 alias
1253 2325 1371 2358 editam
1409 2325 1573 2367 sequentis
1610 2324 1757 2356 tenoris:
1784 2323 1879 2356 Sacra

1139 2377 1572 2422 Congregatio,etc.,censuit
1585 2377 1757 2420 episcopos
1772 2388 1879 2419 quam-

1139 2432 1277 2476 primum
1303 2432 1528 2464 dioecesanam
1554 2430 1710 2474 synodum
1744 2429 1877 2462 omnino

1139 2485 1306 2518 celebrare
1328 2483 1455 2524 teneri3
1482 2489 1514 2516 et
1536 2483 1665 2516 interim
1687 2483 1720 2514 in
1745 2482 1878 2515 civitati-

1139 2540 1197 2572 bus
1218 2544 1249 2572 et
1274 2538 1478 2572 dioecesibus
1503 2538 1537 2570 in
1555 2538 1670 2580 quibus
1692 2537 1770 2569 nulli
1795 2536 1877 2569 iudi-

1176 2611 1186 2636 1
1209 2609 1287 2636 Nunc
1305 2609 1420 2644 primum
1441 2609 1523 2635 edita.

1175 2654 1191 2680 2
1210 2654 1312 2681 Partic.
1334 2662 1397 2681 cum
1419 2662 1466 2680 nos
1487 2652 1608 2679 addimus
1627 2652 1717 2687 (nr).
