2279 3260
163 230 209 256 Λη.
228 229 257 256 C.
281 231 345 258 imi

1467 165 1493 194 Q

980 232 1121 257 (πωπω-ς
1145 234 1161 256 x
1186 234 1234 257 1¹1².
1764 225 1820 257 5⁴11
1875 234 1924 259 An,
1941 234 1968 258 Cv
1991 234 2056 260 tou

353 280 412 313 bus
432 280 461 313 in
484 279 596 313 eadem
621 279 749 312 Camerzi
775 278 856 311 intra
873 284 994 312 certum
1012 287 1087 312 tunc

354 343 540 376 expressum
567 338 692 376 tempus
717 333 964 376 praesentandis
990 338 1022 365 et
1038 344 1088 366 rc-

354 385 536 428 gistrandiS,
558 385 651 417 itaut
676 389 864 428 praesentes
891 385 1015 418 litteras
1029 385 1089 418 ibi-

355 439 429 472 dem
454 438 658 482 praesentari
677 443 709 470 et
735 437 900 481 registrari
924 449 1089 481 nunquam

354 501 487 524 necesse
513 490 563 531 sit,
589 490 726 534 aliisque
751 490 1034 524 constitutionibus
1058 495 1090 523 et

354 543 612 576 ordinationibus
646 542 832 586 apostolicis
847 571 854 584 ,
882 554 918 577 ae
942 543 1035 576 Urbis
1059 549 1090 576 et

354 597 517 637 Camerae,
542 607 668 630 necnon
694 596 906 640 collegiorum
931 597 1090 640 praefato-

353 660 435 689 rum,
459 649 569 682 aliisve
588 649 763 692 quibusvis
780 649 876 682 etiam
897 649 1088 689 iuramento,

353 702 598 736 confirmatione
623 703 809 746 apostolica,
830 704 880 736 vel
905 702 1014 746 quavis
1040 702 1091 734 fir-

353 756 463 789 mitate
488 756 549 788 alia
568 756 741 797 roboratis,
762 755 900 795 statutis,
913 765 1090 798 eorumque

353 808 639 842 reformationibus
664 813 693 841 et
719 808 812 841 novis
846 808 1064 841 additionibus
1080 834 1088 847 ,

353 861 453 905 stylis,
478 861 590 893 usibus
616 866 648 894 et
671 860 966 900 consuetudinibus,
993 860 1088 892 etiam

354 913 676 953 immemorabilibus,
695 913 872 956 privilegiis
892 923 1031 956 quoquc,
1047 913 1091 945 in-

353 968 449 1001 dultis
473 972 504 1000 et
527 966 643 1000 litteris
669 966 857 1009 apostolicis
886 966 982 998 etiam
1013 965 1090 998 Urbi

353 1026 385 1053 et
409 1020 560 1053 Gamerae
586 1019 749 1062 praefatae
774 1029 811 1051 ac
835 1018 983 1061 collegiis
1003 1028 1090 1061 prae-

352 1072 444 1111 fatis,
471 1082 598 1104 necnon
623 1072 747 1114 populo
779 1081 936 1112 romano,
963 1081 1090 1104 eorum-

352 1136 414 1169 que
439 1124 617 1168 respective
650 1124 842 1157 officialibus
869 1129 901 1156 et
934 1123 1090 1157 ministris

352 1184 385 1210 et
409 1177 558 1221 personis
582 1176 747 1220 quibusvis
768 1204 775 1216 ‚
802 1177 859 1209 sub
885 1177 1090 1220 quibuscum—

352 1241 414 1274 que
439 1231 612 1263 verborum
638 1231 805 1263 tenoribus
830 1235 861 1263 et
893 1230 1005 1263 formis
1021 1258 1028 1271 ,
1055 1241 1091 1263 ac

353 1295 425 1316 cum
444 1283 608 1327 quibusvis
628 1283 724 1316 etiam
743 1283 1021 1326 derogatoriarum
1040 1285 1090 1317 de-

352 1336 525 1379 rogatoriis
543 1363 550 1376 ‚
577 1335 715 1379 aliisque
740 1336 986 1376 efficacioribus,
1016 1336 1089 1369 effi-

353 1389 530 1423 cacissimis
568 1394 600 1421 et
630 1389 772 1422 insolitis
808 1389 984 1429 clausulis,
1010 1389 1086 1422 irri-

353 1442 559 1485 tantibusque
575 1446 607 1474 et
623 1441 693 1474 aliis
711 1441 861 1481 decretis,
877 1442 972 1474 etiam
989 1447 1087 1482 motu,

352 1494 487 1527 scientia
520 1499 550 1527 et
574 1493 744 1537 potestatis
769 1494 973 1537 plenitudine
1005 1496 1090 1538 pari-

351 1547 432 1587 bus,
459 1558 495 1579 ac
526 1546 814 1588 consistorialiter,
840 1552 871 1580 et
906 1548 985 1581 alias
1011 1559 1090 1592 quo-

353 1599 532 1634 modolibet
556 1599 587 1632 in
610 1600 808 1633 eontrarium
833 1601 1089 1643 praemissorum

353 1653 513 1687 concessis
531 1680 539 1694 ,
566 1663 602 1685 ac
625 1653 747 1696 pluries
776 1654 980 1697 approbatis,
1006 1665 1086 1687 con-

352 1706 486 1739 firmatis
511 1711 543 1739 et
566 1706 726 1738 innovatis
743 1733 750 1746 ‚
777 1717 904 1740 necnon
939 1707 1089 1741 omnibus

352 1764 383 1791 et
417 1758 552 1801 singulis
580 1757 665 1798 illis,
692 1770 774 1801 quae
805 1759 837 1790 in
868 1760 1088 1803 chirographo

351 1811 551 1855 praeinserto
576 1811 737 1844 voluimus
758 1822 823 1844 non
842 1812 973 1845 obstare
990 1824 997 1852 ;
1020 1813 1089 1856 qui-

351 1866 410 1897 bus
442 1865 594 1897 omnibus
626 1870 659 1897 et
690 1865 848 1907 singulis,
881 1866 1004 1898 etiamsi
1029 1877 1088 1909 pro

350 1918 481 1951 illorum
507 1918 680 1950 sufficienti
713 1919 923 1961 derogatione
956 1920 994 1952 de
1024 1919 1087 1953 illis

351 1981 531 2014 eorumque
553 1971 627 2003 totis
647 1971 817 2004 tenoribus
836 1972 997 2015 specialis,
1015 1984 1087 2016 spe-

350 2023 441 2057 cifica
473 2029 505 2056 et
536 2034 687 2067 expressa
723 2029 754 2056 et
778 2024 954 2066 individua,
981 2036 1016 2057 ac
1047 2027 1086 2059 de

350 2076 447 2110 verbo
477 2077 515 2109 ad
540 2076 684 2117 verbum,
709 2087 775 2110 non
800 2082 905 2110 autem
922 2088 982 2121 per
1005 2079 1087 2111 clau-

351 2130 436 2162 sulas
457 2130 629 2171 generales
647 2129 734 2162 idem
758 2130 978 2173 importantes,
999 2142 1087 2164 men—

352 2181 396 2214 tio
422 2192 479 2215 seu
505 2182 637 2225 quaevis
662 2183 725 2215 alia
750 2183 917 2226 expressio
935 2184 1087 2218 habenda

352 2240 406 2268 aut
429 2235 537 2279 aliqua
561 2236 623 2268 alia
647 2236 808 2280 exquisita
840 2237 940 2270 forma
964 2238 1004 2271 ad
1024 2238 1086 2271 hoc

352 2289 510 2322 servanda
532 2290 624 2330 soret,
645 2295 773 2324 tenores
791 2291 987 2332 huiusmodi,
1006 2303 1042 2325 ac
1060 2292 1086 2325 si

353 2342 392 2375 de
408 2342 505 2375 verbo
523 2343 562 2375 ad
581 2344 714 2377 verbum
738 2344 821 2378 nibil
846 2345 975 2388 penitus
995 2346 1087 2378 omis-

353 2406 389 2428 so
414 2401 447 2429 et
476 2396 578 2429 forma
608 2396 641 2428 in
674 2397 739 2430 illis
772 2398 888 2431 tradita
919 2398 1087 2433 observata

353 2449 611 2493 exprimerentur
636 2456 667 2483 et
683 2451 916 2492 insererentur,
933 2463 1087 2496 praesen—

353 2503 436 2535 tibus
453 2513 511 2546 pro
528 2504 624 2545 plene
650 2508 682 2536 et
701 2505 901 2538 sufficienter
925 2507 1085 2549 expressis

1117 493 1351 537 ,praesentium
1368 493 1548 525 litterarum
1575 492 1796 535 transumptis,
1811 503 1865 525 seu

1130 280 1289 321 cili-ctum,
1307 281 1367 314 liae
1397 281 1463 314 vice
1489 282 1662 320 dumtaxat,
1681 283 1865 325 sps-cialiter

1130 338 1161 365 ct
1177 344 1327 376 expresse
1350 334 1559 376 derogamus,
1585 334 1763 377 ceterisque
1788 345 1865 367 con-

1131 386 1235 418 trariis
1260 386 1526 429 quibuscumque.

1173 440 1187 482 5
1213 439 1264 473 13.
1293 440 1442 473 Volumus
1471 445 1578 473 autem
1619 445 1653 471 ut
1677 440 2060 498 0³s¹¹¹¹¹dsss¹¹„,‚,³,'‘.÷‚³,¹‚¹g;¹”¹¹'¹⁰·

1131 545 1297 588 exemplis,
1317 545 1413 577 etiarn
1438 544 1618 588 impressis,
1646 555 1742 576 manu
1768 545 1867 577 alicu-

1132 597 1180 630 ius
1204 598 1322 629 notarii
1347 597 1470 640 publici
1486 597 1691 640 subscriptis,
1708 602 1739 628 et
1759 597 1868 640 sigillo

1131 660 1293 693 personae
1314 650 1345 682 in
1365 649 1589 682 ecclesiastica
1612 650 1771 692 dignitate
1793 660 1870 683 eon-

1132 702 1264 735 stitutae
1293 702 1445 742 munitis,
1479 703 1593 735 eadem
1622 712 1758 745 prorsus
1786 701 1868 735 fides

1132 755 1164 787 in
1181 755 1300 788 iudicio
1313 760 1345 787 et
1362 760 1449 788 extra
1466 755 1586 798 ubique
1603 755 1770 795 habeatur,
1786 766 1869 798 quae

1132 808 1209 850 ipsis
1234 808 1463 850 praesentibus
1484 808 1696 841 adhiberetur
1718 807 1744 840 si
1762 808 1869 842 forent

1133 860 1296 893 exhibitae
1315 862 1365 893 vel
1383 866 1548 893 ostensae.

1174 913 1287 946 Datum
1312 913 1453 953 Romae,
1481 913 1564 956 apud
1590 913 1621 946 S.
1650 913 1779 946 Mariam
1805 913 1869 946 Ma-

1130 967 1242 1006 iorem,
1275 967 1336 999 sub
1371 968 1490 999 annulo
1516 967 1706 1007 piscatoris,
1737 967 1788 1000 die
1825 978 1869 1001 xit

1132 1019 1318 1052 novembris
1343 1028 1514 1060 MDCLXXW,
1531 1019 1740 1062 pontificatus
1768 1020 1870 1053 nostri

1132 1082 1218 1105 anno
1238 1082 1269 1105 v.

1524 1125 1547 1158 l.
1575 1125 1610 1159 G.
1638 1126 1777 1161 SLusius.

1168 1187 1225 1215 Dat.
1243 1187 1286 1214 die
1304 1187 1336 1214 12
1350 1187 1508 1215 novembris
1522 1188 1602 1221 1674,
1619 1188 1711 1223 pontis·
1728 1196 1797 1215 anno
1813 1196 1838 1215 v.

1167 1250 1325 1284 Reyz'scraca
1344 1250 1377 1277 in
1392 1249 1497 1277 Secret.
1515 1250 1543 1276 in
1561 1250 1609 1277 lib.
1626 1250 1762 1277 Brevium
1780 1258 1868 1277 mens.

1133 1294 1277 1328 ianuarii,
1296 1297 1375 1329 pare.
1397 1295 1530 1328 utraque,
1551 1295 1600 1329 fol.
1618 1294 1661 1322 53.

1432 1437 1569 1470 CLXVII.

1132 1516 1298 1548 Absolutio
1324 1516 1428 1549 Marci
1452 1516 1489 1549 de
1519 1517 1713 1555 Valimbert,
1734 1517 1870 1550 Ioannis

1177 1570 1353 1611 Casssgynel,
1381 1569 1515 1603 Claudii
1538 1570 1569 1602 F
1570 1570 1710 1602 rcmcisci
1734 1570 1870 1603 Dorival

1174 1626 1203 1654 et
1216 1622 1369 1665 Philippi
1385 1622 1514 1661 Louvet,
1532 1623 1763 1655 canonicorum
1779 1623 1869 1655 eccle-

1175 1676 1242 1707 siae
1267 1675 1474 1714 Bisuntinae,
1494 1686 1514 1707 α
1539 1677 1681 1708 censuris
1705 1679 1734 1708 et
1756 1676 1868 1718 poenis

1174 1739 1231 1771 per
1255 1739 1304 1760 eos
1325 1729 1465 1761 incursis
1496 1739 1534 1760 ex
1558 1729 1653 1761 causci
1681 1729 1866 1761 temerariae

1175 1781 1338 1813 electionis
1355 1780 1469 1813 decani
1493 1781 1597 1813 dictae
1621 1781 1769 1814 ecclesiae
1797 1792 1868 1814 con-

1176 1838 1226 1865 tra
1250 1832 1408 1866 mandata
1438 1829 1627 1866 Alexandri
1636 1834 1699 1867 VII
1711 1861 1719 1874 ,
1746 1836 1868 1867 attentaei

1173 1896 1281 1919 eorum
1305 1887 1514 1929 poenitentia.

1268 1965 1437 1993 Venerabili
1464 1966 1551 1993 fratri
1580 1966 1727 2000 Antonio,

1287 2009 1513 2043 archiepiscopo
1533 2010 1691 2038 Bisuntino
1702 2031 1709 2043 ,

1347 2063 1483 2091 Clemens
1505 2064 1584 2098 Papa
1602 2065 1636 2091 X.

1338 2126 1528 2153 Venerabilis
1549 2126 1656 2160 frater,

1170 2171 1300 2198 salutem
1317 2173 1348 2198 et
1362 2171 1559 2204 apostolicam
1578 2172 1825 2200 benedictionem.

1172 2241 1229 2284 gi.
1247 2241 1333 2275 Alias
1350 2241 1536 2285 (postquam
1550 2242 1652 2276 felicis
1671 2243 1865 2277 recordatio·
1899 2248 2059 2269 andert'ss

1875 2275 1999 2295 decanatum
2023 2281 2059 2294 er-

1128 2293 1178 2326 nis
1196 2294 1379 2328 Alexander
1392 2294 1479 2338 Papa
1495 2295 1543 2328 VII
1561 2296 1792 2339 praedecessor
1809 2307 1865 2329 no·
1874 2301 2061 2348 Effigigfbfssgggg

1128 2353 1194 2380 ster
1211 2347 1481 2390 metropolitanae
1495 2349 1652 2382 ecclesiae
1666 2349 1863 2390 Bisuntinae,
1876 2356 1970 2375 mem·

1127 2400 1268 2444 pastoris
1295 2400 1410 2434 solatio
1436 2407 1511 2435 tunc
1535 2402 1714 2443 destitutae,
1740 2409 1816 2436 tune
1833 2403 1866 2435 in

1129 2453 1278 2486 humanis
1292 2459 1440 2496 agentem
1456 2454 1607 2487 Ioannem
1623 2455 1774 2488 Iacobum
1788 2455 1867 2488 Fau-

1129 2506 1189 2539 che
1204 2506 1242 2539 de
1256 2506 1419 2549 Domprel,
1435 2507 1490 2550 qui
1512 2507 1714 2548 decanatum,
1729 2508 1865 2551 primam

352 2566 390 2588 ae
415 2555 544 2588 insertis
569 2555 746 2597 habentes,
773 2556 837 2590 illis
859 2558 937 2591 alias
963 2558 996 2590 in
1028 2569 1085 2592 suo
1129 2565 1200 2603 post
1223 2558 1441 2602 pontificalem
1465 2559 1498 2592 in
1524 2560 1635 2593 eadem
1655 2560 1793 2594 ecelesia
1819 2561 1866 2594 di-

351 2609 472 2643 robore
504 2609 744 2652 permansuris,
769 2610 807 2643 ad
832 2611 1084 2654 praemissorum
1128 2612 1294 2657 gnitatem‚
1322 2612 1498 2655 obtinebat,
1520 2613 1553 2646 in
1580 2612 1865 2658 archiepiscopum
