2279 3260
147 232 196 260 An.
213 232 240 259 C.
266 233 333 260 1672Ι

174 1879 261 1900 Potitio.

964 235 1106 260 CLEMENS
1131 238 1148 260 X
1174 237 1221 261 1³1².

342 283 436 317 nistri
454 284 614 327 generalis
632 284 706 317 dicti
723 284 851 316 Ordinis
865 284 1021 317 Minorum
1042 285 1079 317 de

342 335 550 369 Observantia
574 337 656 369 sieut
680 342 773 369 antea
798 347 967 369 remanere
986 337 1082 369 debe-

343 400 388 429 re,
407 389 505 432 idque
524 389 703 423 executioni
722 390 909 422 mandatum
926 390 1001 430 fuit.;
1022 401 1082 422 nee

344 442 519 485 quidquam
544 442 615 475 novi
640 443 724 475 ultra
750 447 922 482 tentatum,
941 448 1083 485 praetcr-

344 505 438 537 quam
457 495 554 537 quod,
572 506 645 527 cum
662 495 765 527 dietus
784 495 973 527 Franciseus
988 495 1083 527 Maria

343 546 490 580 minister
507 548 667 590 generalis
682 548 720 580 ad
736 548 911 580 visitandas
923 548 969 581 et¹
987 548 1082 580 refor-

343 600 475 632 mandas
499 599 620 632 Galliac
647 600 829 643 provincias
856 601 931 633 dicti
955 599 1083 632 Ordinis
1104 597 1105 601 ’

342 651 433 684 iussu
465 657 578 685 nostro
604 653 767 695 profectus
805 653 933 692 fuisset,
970 651 1082 684 fratres

343 711 521 738 conventus
546 706 690 748 praefati,
711 711 831 738 etcum
853 705 915 738 illis
944 709 1006 738 una
1030 716 1084 739 eo·
1104 711 1106 734 ἓ

344 768 415 790 rum
436 759 643 801 guardianus,
663 759 895 791 intercessione
917 759 1083 791 venerabi-

344 810 383 843 lis
402 811 508 843 fratris
527 811 765 854 archiepiscopi
784 811 1017 854 Lugdunensis,
1034 811 1083 843 lit-

344 869 429 896 teras
443 864 720 896 commendatitias
739 875 755 896 a
773 864 937 897 rarissimo
952 864 982 896 in
997 864 1083 895 (sliri-

345 922 392 949 sto
409 915 476 949 filio
502 921 615 948 nostro
635 916 794 949 Ludovico
813 917 1010 949 Francorum
1034 926 1083 947 re-

344 979 383 1011 ge
415 968 682 1002 christianissimo
715 968 927 1000 obtinuerunt
951 970 990 1001 ad
1023 969 1082 1001 boe

345 1027 379 1054 ut
403 1022 449 1054 eis
473 1021 603 1054 licentIa
628 1022 812 1054 assumendi
837 1027 952 1054 statum
974 1032 1082 1054 saecu-

344 1075 453 1114 larem,
472 1084 542 1106 cum
569 1084 680 1106 eorum
703 1078 882 1106 conventus
908 1085 963 1106 seu
982 1074 1081 1106 eecle-

343 1126 409 1159 siae
435 1127 467 1159 in
488 1127 694 1169 collegiatam
716 1127 887 1159 eeclesiam
908 1126 1079 1166 erectione,

343 1181 383 1212 ab
402 1180 461 1212 hac
477 1180 591 1213 Sancta
609 1180 690 1212 Sede
709 1179 949 1222 impetraretur.
966 1179 1081 1211 Verum

344 1233 395 1265 liis
427 1233 465 1265 ad
493 1233 639 1266 notitiam
673 1233 749 1265 dicti
779 1232 940 1264 Francisci
966 1232 1081 1264 Mariae

344 1286 483 1319 ministri
509 1287 671 1329 generalis
699 1286 855 1325 deductis,
874 1286 962 1330 ipse²
985 1286 1082 1318 Fran-

344 1339 445 1376 ciseus
467 1339 563 1372 Maria
580 1339 728 1372 minister
745 1339 907 1382 generalis
929 1339 1081 1371 eumdem

344 1393 542 1426 Ludovieum
567 1403 679 1435 regem
705 1393 793 1432 adiit,
819 1398 850 1425 et
867 1392 905 1424 ab
923 1393 990 1425 eius
1016 1392 1082 1435 pie-

345 1452 410 1479 tate
427 1445 566 1479 obtinuit
590 1446 827 1479 revocationem
851 1445 1006 1478 dictarum
1031 1444 1083 1477 lit-

346 1506 500 1540 terarum,
527 1505 620 1542 atque
645 1500 689 1532 ita
714 1500 843 1531 exclusa
874 1499 933 1530 fuit
957 1498 1082 1530 novitas
1103 1520 1104 1540 ³

345 1552 498 1596 religioni
516 1552 712 1596 perniciosa,
740 1553 930 1594 sublataque
957 1551 1081 1591 occasio
1103 1571 1104 1577 η

344 1605 421 1645 mali
445 1604 595 1648 exempli,
622 1615 685 1647 quo
712 1605 828 1637 fratres
850 1604 986 1637 aliorum
1008 1614 1083 1636 con-

345 1664 496 1692 ventuum
522 1658 561 1690 ad
586 1658 702 1690 similia
729 1658 953 1700 procuranda,
978 1658 1084 1690 refor-

346 1711 506 1751 mationis,
532 1722 629 1754 quam
656 1711 797 1742 bumana
815 1710 968 1752 fragilitas
993 1720 1082 1742 aver-

346 1769 448 1805 satur,
482 1764 652 1797 evitandae
677 1764 788 1803 causa‚
819 1763 936 1795 adduci
961 1763 1082 1806 potuis-

345 1822 428 1849 sent.

388 1870 449 1913 5⁶2.
465 1869 543 1902 Cum
561 1875 678 1910 autem,
694 1869 779 1902 sieut
796 1869 909 1902 eadem
926 1869 1081 1912 expositio

345 1923 568 1965 subiungebat,
584 1922 694 1954 dilecti
712 1922 769 1954 filii
788 1922 900 1955 fratres
915 1922 990 1954 dicti
1008 1932 1083 1954 eon-

345 1981 459 2009 ventus
483 1975 724 2018 Lugdunensis,
751 1986 811 2018 pro
837 1975 950 2007 maiori
970 1986 1083 2007 eorum

345 2035 451 2072 parte,
488 2039 560 2060 cum
595 2028 715 2060 dilecto
748 2028 870 2070 pariter
893 2028 959 2061 tilio
985 2028 1081 2061 Petro

345 2082 485 2120 Quinton
506 2092 617 2114 eorum
635 2080 811 2124 guardiano
838 2086 870 2113 et
893 2081 1082 2114 rebellionis

345 2135 559 2178 antesignano
579 2135 670 2175 uniti,
692 2134 730 2166 ad
750 2139 868 2167 tantam
894 2135 1083 2168 devenerint
1102 2147 1104 2150 ’

346 2188 567 2228 insolentiam,
597 2193 640 2226 ut,
666 2188 723 2219 sub
748 2192 915 2230 praetextu
942 2198 999 2220 seu
1024 2198 1081 2231 spe

346 2241 526 2274 litterarum
552 2240 809 2283 apostolicarum,
839 2251 898 2284 per
922 2251 1002 2283 quas
1028 2248 1103 2288 eo-y'

344 2304 415 2326 rum
432 2293 589 2337 professio
608 2294 840 2333 annullaretur,
861 2293 1080 2326 obedientiam

343 2357 409 2379 non
434 2347 537 2379 solum
562 2356 676 2378 eorum
702 2346 849 2379 ministro
875 2346 1077 2390 provinciali,

343 2400 402 2432 sed
420 2399 515 2431 etiam
532 2399 686 2432 visitatori
704 2403 735 2432 et
753 2399 976 2432 commissario
998 2400 1081 2434 dele-

344 2458 418 2495 gato
444 2452 650 2485 reformatori
671 2463 688 2484 a
712 2453 805 2485 nobis
830 2453 994 2487 nominato
1024 2464 1081 2486 ne-

344 2516 420 2549 gare
440 2505 737 2549 praesumpserint,
761 2506 863 2539 dictus
887 2517 963 2539 vero
982 2507 1080 2540 Fran·
1099 2527 1101 2543 ι,

383 2578 394 2602 1
415 2576 554 2602 Coniunct.
575 2578 600 2603 et
619 2584 668 2603 nos
687 2575 809 2602 addimus
828 2577 865 2612 (a.
881 2577 931 2612 T.).

379 2620 395 2648 2
415 2619 485 2647 Edit.
506 2619 584 2646 Main.
606 2619 668 2655 tegit
688 2620 744 2654 ipsi
757 2625 795 2654 (a.
811 2622 861 2655 τ.).

1101 287 1102 304 ³
1123 285 1227 317 ciseus
1254 284 1347 317 Maria
1373 285 1524 318 minister
1549 287 1722 328 generalis,
1755 297 1794 319 ne
1813 288 1859 320 di-

1124 343 1191 369 ctus
1212 343 1400 379 conventus,
1424 339 1477 381 qui
1497 351 1533 371 ex
1552 340 1713 382 primariis
1730 340 1858 373 Ordinis

1102 391 1259 445 ³*praefati
1287 391 1401 431 existit,
1430 397 1462 424 et
1486 392 1517 424 in
1544 402 1606 434 quo
1632 393 1733 425 saneti
1760 393 1861 425 Bona-

1124 448 1276 476 venturae
1302 444 1463 477 lierlesiae
1489 444 1643 483 doctoris,
1661 445 1713 487 qui
1740 445 1860 477 ibidem

1117 500 1252 542 ¹sanctae
1292 496 1549 529 conversationis
1581 496 1701 528 meritis
1739 496 1862 530 refulsit

1103 545 1155 590 ]et
1180 547 1211 579 in
1238 549 1371 581 Domino
1397 549 1602 589 obdormivit,
1620 554 1714 592 caput
1735 549 1783 591 (ut
1808 549 1861 591 pie

1125 600 1281 643 creditur)
1308 607 1496 641 asservatur,
1524 602 1556 634 in
1577 602 1774 645 profundum
1795 613 1860 634 ma-

1104 654 1229 691 ¹lorum
1257 654 1447 695 descendat,
1475 666 1511 687 ae
1543 654 1730 697 pernicioso
1754 665 1860 686 exem-

1124 707 1178 748 plo
1204 707 1284 739 alios
1318 718 1447 750 qnoque
1484 707 1631 740 eiusdem
1663 713 1694 740 et
1725 707 1861 741 aliarum

1104 786 1105 804 3
1124 758 1277 791 Franciae
1298 759 1537 802 provinciarum
1554 765 1729 792 conventus
1749 760 1782 792 in
1802 759 1862 792 rui·

1124 820 1198 842 nam
1225 813 1350 852 trabat,
1372 814 1554 855 oppertune
1580 813 1612 845 in
1638 812 1823 855 praemissis
1845 823 1874 850 a,

1125 864 1219 895 nobis
1260 865 1422 907 provideri
1461 872 1492 898 et
1519 871 1552 898 ut
1587 866 1670 898 infra
1698 866 1861 909 indulgeri

1124 926 1326 960 summopere
1352 917 1536 951 desideret:

1167 969 1181 1011 ξ
1205 969 1236 1001 3.
1259 969 1334 1009 Nos,
1362 970 1460 1013 ipsius
1486 970 1647 1004 Francisei
1666 971 1783 1004 Mariae
1804 971 1861 1003 mi-

1124 1020 1215 1052 nistri
1231 1022 1390 1063 generalis
1410 1023 1490 1055 votis
1512 1023 1571 1055 liae
1588 1023 1620 1055 in
1638 1033 1684 1063 re,
1706 1028 1861 1066 quantum

1124 1084 1195 1105 cum
1214 1074 1348 1106 Domino
1367 1085 1548 1117 possumus,
1568 1076 1788 1108 favorabiliter
1811 1087 1862 1108 an-

1124 1136 1223 1159 nuere
1248 1128 1402 1167 volentes,
1422 1138 1561 1171 eumque
1581 1139 1597 1160 a
1615 1128 1783 1171 quibusvis
1809 1139 1862 1161 ex-

1124 1180 1441 1221 communicationis,
1459 1182 1686 1224 suspensionis
1713 1187 1744 1214 et
1761 1181 1862 1214 inter-

1103 1232 1210 1273 uicti,
1237 1233 1376 1277 aliisque
1403 1234 1637 1267 ecclesiasticis
1665 1234 1859 1274 sententiis,

1124 1287 1269 1319 censuris
1295 1292 1327 1319 et
1359 1287 1492 1330 poenis,
1519 1299 1536 1320 a
1567 1288 1637 1320 iure
1662 1289 1713 1321 vel
1737 1289 1776 1321 ab
1802 1289 1862 1321 ho-

1124 1339 1221 1377 mine,
1249 1340 1361 1382 quavis
1388 1340 1559 1373 occasione
1585 1341 1635 1373 vel
1656 1342 1752 1373 causa
1777 1341 1861 1381 latis,

1103 1426 1104 1430 Ἰ
1125 1391 1150 1422 si
1173 1391 1291 1434 quibus
1322 1393 1573 1435 quomodolibet
1596 1393 1770 1426 innodatus
1797 1393 1862 1425 exi-

1103 1461 1104 1483 ,
1125 1443 1188 1483 stit,
1219 1445 1257 1477 ad
1278 1444 1427 1477 effectum
1460 1446 1681 1489 praesentium
1696 1446 1863 1479 dumtaxat

1125 1498 1401 1540 consequendum,
1420 1499 1534 1531 barum
1554 1499 1637 1532 serie
1654 1500 1863 1532 absolventes

1125 1554 1156 1581 et
1181 1551 1364 1583 absolutum
1386 1552 1455 1584 fore
1481 1558 1664 1593 censentes,
1696 1553 1862 1596 supplica-

1126 1603 1267 1636 tionibus
1294 1605 1362 1637 eius
1394 1606 1524 1639 nomine
1556 1606 1649 1639 nobis
1679 1617 1776 1649 super
1801 1607 1864 1639 hoe

1126 1657 1288 1689 humiliter
1313 1659 1471 1701 porrectis
1498 1659 1650 1699 inclinati,
1669 1660 1707 1692 de
1732 1670 1864 1692 venera-

1124 1710 1235 1742 bilium
1261 1711 1394 1743 fratrum
1420 1717 1605 1744 nostrorum
1630 1712 1660 1745 S.
1682 1712 1719 1744 R.
1742 1712 1776 1744 E.
1800 1723 1863 1745 car-

1125 1763 1280 1796 dinalium
1298 1764 1435 1806 negotiis
1449 1770 1481 1798 et
1494 1765 1786 1798 consultationilms
1800 1765 1863 1808 epi-

1125 1826 1296 1858 scoporum
1318 1822 1350 1849 et
1374 1817 1572 1860 regularimn
1597 1818 1862 1861 praepositorum

1125 1869 1266 1909 consilio,
1285 1869 1494 1903 inhaerentes
1510 1871 1641 1903 decreto
1661 1870 1751 1911 alias,
1774 1871 1861 1904 vide—

1125 1922 1199 1954 licet
1223 1921 1273 1955 die
1298 1933 1367 1956 xxx1
1398 1923 1471 1955 maii
1497 1932 1647 1964 imeLxlx,
1675 1923 1760 1956 edito
1776 1951 1784 1964 ,
1810 1935 1863 1956 au-

1125 1975 1270 2008 ctoritate
1286 1975 1476 2017 apostoliea,
1496 1980 1609 2008 tenore
1628 1975 1862 2018 praesentium,

1125 2029 1324 2062 declaramus
1350 2029 1471 2061 dietum
1492 2034 1686 2062 conventum
1704 2029 1735 2063 S.
1757 2031 1861 2063 Bona-

1124 2087 1279 2115 venturae
1315 2082 1539 2124 Lugdunensis
1576 2082 1712 2115 civitatis
1748 2094 1860 2126 perse-

1123 2144 1233 2167 verare
1258 2135 1390 2175 debere,
1408 2140 1443 2167 ut
1463 2141 1566 2176 antea,
1587 2136 1646 2168 sub
1673 2137 1861 2169 omnimoda

1102 2200 1104 2214 i
1124 2187 1343 2220 iurisdictione
1369 2188 1509 2221 ministri
1535 2189 1696 2231 generalis
1715 2189 1791 2223 dieti
1809 2190 1862 2223 Or-

1125 2241 1208 2274 dinis
1235 2241 1369 2273 fratrum
1394 2241 1552 2274 Minorum
1577 2243 1676 2274 saneti
1698 2243 1859 2276 Francisci

1124 2295 1162 2327 de
1187 2294 1397 2327 Observantia
1424 2300 1699 2338 nuncupat01·um;
1725 2306 1761 2328 ae
1786 2307 1860 2339 pro-

1123 2353 1234 2390 pterea
1258 2348 1367 2380 stricte
1393 2348 1580 2381 mandamus
1607 2349 1793 2391 guardiam,
1810 2360 1860 2382 ee-

1125 2400 1266 2444 terisque
1293 2400 1439 2433 eiusdem
1476 2407 1653 2434 conventus
1688 2402 1856 2443 fratribus,

1099 2458 1101 2495 j
1122 2459 1157 2486 ut
1176 2454 1209 2486 in
1226 2454 1377 2486 omnibus
1403 2454 1507 2487 eidem
1533 2455 1681 2488 ministro
1703 2456 1856 2497 generali,

1122 2517 1251 2540 necnon
1276 2507 1423 2540 ministro
1440 2507 1630 2551 provinciali
1656 2508 1756 2551 ipsius
1781 2519 1858 2552 pro—

1124 2559 1259 2601 vinciae,
1279 2570 1314 2592 ae
1326 2560 1491 2600 visitatori,
1511 2560 1688 2604 itidemque
1706 2562 1857 2594 reforma-

1098 2595 1104 2656 Ξ
1123 2614 1197 2655 tori,
1210 2613 1250 2647 ad
1262 2614 1497 2657 praescriptum
1509 2624 1672 2647 sacrorum
1686 2625 1854 2656 canonum,

1102 1652 1104 1666 t

1751 229 1815 264 3053
1861 239 1910 265 An.
1929 238 1957 265 c.
1982 238 2050 265 1672

1913 983 2012 1004 Datami
2035 985 2057 1004 ut.

1872 1010 1894 1031 in
1908 1010 2003 1031 rubrica.
