2279 3260
233 263 282 289 Α..
302 261 332 288 c.
351 261 418 288 ¹670
465 252 507 286 23

425 315 525 344 ventu
536 310 690 343 absentes
703 309 852 349 existent,
866 309 941 342 dum
954 313 1059 342 tamen
1073 309 1163 351 quin-

427 363 622 406 quennalem
651 373 707 395 scu
734 362 829 395 aliam
853 362 993 395 debitam
1020 360 1163 393 residen-

428 415 505 449 tiam
519 415 551 447 in
566 420 723 448 conventu
740 415 873 448 fecerint
886 420 917 447 et
930 418 1083 447 consueta
1101 423 1164 445 ser·

427 467 504 501 vitia
517 467 749 511 praestiterint,
769 476 1048 511 quorumcumque
1066 465 1165 497 bene·
1184 479 1186 500 ;

428 520 575 554 siciorum
601 520 894 553 ecclesiasticorum
920 525 950 551 et
980 518 1163 562 quarumvis
1185 526 1186 530 ¹

429 573 625 618 pensionum
651 578 683 606 et
699 573 960 606 commendarum
978 581 1091 604 eorum
1108 570 1166 602 mi-

430 625 519 659 litiae
555 636 612 658 seu
652 625 820 667 religionis
856 634 989 667 capaces
1030 622 1166 655 existant

430 677 568 721 perinde
594 687 629 710 ac
653 677 678 709 si
697 677 728 709 in
748 677 860 709 eadem
881 676 994 708 militia
1011 685 1066 707 seu
1092 674 1166 707 reli-

431 730 528 772 gione
565 729 785 762 antianitatem
823 729 861 761 de
897 728 1019 760 iustitia
1053 737 1167 759 conse-

431 782 522 825 quuti
542 782 685 822 fuissent,
707 781 855 814 similiter
871 781 1089 823 indulgemus.
1106 779 1167 812 Eis-

432 836 570 879 demque
595 834 798 867 conclavistis
824 839 854 866 et
878 844 990 866 eorum
1019 833 1164 875 singulis,

430 893 466 920 ut
490 887 681 930 quicumque
707 886 768 919 loci
799 886 959 919 Ordinarii
993 886 1040 918 vel
1070 896 1167 918 cano-

432 939 495 972 nici
513 939 835 982 metropolitanarum
857 941 905 971 vel
931 939 1167 971 cathedralium

433 1003 490 1026 seu
516 993 649 1025 duarum
674 992 851 1034 insignium
877 992 969 1025 Urbis
984 992 1168 1034 collegiata·
1187 982 1189 1024 Ϊ,
1211 993 1340 1035 gitimis,
1369 992 1491 1025 eisdem
1517 992 1614 1025 modo
1640 997 1671 1024 et
1695 992 1811 1032 forma,
1831 991 1948 1035 quibus

433 1055 503 1077 rum
535 1044 765 1083 ecclesiarum,
804 1050 857 1076 aut
892 1054 1051 1087 personae
1087 1043 1166 1077 aliae

435 1107 655 1140 quaecumque
681 1097 916 1129 ecclesiasticae
945 1097 977 1129 in
1010 1097 1167 1139 dignitate

435 1148 651 1182 ecclesiastiea
668 1149 872 1189 constitutae,
892 1155 953 1181 tam
970 1150 1001 1181 in
1024 1149 1168 1182 Romana

435 1202 533 1241 curia,
560 1212 655 1244 quam
681 1207 770 1234 extra
795 1212 873 1241 eam,
900 1203 939 1234 ad
964 1202 995 1235 id
1028 1213 1086 1245 per
1111 1213 1167 1235 eos

436 1260 467 1287 et
503 1265 617 1287 eorum
652 1254 796 1297 singulos
837 1255 979 1297 eligendi
1020 1266 1075 1288 seu
1112 1256 1169 1288 cli-

436 1308 577 1349 gendae,
604 1317 821 1350 quascumque
847 1308 1021 1351 pensiones
1047 1319 1168 1341 annuas

436 1360 482 1393 eis
507 1365 539 1393 et
562 1370 674 1392 eorum
699 1360 833 1402 singulis
852 1371 949 1404 super
968 1361 1170 1404 quibuscum-

436 1424 497 1456 que
522 1413 688 1453 fructibus,
716 1413 910 1453 redditibus,
941 1415 1166 1457 proventibus,

435 1466 557 1498 iuribus
583 1470 615 1498 et
639 1465 889 1499 obventionibus
915 1472 947 1499 et
972 1468 1171 1500 emolumen-

437 1519 476 1551 tis
501 1518 668 1558 universis,
695 1518 790 1551 certis
817 1524 849 1551 et
866 1519 1004 1559 incertis,
1025 1531 1170 1562 quarum-

436 1581 570 1614 cumque
584 1581 769 1604 mensarum
787 1572 1030 1615 episcopalium,
1048 1574 1172 1606 archie-

437 1623 647 1667 piscopalium
662 1629 695 1656 et
711 1619 932 1665 abbatialium,
949 1636 984 1657 ac
1001 1625 1097 1658 etiam
1114 1626 1172 1658 dis-

438 1676 668 1709 tributionibus
694 1677 900 1720 quotidianis,
928 1678 1023 1710 etiam
1045 1679 1171 1712 ratione

438 1728 559 1761 servitii
584 1734 615 1762 et
632 1728 801 1769 mercedis,
820 1729 1024 1771 dignitatum,
1043 1732 1172 1764 canoni-

439 1786 566 1817 catuum
590 1787 622 1814 et
638 1781 906 1824 praebendarum,
925 1788 1172 1827 ceterorumque

440 1833 574 1867 aliorum
591 1844 865 1877 quorumcumque
879 1835 1113 1869 beneficiorum
1128 1848 1174 1869 ec-

441 1886 721 1927 clesiasticorum,
760 1888 857 1920 etiam
893 1899 951 1931 per
986 1890 1173 1932 praedictae

441 1939 472 1972 S.
500 1939 538 1972 R.
565 1939 728 1973 Ecclesiae
757 1940 937 1974 cardinales
967 1943 1174 1976 obtentorum
1187 1954 1198 1968 ‘i

442 1999 474 2026 et
496 1992 528 2024 in
549 1998 711 2035 posterum
726 1993 986 2036 obtinendorum,
1008 2006 1079 2029 cum
1100 2000 1175 2030 cura
1195 1989 1197 2019 ’ἶ

443 2044 476 2078 e't
499 2045 567 2078 sine
593 2048 678 2085 cura,
704 2047 914 2080 saecularium
937 2054 968 2081 et
986 2051 1174 2091 quorumvis

443 2098 597 2130 Ordinum
615 2098 820 2141 regularium,
843 2110 898 2132 seu
920 2101 1052 2142 fructus,
1073 2103 1176 2136 reddi-

442 2141 494 2183 'tus
511 2155 543 2184 et
559 2157 731 2194 proventus
746 2152 929 2186 huiusmodi
943 2153 1176 2188 beneficiorum

446 2209 628 2237 reservatos
653 2215 710 2237 seu
734 2207 955 2247 reservandos,
984 2208 1107 2241 etiamsi
1129 2220 1177 2242 se-

440 2257 508 2288 'me‘t
534 2257 580 2288 vel
602 2256 724 2299 pluries
751 2259 923 2291 translatae
948 2269 1004 2292 seu
1031 2261 1176 2294 translati

447 2308 576 2349 suerint,
602 2320 703 2352 usque
729 2310 767 2342 ad
793 2320 948 2343 summam
974 2318 1103 2345 centum
1121 2314 1178 2346 du-

447 2367 592 2393 catorum
607 2360 674 2393 auri
689 2361 728 2394 de
743 2365 868 2395 camera
885 2363 1046 2406 similium,
1061 2365 1093 2398 in
1111 2372 1177 2400 toto

451 2416 495 2447 wi
522 2414 554 2446 in
578 2419 689 2457 parte,
717 2425 753 2447 ac
782 2415 813 2448 in
844 2419 907 2449 una
945 2428 999 2450 seu
1034 2419 1178 2461 pluribus

446 2467 581 2508 vicibus,
606 2477 641 2499 ac
658 2467 752 2500 etiam
771 2467 802 2500 in
820 2469 931 2502 mortis
949 2471 1093 2511 articulo,
1113 2484 1180 2505 cas-

449 2530 520 2553 sare
544 2524 575 2552 et
599 2519 797 2562 extinguere,
823 2526 853 2554 et
879 2528 1051 2566 postquam
1077 2535 1181 2557 cassa-

450 2579 500 2605 tae
533 2578 564 2605 et
600 2573 758 2606 extinctae
794 2574 921 2615 fuerint,
959 2576 1036 2609 alias
1061 2578 1181 2612 similes

449 2627 623 2671 pensiones
643 2638 776 2668 annuas,
803 2638 860 2660 seu
886 2629 1017 2670 fructus,
1039 2631 1180 2664 redditus

1008 260 1186 284 aurianum
1211 257 1363 282 ROMANFM

1205 313 1236 340 et
1261 311 1437 349 proventus
1455 305 1659 351 'lmiusmodh
1679 315 1784 348 usque
1803 305 1840 337 ad
1863 314 1946 336 sum-

1205 370 1289 391 mam
1314 358 1511 401 praedictam
1536 357 1590 389 uni
1617 358 1667 390 vel
1698 357 1844 400 pluribus
1872 356 1944 389 aliis

1206 411 1352 454 personis
1388 409 1617 443 ecclesiasticis
1643 410 1691 444 vel
1724 410 1821 443 etiarn
1853 408 1948 442 cleri-

1208 464 1268 496 cali
1293 464 1480 496 charactere
1507 467 1582 494 tunc
1615 463 1769 506 temporis
1803 463 1946 495 nondum

1207 516 1382 558 insignitis,
1408 525 1479 548 cmn
1505 516 1647 549 clausula
1676 521 1783 548 tamen
1808 526 1844 548 ex
1871 520 1947 547 tnnc

1207 574 1303 612 prout
1340 573 1510 611 postquam
1546 567 1631 601 dicto
1661 568 1851 601 charactere
1883 567 1946 599 rite

1208 621 1352 663 insigniti
1384 621 1526 660 fuerint,
1567 631 1626 664 per
1651 622 1782 654 eosdem
1819 622 1947 654 concla-

1208 675 1304 707 vistas
1338 679 1370 706 et
1406 684 1518 706 eorum
1547 673 1692 716 singulos
1729 674 1946 713 nominandis,

1209 727 1304 760 etiam
1330 736 1562 769 quaecumque,
1586 731 1803 769 quotcumque
1821 732 1853 759 et
1872 736 1949 769 qua-

1209 780 1388 823 liacumque
1424 779 1582 812 beneficia
1614 779 1834 812 ecclesiastica
1864 779 1948 812 obti-

1210 833 1360 866 nentibus
1386 838 1418 865 et
1447 832 1703 875 expectantibus,
1730 833 1810 865 alias
1840 837 1948 865 tamen

1210 887 1404 929 pensionum
1418 886 1600 928 capacibus,
1614 885 1763 919 similiter
1773 886 1829 925 eis,
1840 886 1949 928 quoad

1210 939 1354 979 vixerint,
1381 940 1429 971 vel
1456 949 1570 971 eorum
1600 938 1871 981 procuratoribus
1903 939 1949 971 le-

1211 1045 1331 1078 eisdem
1364 1044 1566 1077 conclavistis
1602 1049 1783 1077 reservatae
1813 1055 1868 1078 seu
1899 1054 1949 1077 re-

1211 1098 1327 1130 servati
1345 1102 1445 1137 erant,
1461 1097 1556 1129 etiam
1571 1096 1691 1140 absque
1708 1096 1865 1129 beneficia
1877 1096 1949 1139 ipsa

1189 1150 1426 1185 >obtinentium
1460 1160 1640 1190 consensu,
1668 1150 1793 1192 integre
1822 1149 1949 1192 persol-

1214 1203 1345 1241 vendas,
1372 1213 1407 1235 ac
1431 1212 1491 1245 per
1515 1212 1571 1235 eos
1598 1202 1732 1245 propria
1757 1202 1949 1235 auctoritate

1213 1255 1449 1298 percipiendas.
1471 1254 1648 1297 exigendas
1667 1259 1698 1287 et
1716 1255 1877 1294 levandas,
1896 1259 1951 1286 aut

1213 1308 1454 1351 percipiendos,
1469 1307 1645 1350 exigendos
1663 1312 1695 1340 et
1715 1307 1883 1347 levandos,
1902 1318 1951 1341 re-

1213 1371 1352 1399 servare,
1378 1360 1589 1399 constituere,
1613 1361 1795 1393 concedere
1822 1365 1854 1393 et
1873 1360 1951 1392 assi-

1213 1424 1313 1456 gnare
1337 1415 1481 1453 valeant3
1516 1414 1717 1457 praefatique
1750 1414 1950 1446 translatarii

1214 1467 1245 1499 in
1272 1467 1361 1510 quasi
1392 1466 1602 1509 possessione
1636 1467 1737 1500 dictas
1772 1467 1950 1510 pensiones

1214 1520 1375 1562 exigendi,
1403 1520 1435 1552 in
1456 1530 1518 1562 qua
1544 1519 1607 1563 ipsi
1631 1520 1844 1553 conclavistae
1871 1525 1952 1552 tem-

1215 1584 1292 1616 pore
1318 1573 1538 1605 translationis
1564 1583 1623 1616 per
1647 1583 1703 1606 eos
1734 1573 1953 1616 praesentium

1214 1626 1323 1668 vigore
1350 1626 1517 1658 faciendae
1543 1625 1732 1665 existebant,
1752 1626 1782 1658 in
1804 1625 1953 1659 omnibus

1215 1684 1248 1712 ct
1270 1678 1450 1722 peremnia
1471 1678 1639 1720 subrogati
1657 1688 1728 1711 esse
1747 1684 1952 1719 censeantur,

1216 1732 1311 1765 etiam
1330 1731 1540 1764 concedimus
1556 1731 1677 1774 pariter
1688 1736 1720 1764 et
1733 1731 1952 1774 indulgemus,

1217 1785 1338 1818 etiamsi
1371 1785 1511 1818 similem
1540 1785 1678 1827 gratiam
1711 1795 1729 1817 a
1760 1785 1954 1828 praedeces-

1217 1838 1344 1871 soribus
1370 1837 1490 1870 nostris
1508 1838 1586 1870 alias
1604 1837 1714 1870 forsan
1741 1837 1952 1878 obtinuerint,

1217 1896 1281 1924 tam
1298 1891 1409 1932 vigore
1433 1891 1572 1923 aliorum
1603 1890 1847 1933 privilegiorum
1878 1901 1955 1923 con-

1218 1944 1430 1983 clavistarum,
1458 1954 1555 1986 quam
1580 1954 1616 1976 ex
1650 1954 1855 1987 quocumque
1891 1943 1955 1976 alio

1218 1997 1344 2030 indulto
1371 2002 1402 2029 et
1425 1996 1619 2039 privilegio,
1645 2007 1781 2039 quorum
1807 1995 1956 2029 effectum

1196 2089 1198 2097 ἲ
1219 2060 1278 2093 per
1303 2050 1386 2082 hanc
1411 2060 1523 2082 novam
1550 2050 1684 2091 gratiam
1710 2055 1741 2082 et
1772 2049 1957 2082 concessio-

1219 2113 1292 2135 nem
1317 2103 1475 2145 impedirc
1500 2104 1660 2143 nolumus,
1686 2103 1741 2135 sed
1762 2102 1956 2135 cumulative

1197 2187 1199 2199 ι
1220 2166 1407 2188 concessam
1432 2156 1481 2188 VCl
1506 2166 1674 2188 COHCssSSssS
1696 2166 1767 2188 CSSG
1795 2156 1956 2195 VOllanlS,

1948 253 1998 280 An.
2019 253 2048 282 G.
2068 254 2141 281 ¹170

1220 2209 1300 2241 itaut
1325 2208 1460 2251 quilibet
1484 2219 1595 2241 eorum
1621 2209 1811 2241 cumulative
1837 2214 1869 2241 et
1893 2219 1959 2241 am·
1995 2220 2000 2226 ·

1220 2261 1351 2304 pliative
1377 2261 1548 2304 praedictis
1573 2261 1778 2294 facultatibus
1807 2272 1959 2304 praesen-

1223 2315 1305 2347 tibus
1330 2319 1361 2346 et
1386 2314 1570 2356 praeteritis
1589 2314 1767 2357 privilegiis
1787 2314 1896 2347 bacin
1922 2324 1957 2347 re

1223 2367 1383 2400 concessis
1409 2367 1466 2405 uti,
1494 2366 1555 2399 frui
1581 2371 1613 2399 et
1637 2367 1735 2410 potiri
1760 2367 1896 2410 possint.

1266 2420 1280 2462 ᾖ
1304 2419 1335 2453 8.
1362 2419 1581 2452 Decernentes
1613 2419 1699 2463 ipsas
1730 2421 1958 2454 translationes

1223 2478 1254 2506 et
1274 2483 1371 2506 novas
1396 2471 1641 2512 reservationes,
1664 2472 1911 2506 constitutiones
1929 2479 1961 2507 et

1224 2527 1460 2569 assignationes
1480 2526 1686 2569 pensionum,
1707 2537 1763 2559 seu
1790 2527 1959 2566 fructuum,

1226 2579 1406 2613 reddituum
1424 2584 1456 2612 et
1480 2584 1693 2621 proventuum
1716 2579 1898 2612 huiusmodi
1928 2585 1962 2612 ut

1225 2632 1408 2676 praefertur
1429 2632 1590 2665 faciendas
1610 2642 1646 2664 ex
1666 2642 1751 2665 nunc
1767 2636 1963 2676 proutpost-

1998 2428 2117 2455 ampliatio.
