2279 3260
151 246 199 273 An.
216 246 243 273 C.
268 247 329 275 1671

171 1358 254 1379 Causae
269 1359 322 1380 Con-

139 1385 265 1407 stitutionis.

968 245 1108 268 chnut-,Ns
1129 246 1148 269 X
1173 246 1220 269 PP.

342 296 420 329 stica
447 298 636 328 constitutae
664 293 804 333 munitis,
826 293 936 325 cadem
958 294 1077 336 ubique

342 348 420 382 fides
445 348 477 380 in
494 347 612 380 iudicio
630 351 660 379 et
674 351 761 378 extra
775 345 980 385 adhibeatur,
996 357 1076 388 quae

341 399 564 443 praesentibus
586 398 798 431 adhiberetur
821 398 846 430 si
870 398 973 430 forent
992 398 1077 430 exhi-

340 453 425 485 bitae
438 453 487 485 vel
506 456 665 485 ostensae.

383 505 495 537 Datum
519 504 660 543 Romae,
687 504 771 547 apud
803 503 833 536 S.
861 503 990 535 Mariam
1016 503 1078 535 Ma-

339 559 460 597 iorem,
489 558 550 589 sub
575 557 695 589 annulo
715 556 902 595 Piscatoris,
929 556 980 588 die
1006 566 1076 588 xx1v

339 610 521 643 decembris
547 619 706 649 noemin,
734 608 938 652 pontificatus
976 608 1076 641 nostri

339 674 424 695 anno
446 673 481 696 11.

375 724 433 751 Dat.
452 724 494 751 die
510 724 543 750 24
559 723 712 751 decembris
735 724 813 755 1671,
829 723 922 758 pontif.
943 730 1011 749 anno
1028 730 1057 749 11.

670 838 760 872 XCII.

338 908 546 950 Confirmatio
558 908 842 950 indulyenlim'um
858 908 1075 949 confratribus
1095 921 1097 932 ι

379 968 407 993 et
421 960 642 992 consororibus
656 960 934 1002 confralernitatis
954 960 993 992 B.
1011 959 1075 991 Ma·

377 1014 446 1045 riae
484 1013 629 1055 Viryz‘ul's
663 1012 700 1044 de
735 1013 841 1044 Monte
875 1011 1020 1045 Carmelo
1055 1022 1095 1043 α,

379 1066 485 1098 Paulo
516 1066 541 1096 V
563 1075 797 1101 concessarum,
817 1075 888 1096 cum
908 1064 1074 1096 additione
1093 1065 1094 1069 ’

378 1118 464 1162 quod
480 1119 644 1160 applicari
660 1119 784 1160 possint
802 1117 974 1149 animabus
991 1117 1073 1148 cliri-

377 1170 569 1213 stifidelinm.
595 1170 829 1213 defunctorum.

507 1259 510 1262 -
552 1241 686 1267 Clemens
707 1241 785 1273 Papa
805 1240 844 1273 X,

453 1288 487 1312 ad
507 1288 682 1319 perpetuam
702 1284 746 1311 rei
767 1285 945 1310 memoriam.

377 1348 465 1387 Cum,
489 1347 571 1379 sicut
592 1347 788 1390 accepimus,
805 1347 884 1379 alias
903 1347 1005 1379 felicis
1021 1357 1071 1379 re·
1090 1375 1092 1378 .

334 1400 528 1434 cordationis
553 1400 670 1432 Paulus
688 1400 772 1443 Papa
786 1400 816 1438 V,
839 1400 1070 1442 praedecessor

333 1458 465 1494 noster,
504 1452 761 1486 confraternitati
798 1452 850 1485 SS.
887 1452 1091 1495 Scapularis⁴

333 1512 535 1550 nuncupatae
569 1506 626 1538 sub
660 1506 862 1539 invocatione
890 1507 923 1539 B.
951 1506 1067 1539 Mariae

333 1559 470 1601 Virginis
488 1559 526 1591 de
544 1558 649 1590 Monte
668 1558 824 1598 Carmelo,
840 1558 972 1601 eiusque
991 1569 1067 1591 con—
1087 1587 1089 1594 ,

332 1612 483 1659 fratribus
509 1617 541 1644 et
560 1612 790 1644 consororibus
807 1622 880 1644 vere
901 1612 1068 1655 poeniten-

332 1665 417 1698 tibus
442 1670 473 1697 et
497 1664 654 1697 confessis
679 1675 714 1696 ac
732 1667 821 1696 sacra
837 1665 1064 1697 communione

330 1717 469 1757 resectis,
489 1717 542 1760 qui
564 1717 731 1749 ecclesiam
755 1727 812 1748 seu
838 1718 994 1760 capellam
1015 1719 1064 1750 vel

331 1770 526 1808 oratorium,
551 1770 583 1801 in
609 1780 672 1812 qua
704 1780 761 1801 seu
788 1780 850 1811 quo
887 1771 1087 1805 confrater-l

330 1823 413 1855 nitas
435 1822 620 1855 huiusmodi
645 1822 801 1854 canonice
826 1822 970 1855 instituta
990 1824 1065 1856 fuis-
1085 1854 1086 1857 ,

1085 1879 1327 1906 *emanatarum
1352 1875 1451 1906 forma
1476 1880 1507 1907 et
1537 1875 1764 1918 dispositione,
1787 1887 1842 1919 ap-

330 1881 391 1916 set,
406 1875 438 1908 in
454 1875 534 1908 festo
553 1875 724 1918 principali
742 1876 1064 1909 Commemorationis

330 1929 474 1961 eiusdem
501 1928 616 1960 Beatae
642 1928 757 1961 Mariae
783 1929 920 1971 Virginis
947 1930 997 1962 die
1014 1941 1064 1963 xv1

330 1982 447 2015 mensis
472 1982 553 2021 iulii,
573 1987 635 2021 aut,
661 1982 747 2014 iuxta
772 1982 866 2014 ritum
892 1985 1065 2016 nonnullo-

328 2045 400 2066 rum
424 2035 585 2074 locorum,
612 2034 663 2066 die
694 2034 854 2066 dominica
878 2035 1063 2069 immediate

328 2088 474 2130 sequenti
496 2087 653 2119 celebrari
679 2087 783 2125 solito,
802 2088 914 2119 devote
941 2089 1063 2121 visitas-

329 2145 412 2179 sent,
426 2139 513 2172 etibi
535 2150 594 2182 pro
612 2139 864 2172 christianorum
883 2141 1062 2184 principum

328 2192 524 2231 concordia,
557 2192 728 2224 haeresum
761 2193 996 2235 extirpatione,
1030 2205 1064 2226 ac

329 2252 458 2277 sanctae
473 2244 578 2276 Matris
596 2244 759 2277 Ecclesiae
781 2246 973 2279 exaltatione
993 2247 1062 2289 pias

328 2298 367 2330 ad
392 2298 493 2330 Deum
517 2307 629 2340 preces
650 2297 847 2338 ell'udissent,
873 2300 1060 2341 plenariam3

328 2361 363 2383 ac
387 2351 507 2383 eisdem
531 2350 744 2382 confratribus
778 2356 808 2383 et
832 2352 1062 2385 consororibus

327 2403 423 2435 etiam
447 2412 521 2434 vere
538 2402 780 2445 poenitentibus
798 2408 829 2436 et
845 2404 1009 2444 confessis,
1027 2416 1062 2437 ac

328 2460 417 2489 sacra
441 2454 669 2487 communione
689 2455 831 2496 refectis,
859 2456 912 2499 qui
934 2468 1062 2500 proces-

326 2507 471 2541 sionibus
491 2507 523 2539 in
538 2509 600 2539 una
613 2507 775 2540 dominica
789 2508 963 2541 cuiuslibet
976 2520 1061 2542 men-

327 2560 368 2593 sis
388 2570 446 2603 pcr
460 2560 578 2592 dictam
597 2560 894 2594 confraternitatem
909 2562 947 2594 de
963 2562 1061 2594 licen-

328 2613 369 2646 tia
393 2613 637 2645 Ordinariorum
672 2614 818 2646 locorum
849 2613 916 2646 fieri
943 2615 1058 2648 solitae

1119 294 1233 325 devote
1258 293 1494 333 interfuissent,
1516 295 1568 326 ot*
1593 299 1627 327 ut
1652 305 1749 338 supra
1781 306 1852 327 ora-

1119 346 1246 385 vissent,
1262 346 1439 388 plenariam
1458 346 1606 379 similiter
1620 347 1764 379 omnium
1780 358 1852 390 pec-

1119 404 1264 431 catorum
1284 411 1414 433 suorum
1435 400 1672 441 indulgentiam
1690 405 1722 432 et
1739 401 1854 433 remis-

1119 451 1252 490 sionem,
1273 462 1398 484 necnon
1416 452 1493 484 alias
1512 451 1785 494 poenitentiarum
1804 462 1854 484 re-

1117 504 1294 541 laxationes
1312 505 1433 538 eisdem
1454 504 1670 537 confratribus
1689 510 1721 536 et
1738 515 1854 537 conso-

1119 557 1245 588 roribus
1264 562 1348 589 ccrta
1367 557 1497 600 Ius-'tatis
1518 562 1549 589 et
1568 556 1734 588 charitatis
1755 567 1852 599 opera

1119 610 1347 652 peragentibus
1379 609 1636 641 misericorditer
1661 609 1690 640 in
1717 609 1851 642 Domino

1118 668 1276 705 perpetuo
1302 662 1522 702 concesserit,
1548 667 1643 705 prout
1668 662 1700 694 in
1736 662 1852 694 litteris

1104 714 1303 760 'apostolicis
1321 715 1395 747 dicti
1411 715 1499 747 Pauli
1518 714 1780 757 praedecessoris
1799 715 1853 746 de-

1119 777 1216 809 super
1247 767 1405 809 expeditis
1437 766 1564 810 plenius
1598 767 1716 799 dicitur
1743 767 1849 799 conti-

1119 820 1186 851 neri
1206 831 1212 851 z

1161 872 1175 913 ξ
1200 872 1230 903 l.
1258 872 1332 909 Nos,
1351 878 1384 904 ut
1401 872 1648 905 confraternitas
1665 872 1850 905 huiusmodi

1117 925 1239 957 maiora
1264 925 1295 956 in
1322 925 1390 957 dies
1414 925 1570 968 suscipiat
1588 926 1796 966 incrementa,
1813 927 1851 959 de

1117 977 1348 1019 omnipotentis
1374 977 1429 1009 Dei
1456 978 1680 1011 misericordia
1707 989 1742 1011 ac
1776 980 1852 1012 bea-

1117 1034 1220 1061 torum
1246 1029 1329 1061 Petri
1363 1035 1394 1061 et
1423 1030 1511 1062 Pauli
1537 1032 1757 1073 apostolorum
1783 1032 1850 1065 eius

1116 1082 1305 1114 auctoritate
1324 1081 1447 1120 confisi,
1469 1083 1759 1125 supplicationibus
1777 1095 1851 1127 quo-

1115 1144 1176 1176 que
1202 1134 1309 1166 dilecti
1333 1134 1387 1166 filii
1406 1134 1558 1167 Matthaei
1576 1135 1706 1168 Orlandi
1723 1136 1850 1169 Ordinis

1115 1186 1258 1219 eiusdem
1292 1187 1326 1219 Β.
1357 1187 1472 1219 Mariae
1502 1187 1640 1230 Virginis
1672 1189 1711 1221 de
1744 1189 1849 1223 Monte

1113 1238 1260 1272 Carmelo
1285 1240 1402 1282 prioris
1427 1241 1588 1282 generalis
1612 1242 1707 1274 nobis
1736 1242 1846 1275 humi-

1113 1292 1185 1324 liter
1210 1303 1308 1335 super
1333 1293 1395 1325 hoc
1420 1293 1577 1336 porrectis
1603 1294 1759 1335 inclinati,
1781 1305 1849 1328 om-

1113 1355 1168 1377 nes
1194 1350 1226 1377 et
1250 1346 1393 1387 singulas
1420 1346 1638 1389 indulgentias
1669 1353 1700 1380 et
1730 1358 1849 1391 pecca-

1111 1402 1216 1430 torum
1252 1398 1458 1431 remissiones
1497 1410 1532 1431 ac
1571 1400 1846 1443 poenitentiarum

1110 1451 1342 1491 relaxationes,
1369 1462 1427 1494 per
1452 1452 1572 1484 dictum
1597 1452 1731 1485 Paulum
1755 1464 1848 1496 prae-

1110 1503 1312 1536 decessorem
1338 1505 1440 1537 dictae
1471 1505 1729 1537 confraternitati
1762 1506 1846 1538 eius-

1109 1568 1170 1600 que
1210 1558 1425 1590 cumfratribus
1470 1563 1500 1590 et
1541 1559 1771 1591 consororibus
1811 1566 1846 1592 ut

1109 1610 1289 1651 praefertur
1313 1621 1493 1650 concessas,
1520 1611 1689 1643 animabus
1713 1611 1845 1644 christi-

1107 1661 1263 1702 fidelium,
1284 1673 1365 1705 quae
1390 1663 1454 1695 Deo
1473 1663 1629 1696 charitate
1651 1664 1844 1697 coniunctae

1107 1716 1145 1747 ab
1178 1715 1237 1747 liae
1272 1717 1341 1748 luce
1375 1716 1602 1758 migraverint,
1629 1727 1688 1760 per
1712 1718 1842 1750 modum

1107 1766 1268 1810 suffragii,
1307 1771 1433 1800 servata
1467 1768 1500 1800 iu
1532 1769 1664 1812 reliquis
1697 1769 1842 1802 eiusdem

1107 1820 1194 1853 Pauli
1220 1822 1482 1864 praedecessoris
1501 1821 1678 1854 litterarum
1701 1823 1842 1867 desuper

1106 1926 1219 1969 plicari
1244 1937 1350 1969 posse,
1365 1927 1553 1959 auctoritate
1579 1928 1770 1970 apostolica,
1795 1934 1841 1961 te-

1106 1990 1183 2012 nore
1204 1980 1436 2023 praesentium,
1455 1980 1713 2014 misericorditer
1730 1982 1762 2013 in
1781 1982 1841 2014 Do-

1105 2032 1212 2071 mino,
1244 2033 1340 2065 etiam
1372 2038 1548 2075 perpetuo,
1574 2033 1782 2066 concedimus
1809 2040 1841 2067 et

1105 2085 1322 2127 indulgemus.
1355 2085 1389 2117 In
1422 2085 1619 2118 contrarium
1650 2086 1840 2119 facientibus

1084 2133 1086 2138 ’
1106 2149 1169 2170 non
1195 2139 1398 2170 obstantibus
1415 2138 1683 2182 quibuscumque.

1149 2191 1214 2233 §2
1242 2192 1392 2224 Volumus
1429 2196 1535 2224 autem
1569 2193 1657 2235 quod
1686 2204 1840 2236 praesen-

1106 2245 1183 2275 tium
1221 2244 1430 2287 transumptis
1454 2272 1461 2284 ‚
1502 2245 1599 2277 etiam
1638 2245 1836 2289 impressis,

1105 2307 1200 2328 manu
1235 2297 1375 2329 alieuius
1412 2297 1527 2330 notarii
1552 2298 1673 2340 publici
1699 2300 1840 2331 subscri-

1103 2349 1189 2392 ptis,
1217 2355 1249 2382 et
1280 2351 1388 2393 sigillo
1422 2361 1580 2393 personae
1612 2351 1645 2383 in
1683 2352 1839 2394 dignitate

1103 2403 1322 2436 ecclesiastic-a
1344 2404 1538 2436 constitutae
1556 2405 1695 2445 munitis,
1723 2407 1838 2437 eadem

1102 2466 1235 2498 prorsus
1252 2455 1333 2489 fides
1359 2457 1565 2496 adhibeatur,
1593 2468 1675 2500 quae
1707 2458 1839 2490 adhibe-

1104 2514 1195 2540 retur
1218 2509 1446 2551 praesentibus
1472 2510 1498 2542 si
1530 2511 1638 2543 forent
1670 2511 1836 2543 exhibitae

1104 2563 1152 2594 vel
1185 2567 1350 2595 ostensae.

1136 2624 1149 2649 1
1167 2623 1298 2650 Coniunct
1320 2629 1346 2651 et
1361 2625 1483 2651 addimus
1495 2633 1523 2651 ex
1537 2625 1721 2651 edit.Cherub
1744 2625 1833 2660 (aaz).

1753 237 1817 271 295
1863 247 1910 273 An.
1928 246 1956 272 e.
1980 245 2046 273 1572

1909 885 2048 906 Conni-matur

1864 914 1886 931 ut
1902 911 1921 931 ln
1933 912 2017 932 rubiaca

1884 2202 2033 2228 'transumpto-

1850 2235 1895 2249 rum
1911 2229 1971 2249 tides.
