2279 3260
974 246 1068 269 ianm
1097 245 1198 269 aarum
1752 240 1815 271 703

402 296 524 340 egredi,
549 297 647 336 ibide,
667 297 818 330 eremitae
844 298 997 340 praedicti
1023 298 1142 342 priores
1167 298 1241 331 solis
1265 299 1381 332 oblatis
1400 305 1533 342 possunt
1559 301 1735 334 concedere
1755 302 1860 334 sacul-

401 356 498 384 tatem
525 349 721 394 egrediendi,
748 349 813 383 108
837 361 874 389 a;
900 351 1052 385 eremitae
1076 350 1336 385 Camaldulenscs
1363 351 1504 393 priores,
1534 362 1616 395 quae
1647 364 1703 396 per
1736 353 1859 387 oblatos

398 409 486 436 extra
516 413 661 436 eremum
695 404 798 436 facere
833 409 989 447 possunt,
1025 404 1139 437 iaciant
1173 414 1229 447 per
1253 404 1339 448 ipsos
1356 431 1363 443 ,
1390 404 1492 444 ihict.;
1517 405 1669 438 eremitae
1704 408 1857 450 praedicti

398 456 565 496 Etruriae,
596 456 851 490 Montiscoronae
892 468 928 491 ae
961 456 1207 490 Pedemontium
1233 456 1372 490 nationis
1399 457 1555 490 uniuntur
1572 458 1610 490 ab
1631 459 1759 492 Urbano
1779 460 1855 501 Vlll,

400 507 465 541 :360
489 519 536 549 α;
564 509 646 543 hanc
670 509 823 543 unionem
847 510 994 543 Clemens
1020 509 1059 542 lx
1085 510 1233 542 dissolvit
1258 516 1288 543 et
1314 510 1345 542 in
1372 510 1544 552 pristinum
1565 516 1680 544 statum
1708 512 1858 551 restituit,

401 560 460 594 361
492 572 531 601 (τ’,
558 573 694 607 eamque
726 562 843 596 iterum
869 569 1005 596 tractare
1038 562 1097 596 sub
1122 563 1270 605 gravibus
1303 562 1414 606 poenis
1440 563 1655 603 interdicitur,
1679 563 1744 596 :363
1768 576 1798 597 α.

312 614 457 648 Examini
482 615 623 660 episcopi
658 617 780 660 absque
804 617 869 649 ulla
894 615 1119 660 praefinitione
1154 616 1307 658 temporis
1339 615 1546 659 approbantis
1580 615 1617 648 ad
1645 616 1858 651 consessiones

400 679 465 702 non
490 674 537 702 est
556 669 673 702 iterum
700 669 921 703 subiiciendus
947 669 1118 712 regularis,
1145 668 1186 701 56
1211 669 1228 699 b
1253 674 1284 702 et
1309 679 1369 712 seq.

313 721 639 755 Excommunicantur
662 722 717 766 qui
743 722 951 756 vulnerarunt
977 722 1125 755 Iacobum
1151 721 1367 763 patriarcham
1393 722 1647 762 Antiochenam,
1671 724 1745 757 item
1773 735 1860 757 com-

401 776 498 818 plices
523 777 659 809 scientes
691 781 723 809 et
755 785 817 808 non
845 776 1042 812 revelantes,
1069 774 1134 807 373
1159 785 1179 806 α
1206 780 1236 807 et
1260 785 1334 817 seq.;
1366 776 1529 818 regulares
1554 777 1791 810 emendicantes
1821 777 1859 810 ab

399 828 558 872 episeopis
582 828 718 871 gradum
746 827 852 861 vicarii
869 827 1026 869 generalis
1051 827 1136 870 apud
1155 827 1246 859 Sinas
1271 832 1301 859 et
1326 827 1403 860 alias
1425 828 1604 861 infidelium
1624 836 1740 872 parteS,
1761 830 1824 863 4:35
1843 831 1859 861 I»

398 887 429 914 et
448 892 526 924 seq.;
550 882 684 914 edentes
701 881 798 914 libros
823 881 863 913 ad
887 880 1054 913 missiones
1079 885 1260 923 spectantes
1284 880 1405 923 absque
1438 881 1567 914 licentia
1597 882 1859 925 Congregationis

400 935 439 966 de
463 933 674 977 propaganda
692 933 780 971 Fide,
797 932 862 966 393
887 932 917 972 b3
943 932 1153 975 impedientes
1178 942 1341 965 accessum
1367 933 1641 968 missionariorum
1667 936 1707 967 ad
1732 936 1859 979 laponia

400 993 431 1020 et
455 986 516 1019 alia
548 996 647 1029 regna
671 985 854 1026 indiarum,
886 985 950 1019 485
975 997 995 1018 a
1019 992 1048 1018 et
1075 986 1112 1025 ὓς,
1144 986 1419 1019 contravenientes
1457 986 1593 1020 decretis
1623 988 1859 1022 declarantibus

401 1040 514 1072 fratres
539 1039 742 1072 Excalceatos
767 1039 867 1071 sancti
894 1038 1061 1081 Augustini
1088 1048 1156 1071 esse
1180 1048 1253 1071 vere
1278 1038 1361 1071 filios
1388 1039 1488 1072 sancti
1518 1041 1697 1082 Augustini,
1726 1048 1754 1074 et
1786 1052 1860 1084 gau-

399 1091 474 1124 dere
497 1091 670 1134 privilegiis
693 1091 928 1130 Calceatorum,
954 1090 1018 1123 465
1043 1091 1083 1127 b:
1111 1091 1310 1124 extrahentes
1334 1092 1435 1124 libros
1463 1103 1499 1124 ex
1525 1092 1726 1127 bibliothecis
1744 1094 1861 1128 Cister-

399 1144 556 1177 ciensium
581 1144 853 1185 Reformatorum,
873 1143 933 1177 591
958 1155 976 1176 α
1002 1150 1029 1177 et
1056 1144 1083 1176 b.

311 1196 684 1231 Excommunicationem
701 1196 869 1229 incurrunt
886 1203 1089 1240 usurpantes,
1104 1197 1288 1230 invadentes
1305 1198 1375 1230 loca
1391 1198 1463 1231 Sedi
1482 1199 1684 1241 Apostolicae
1702 1201 1857 1239 subiecta,

399 1251 464 1284 179
489 1251 522 1287 b:
546 1251 719 1290 haeretici,
748 1260 859 1284 eorum
885 1251 1089 1287 defensores,
1115 1252 1287 1284 retinentes
1324 1250 1421 1284 libros
1450 1250 1489 1284 de
1515 1252 1638 1286 haeresi
1664 1259 1857 1292 tractantes,

400 1305 544 1347 legentes
568 1310 597 1337 et
624 1303 856 1347 imprimentes,
876 1303 941 1336 176
966 1314 1011 1342 (ew,
1037 1303 1232 1336 offendentes
1257 1304 1288 1337 S.
1315 1304 1351 1337 R.
1381 1305 1414 1337 E.
1443 1305 1632 1346 cardinales,
1649 1306 1858 1349 patriarchas,

401 1357 579 1400 episcopos,
606 1355 669 1388 177
696 1356 732 1397 b;
757 1356 958 1400 imponentes
976 1366 1073 1389 onera
1092 1357 1317 1390 ecelesiasticis
1338 1358 1406 1390 sine
1424 1357 1553 1391 licentia
1574 1358 1708 1391 Romani
1730 1359 1861 1392 Pontifi-

402 1410 459 1449 cis,
482 1409 546 1442 179
572 1410 604 1449 b;
630 1409 748 1442 falsarii
767 1410 946 1443 litterarum
972 1410 1222 1453 apostolicarum
1249 1410 1343 1443 etiam
1371 1411 1401 1442 in
1427 1411 1528 1444 forma
1554 1411 1714 1448 Breviurn,
1739 1411 1803 1444 177
1829 1412 1859 1451 b;

401 1462 580 1495 ambientes
605 1462 827 1499 Cassinenses,
852 1462 916 1496 105
942 1474 979 1497 a:
1004 1463 1171 1502 Olivetani,
1198 1462 1276 1503 167;
1302 1463 1508 1508 Cappuccini,
1534 1463 1592 1496 ⁶261
1624 1475 1663 1503 ιι;
1697 1465 1858 1504 Theatini,

399 1515 464 1548 427
490 1527 523 1548 a.

311 1569 535 1612 Exemptioues
561 1579 788 1613 quaecumque
813 1581 829 1602 a
855 1569 1066 1613 vectigalibus
1084 1576 1115 1603 et
1131 1570 1200 1603 aliis
1220 1569 1358 1613 publicis
1371 1570 1523 1603 oneribus
1548 1571 1722 1611 irritantur,
1745 1571 1810 1604 1023
1824 1583 1856 1611 u;

321 1615 332 1624 ὁ
400 1622 476 1655 item
501 1622 722 1665 exemptiones
747 1634 764 1656 a
789 1623 948 1656 solutione
972 1622 1105 1655 subsidii
1132 1623 1309 1664 triennalis,
1329 1623 1430 1659 il12‘cl.;
1450 1624 1525 1656 item
1547 1624 1765 1667 exemptiones
1783 1634 1858 1657 con-

399 1675 586 1719 sanguineis
606 1675 800 1709 Pontificum
826 1686 843 1708 a
870 1676 1077 1719 vectigalibus
1103 1686 1287 1715 concessae,
1315 1675 1380 1708 125
1404 1676 1431 1708 b.

311 1728 503 1762 Eximuntur
526 1739 543 1761 a
568 1729 679 1771 spoliis
696 1728 843 1762 nonnulli
861 1729 1034 1762 familiares
1056 1729 1160 1772 Papae
1178 1728 1303 1761 etiamsi
1323 1729 1362 1761 ab
1379 1729 1530 1762 intestato
1548 1729 1756 1767 decesserint,
1780 1729 1820 1763 92
1839 1731 1855 1761 [ι

399 1787 428 1814 et
449 1791 522 1824 seq„
550 1779 613 1814 287
639 1791 675 1820 ας
699 1780 777 1814 item
802 1780 1015 1814 conclavistae
1040 1786 1071 1814 et
1094 1781 1242 1824 dapiferi,
1269 1782 1339 1814 vide
1364 1781 1592 1821 Conclavistac‚
1621 1788 1678 1815 etc.

312 1834 471 1867 Extractio
496 1834 715 1878 Reliquiarum
742 1844 778 1867 ex
806 1833 1009 1868 coemeteriis
1033 1834 1138 1873 Urbis,
1166 1845 1181 1866 a
1208 1844 1272 1878 quo
1297 1840 1328 1867 et
1353 1835 1516 1877 quomodo
1543 1835 1607 1868 sieri
1633 1835 1760 1874 debeat3
1789 1837 1858 1869 ride

399 1886 576 1930 Reliquiae.

1067 2037 1089 2069 F

311 2150 494 2184 Familiares
519 2151 665 2184 nonnulli
693 2152 862 2185 Clementis
890 2153 912 2184 X
938 2153 1182 2186 constituuntur
1206 2150 1323 2183 notarii
1356 2151 1555 2193 Apostolicac
1580 2151 1670 2184 Sedis
1693 2151 1761 2185 sine
1787 2163 1856 2196 par-

399 2204 599 2247 ticipantium
625 2205 837 2248 praeiudicio,
872 2206 951 2238 sacri
978 2205 1086 2249 palatii
1117 2209 1148 2237 ct
1172 2205 1262 2237 aulae
1292 2205 1516 2238 Lateranensis
1541 2205 1686 2245 comites,
1715 2205 1856 2249 equites,

399 2256 523 2291 nobiles
547 2259 685 2299 romani,
703 2265 733 2292 et
752 2259 833 2292 cives
858 2259 1015 2302 cuiusque
1039 2257 1175 2292 civitatis
1202 2258 1404 2300 Apostolicae
1436 2257 1510 2291 Sedi
1534 2257 1710 2297 subiectae,
1731 2258 1856 2291 etiamsi

400 2310 545 2343 habitum
575 2317 604 2344 et
624 2312 822 2346 rot-chettura
850 2323 914 2345 nou
942 2312 1100 2351 deferant,
1127 2312 1176 2343 vel
1197 2321 1252 2343 eas
1278 2311 1420 2345 civitates
1444 2321 1611 2355 nunquam
1636 2312 1852 2351 incoluerint,

400 2363 442 2397 88
467 2364 484 2395 b
508 2369 538 2397 et
561 2375 649 2408 seq.;
674 2365 846 2399 familiares
871 2364 1049 2408 praedicti,
1077 2364 1233 2407 quamdiu
1266 2364 1462 2405 inserviunt,
1489 2375 1507 2397 a
1531 2365 1693 2398 solutione
1718 2365 1856 2407 vectiga-

400 2417 478 2450 lium
515 2417 717 2461 aliorumque
754 2429 887 2451 onerum
924 2418 1125 2458 eximuntur,
1153 2416 1194 2449 89
1219 2418 1255 2457 h;
1282 2423 1312 2450 et
1348 2428 1365 2450 a
1400 2417 1559 2461 personali
1598 2417 1768 2451 residentia
1800 2427 1856 2459 per

400 2480 623 2514 quaecumque
649 2471 778 2504 obtenta
801 2471 960 2506 beneficia
984 2471 1222 2514 dispensantur,
1251 2470 1293 2503 90
1318 2481 1362 2509 (ι’,
1391 2470 1564 2503 familiares
1591 2470 1724 2513 praefati
1752 2480 1856 2513 quae-

400 2533 539 2566 cumque
569 2524 633 2556 duo
658 2523 826 2558 dissimilia
860 2524 907 2558 vel
942 2523 1100 2567 simplicia
1132 2523 1247 2557 similia
1280 2523 1340 2556 sub
1365 2522 1500 2566 singulis
1525 2522 1628 2556 tribus
1653 2523 1745 2555 tectis
1769 2533 1852 2565 qua—

399 2585 613 2619 rumcumque
639 2577 735 2610 trium
760 2577 993 2611 cathedralium
1018 2582 1152 2621 possunt.
1176 2577 1335 2616 retinere,
1365 2577 1541 2610 dummodo
1573 2576 1627 2608 illa
1651 2575 1758 2608 omnia
1783 2586 1854 2618 per—

398 2629 540 2663 sonalem
567 2629 773 2663 residentiam
809 2641 875 2665 non
911 2630 1098 2675 requirant,
1121 2630 1219 2668 2'bid.;
1244 2629 1454 2663 familiaribus
1486 2629 1596 2662 iisdem
1630 2628 1793 2661 indultum
1818 2634 1852 2661 ut
