<?xml version="1.0" encoding="UTF-8"?>
<!DOCTYPE html PUBLIC "-//W3C//DTD XHTML 1.0 Transitional//EN"
    "http://www.w3.org/TR/xhtml1/DTD/xhtml1-transitional.dtd">
<html xmlns="http://www.w3.org/1999/xhtml" xml:lang="en" lang="en">
 <head>
  <title>
</title>
<meta http-equiv="Content-Type" content="text/html;charset=utf-8" />
  <meta name='ocr-system' content='tesseract 3.04.00' />
  <meta name='ocr-capabilities' content='ocr_page ocr_carea ocr_par ocr_line ocrx_word'/>
</head>
<body>
  <div class='ocr_page' id='page_1' title='image "./bullarumdiplomat18cath_0778.png"; bbox 0 0 2279 3260; ppageno 0'>
   <div class='ocr_carea' id='block_1_1' title="bbox 429 257 511 354">
    <p class='ocr_par' dir='ltr' id='par_1_1' title="bbox 429 257 511 354">
     <span class='ocr_line' id='line_1_1' title="bbox 471 257 511 290; baseline 0 0"><span class='ocrx_word' id='word_1_1' title='bbox 471 257 511 290; x_wconf 72' lang='lat'>74</span> 
     </span>
     <span class='ocr_line' id='line_1_2' title="bbox 429 319 511 354; baseline -0.024 -1"><span class='ocrx_word' id='word_1_2' title='bbox 429 319 511 354; x_wconf 68' lang='lat' dir='ltr'>XCV.</span> 
     </span>
    </p>
   </div>
   <div class='ocr_carea' id='block_1_2' title="bbox 516 257 1379 289">
    <p class='ocr_par' dir='ltr' id='par_1_2' title="bbox 516 257 1379 289">
     <span class='ocr_line' id='line_1_3' title="bbox 516 257 1379 289; baseline -0.002 -4"><span class='ocrx_word' id='word_1_3' title='bbox 516 257 534 289; x_wconf 88' lang='grc'>0</span> <span class='ocrx_word' id='word_1_4' title='bbox 1025 259 1202 284; x_wconf 69' lang='lat' dir='ltr'>MILLARIUM</span> <span class='ocrx_word' id='word_1_5' title='bbox 1229 259 1379 283; x_wconf 68' lang='lat' dir='ltr'>nummu</span> 
     </span>
    </p>
   </div>
   <div class='ocr_carea' id='block_1_3' title="bbox 517 312 1181 837">
    <p class='ocr_par' dir='ltr' id='par_1_3' title="bbox 517 312 1181 837">
     <span class='ocr_line' id='line_1_4' title="bbox 551 312 1171 351; baseline -0.013 0"><span class='ocrx_word' id='word_1_6' title='bbox 551 318 724 351; x_wconf 85' lang='lat' dir='ltr'>Confirmat</span> <span class='ocrx_word' id='word_1_7' title='bbox 758 315 925 348; x_wconf 86' lang='lat' dir='ltr'>decretum</span> <span class='ocrx_word' id='word_1_8' title='bbox 952 322 1061 346; x_wconf 87' lang='lat' dir='ltr'>sacrae</span> <span class='ocrx_word' id='word_1_9' title='bbox 1086 312 1171 344; x_wconf 65' lang='lat' dir='ltr'>(lon-</span> 
     </span>
     <span class='ocr_line' id='line_1_5' title="bbox 517 366 1175 413; baseline -0.012 -9"><span class='ocrx_word' id='word_1_10' title='bbox 517 369 714 413; x_wconf 75' lang='lat' dir='ltr'>gregationis</span> <span class='ocrx_word' id='word_1_11' title='bbox 739 367 878 411; x_wconf 80' lang='lat' dir='ltr'>negotiis</span> <span class='ocrx_word' id='word_1_12' title='bbox 898 366 1126 410; x_wconf 87' lang='lat' dir='ltr'>episcoporum</span> <span class='ocrx_word' id='word_1_13' title='bbox 1145 369 1175 397; x_wconf 89' lang='lat' dir='ltr'>et</span> 
     </span>
     <span class='ocr_line' id='line_1_6' title="bbox 519 416 1174 467; baseline -0.012 -11"><span class='ocrx_word' id='word_1_14' title='bbox 519 422 719 467; x_wconf 68' lang='lat' dir='ltr'>regularium</span> <span class='ocrx_word' id='word_1_15' title='bbox 758 419 983 465; x_wconf 83' lang='lat' dir='ltr'>praepositae,</span> <span class='ocrx_word' id='word_1_16' title='bbox 1021 416 1174 450; x_wconf 88' lang='lat' dir='ltr'>nimirum</span> 
     </span>
     <span class='ocr_line' id='line_1_7' title="bbox 520 472 1173 518; baseline -0.014 -8"><span class='ocrx_word' id='word_1_17' title='bbox 520 488 584 510; x_wconf 93' lang='lat' dir='ltr'>non</span> <span class='ocrx_word' id='word_1_18' title='bbox 611 476 709 509; x_wconf 88' lang='lat' dir='ltr'>licere</span> <span class='ocrx_word' id='word_1_19' title='bbox 735 473 896 518; x_wconf 80' lang='lat' dir='ltr'>parochis,</span> <span class='ocrx_word' id='word_1_20' title='bbox 925 472 1096 504; x_wconf 76' lang='lat' dir='ltr'>occasione</span> <span class='ocrx_word' id='word_1_21' title='bbox 1121 480 1173 502; x_wconf 87' lang='lat' dir='ltr'>as-</span> 
     </span>
     <span class='ocr_line' id='line_1_8' title="bbox 519 523 1179 566; baseline -0.015 -2"><span class='ocrx_word' id='word_1_22' title='bbox 519 528 705 564; x_wconf 86' lang='lat' dir='ltr'>sociationis</span> <span class='ocrx_word' id='word_1_23' title='bbox 736 527 952 564; x_wconf 86' lang='lat' dir='ltr'>cadaverum,</span> <span class='ocrx_word' id='word_1_24' title='bbox 982 523 1107 566; x_wconf 78' lang='lat' dir='ltr'>ingredi</span> <span class='ocrx_word' id='word_1_25' title='bbox 1134 532 1179 555; x_wconf 89' lang='lat' dir='ltr'>re-</span> 
     </span>
     <span class='ocr_line' id='line_1_9' title="bbox 521 574 1180 626; baseline -0.014 -11"><span class='ocrx_word' id='word_1_26' title='bbox 521 581 682 626; x_wconf 78' lang='lat' dir='ltr'>gularium</span> <span class='ocrx_word' id='word_1_27' title='bbox 702 578 864 618; x_wconf 77' lang='lat' dir='ltr'>ecclesias,</span> <span class='ocrx_word' id='word_1_28' title='bbox 884 577 940 610; x_wconf 89' lang='lat' dir='ltr'>sed</span> <span class='ocrx_word' id='word_1_29' title='bbox 956 575 1057 610; x_wconf 90' lang='lat' dir='ltr'>teneri</span> <span class='ocrx_word' id='word_1_30' title='bbox 1076 574 1180 608; x_wconf 91' lang='lat' dir='ltr'>dimit-</span> 
     </span>
     <span class='ocr_line' id='line_1_10' title="bbox 525 627 1180 668; baseline -0.014 0"><span class='ocrx_word' id='word_1_31' title='bbox 525 642 591 668; x_wconf 87' lang='lat' dir='ltr'>tere</span> <span class='ocrx_word' id='word_1_32' title='bbox 617 633 774 667; x_wconf 87' lang='lat' dir='ltr'>cadavera</span> <span class='ocrx_word' id='word_1_33' title='bbox 804 631 844 664; x_wconf 88' lang='lat' dir='ltr'>ad</span> <span class='ocrx_word' id='word_1_34' title='bbox 874 630 1002 662; x_wconf 87' lang='lat' dir='ltr'>ianuam</span> <span class='ocrx_word' id='word_1_35' title='bbox 1030 627 1180 661; x_wconf 81' lang='lat' dir='ltr'>ecclesia-</span> 
     </span>
     <span class='ocr_line' id='line_1_11' title="bbox 522 680 1178 727; baseline -0.014 -6"><span class='ocrx_word' id='word_1_36' title='bbox 522 698 611 727; x_wconf 86' lang='lat' dir='ltr'>rum·‚</span> <span class='ocrx_word' id='word_1_37' title='bbox 639 691 746 719; x_wconf 88' lang='lat' dir='ltr'>cetera</span> <span class='ocrx_word' id='word_1_38' title='bbox 770 693 845 716; x_wconf 83' lang='lat' dir='ltr'>vero</span> <span class='ocrx_word' id='word_1_39' title='bbox 871 682 981 715; x_wconf 89' lang='lat' dir='ltr'>munia</span> <span class='ocrx_word' id='word_1_40' title='bbox 1007 681 1038 714; x_wconf 91' lang='lat' dir='ltr'>in</span> <span class='ocrx_word' id='word_1_41' title='bbox 1064 680 1178 713; x_wconf 80' lang='lat' dir='ltr'>liuius-</span> 
     </span>
     <span class='ocr_line' id='line_1_12' title="bbox 523 733 1181 780; baseline -0.012 -7"><span class='ocrx_word' id='word_1_42' title='bbox 523 739 612 773; x_wconf 87' lang='lat' dir='ltr'>modi</span> <span class='ocrx_word' id='word_1_43' title='bbox 639 736 823 771; x_wconf 87' lang='lat' dir='ltr'>ministeriis</span> <span class='ocrx_word' id='word_1_44' title='bbox 848 745 905 780; x_wconf 91' lang='lat' dir='ltr'>per</span> <span class='ocrx_word' id='word_1_45' title='bbox 930 733 1095 777; x_wconf 74' lang='lat' dir='ltr'>regulares</span> <span class='ocrx_word' id='word_1_46' title='bbox 1114 743 1181 766; x_wconf 85' lang='lat' dir='ltr'>esse</span> 
     </span>
     <span class='ocr_line' id='line_1_13' title="bbox 522 788 837 837; baseline -0.016 -11"><span class='ocrx_word' id='word_1_47' title='bbox 522 792 733 837; x_wconf 80' lang='lat' dir='ltr'>expedienda,</span> <span class='ocrx_word' id='word_1_48' title='bbox 761 788 837 823; x_wconf 75' lang='lat'><strong>300.</strong></span> 
     </span>
    </p>
   </div>
   <div class='ocr_carea' id='block_1_4' title="bbox 435 839 1182 883">
    <p class='ocr_par' dir='ltr' id='par_1_4' title="bbox 435 839 1182 883">
     <span class='ocr_line' id='line_1_14' title="bbox 435 839 1182 883; baseline -0.013 -2"><span class='ocrx_word' id='word_1_49' title='bbox 435 848 532 881; x_wconf 71' lang='lat' dir='ltr'>xcvi.</span> <span class='ocrx_word' id='word_1_50' title='bbox 554 843 762 880; x_wconf 82' lang='lat' dir='ltr'>Confirmatio</span> <span class='ocrx_word' id='word_1_51' title='bbox 776 841 897 876; x_wconf 83' lang='lat' dir='ltr'>decreti</span> <span class='ocrx_word' id='word_1_52' title='bbox 917 839 1182 883; x_wconf 76' lang='lat' dir='ltr'>Congregationis</span> 
     </span>
    </p>
   </div>
   <div class='ocr_carea' id='block_1_5' title="bbox 523 894 1187 1316">
    <p class='ocr_par' dir='ltr' id='par_1_5' title="bbox 523 894 1187 1316">
     <span class='ocr_line' id='line_1_15' title="bbox 524 894 1184 944; baseline -0.012 -11"><span class='ocrx_word' id='word_1_53' title='bbox 524 900 752 944; x_wconf 84' lang='lat' dir='ltr'>episcoporum</span> <span class='ocrx_word' id='word_1_54' title='bbox 779 903 810 929; x_wconf 91' lang='lat' dir='ltr'>et</span> <span class='ocrx_word' id='word_1_55' title='bbox 835 894 1048 938; x_wconf 75' lang='lat' dir='ltr'>regularium,</span> <span class='ocrx_word' id='word_1_56' title='bbox 1078 894 1184 926; x_wconf 72' lang='lat' dir='ltr'>farore</span> 
     </span>
     <span class='ocr_line' id='line_1_16' title="bbox 523 945 1183 986; baseline -0.014 0"><span class='ocrx_word' id='word_1_57' title='bbox 523 953 652 986; x_wconf 84' lang='lat' dir='ltr'>Ordinis</span> <span class='ocrx_word' id='word_1_58' title='bbox 687 951 847 984; x_wconf 89' lang='lat' dir='ltr'>Minorum</span> <span class='ocrx_word' id='word_1_59' title='bbox 884 947 983 982; x_wconf 84' lang='lat' dir='ltr'>saneti</span> <span class='ocrx_word' id='word_1_60' title='bbox 1022 945 1183 979; x_wconf 85' lang='lat' dir='ltr'>Francisci</span> 
     </span>
     <span class='ocr_line' id='line_1_17' title="bbox 527 998 1184 1045; baseline -0.015 -6"><span class='ocrx_word' id='word_1_61' title='bbox 527 1007 566 1039; x_wconf 87' lang='lat' dir='ltr'>de</span> <span class='ocrx_word' id='word_1_62' title='bbox 583 1002 791 1039; x_wconf 81' lang='lat' dir='ltr'>Observantia</span> <span class='ocrx_word' id='word_1_63' title='bbox 812 1000 1052 1045; x_wconf 82' lang='lat' dir='ltr'>provinciarum</span> <span class='ocrx_word' id='word_1_64' title='bbox 1071 998 1184 1041; x_wconf 87' lang='lat' dir='ltr'>IIispa-</span> 
     </span>
     <span class='ocr_line' id='line_1_18' title="bbox 527 1051 1186 1101; baseline -0.015 -9"><span class='ocrx_word' id='word_1_65' title='bbox 527 1059 617 1098; x_wconf 87' lang='lat' dir='ltr'>niae,</span> <span class='ocrx_word' id='word_1_66' title='bbox 645 1067 743 1101; x_wconf 88' lang='lat' dir='ltr'>super</span> <span class='ocrx_word' id='word_1_67' title='bbox 775 1055 925 1088; x_wconf 86' lang='lat' dir='ltr'>facultate</span> <span class='ocrx_word' id='word_1_68' title='bbox 950 1051 1088 1096; x_wconf 76' lang='lat' dir='ltr'>eligendi</span> <span class='ocrx_word' id='word_1_69' title='bbox 1114 1058 1186 1083; x_wconf 76' lang='lat' dir='ltr'>eon-</span> 
     </span>
     <span class='ocr_line' id='line_1_19' title="bbox 526 1104 1185 1150; baseline -0.014 -5"><span class='ocrx_word' id='word_1_70' title='bbox 526 1117 705 1145; x_wconf 78' lang='lat' dir='ltr'>servatores</span> <span class='ocrx_word' id='word_1_71' title='bbox 730 1119 794 1142; x_wconf 92' lang='lat' dir='ltr'>non</span> <span class='ocrx_word' id='word_1_72' title='bbox 810 1107 994 1150; x_wconf 76' lang='lat' dir='ltr'>designatos</span> <span class='ocrx_word' id='word_1_73' title='bbox 1012 1105 1043 1137; x_wconf 92' lang='lat' dir='ltr'>in</span> <span class='ocrx_word' id='word_1_74' title='bbox 1061 1104 1185 1149; x_wconf 81' lang='lat' dir='ltr'>synodo</span> 
     </span>
     <span class='ocr_line' id='line_1_20' title="bbox 529 1158 1187 1198; baseline -0.014 0"><span class='ocrx_word' id='word_1_75' title='bbox 529 1166 719 1198; x_wconf 75' lang='lat' dir='ltr'>dioecesana</span> <span class='ocrx_word' id='word_1_76' title='bbox 745 1163 776 1195; x_wconf 90' lang='lat' dir='ltr'>in</span> <span class='ocrx_word' id='word_1_77' title='bbox 803 1160 982 1194; x_wconf 82' lang='lat' dir='ltr'>civitatibus</span> <span class='ocrx_word' id='word_1_78' title='bbox 1008 1164 1037 1191; x_wconf 88' lang='lat' dir='ltr'>et</span> <span class='ocrx_word' id='word_1_79' title='bbox 1064 1158 1187 1191; x_wconf 82' lang='lat' dir='ltr'>dioece-</span> 
     </span>
     <span class='ocr_line' id='line_1_21' title="bbox 529 1211 1186 1260; baseline -0.014 -9"><span class='ocrx_word' id='word_1_80' title='bbox 529 1218 618 1251; x_wconf 82' lang='lat' dir='ltr'>sibus</span> <span class='ocrx_word' id='word_1_81' title='bbox 644 1217 675 1250; x_wconf 91' lang='lat' dir='ltr'>in</span> <span class='ocrx_word' id='word_1_82' title='bbox 709 1216 826 1260; x_wconf 87' lang='lat' dir='ltr'>quibus</span> <span class='ocrx_word' id='word_1_83' title='bbox 846 1213 926 1247; x_wconf 90' lang='lat' dir='ltr'>nulli</span> <span class='ocrx_word' id='word_1_84' title='bbox 959 1218 1033 1245; x_wconf 81' lang='lat' dir='ltr'>sunt</span> <span class='ocrx_word' id='word_1_85' title='bbox 1065 1211 1186 1244; x_wconf 83' lang='lat' dir='ltr'>iudices</span> 
     </span>
     <span class='ocr_line' id='line_1_22' title="bbox 532 1268 816 1316; baseline -0.014 -12"><span class='ocrx_word' id='word_1_86' title='bbox 532 1271 712 1316; x_wconf 63' lang='lat' dir='ltr'>synodales,</span> <span class='ocrx_word' id='word_1_87' title='bbox 740 1268 816 1302; x_wconf 73' lang='lat'>301.</span> 
     </span>
    </p>
   </div>
   <div class='ocr_carea' id='block_1_6' title="bbox 445 1316 1185 1361">
    <p class='ocr_par' dir='ltr' id='par_1_6' title="bbox 445 1316 1185 1361">
     <span class='ocr_line' id='line_1_23' title="bbox 445 1316 1185 1361; baseline -0.016 -3"><span class='ocrx_word' id='word_1_88' title='bbox 445 1325 557 1359; x_wconf 70' lang='lat' dir='ltr'>XCVII.</span> <span class='ocrx_word' id='word_1_89' title='bbox 586 1323 700 1358; x_wconf 78' lang='lat' dir='ltr'>Subdit</span> <span class='ocrx_word' id='word_1_90' title='bbox 733 1321 880 1354; x_wconf 86' lang='lat' dir='ltr'>ministro</span> <span class='ocrx_word' id='word_1_91' title='bbox 914 1317 1055 1361; x_wconf 66' lang='lat' dir='ltr'>generali</span> <span class='ocrx_word' id='word_1_92' title='bbox 1082 1316 1185 1349; x_wconf 67' lang='lat' dir='ltr'>lilino-</span> 
     </span>
    </p>
   </div>
   <div class='ocr_carea' id='block_1_7' title="bbox 530 1369 1191 1574">
    <p class='ocr_par' dir='ltr' id='par_1_7' title="bbox 530 1369 1191 1574">
     <span class='ocr_line' id='line_1_24' title="bbox 532 1369 1190 1410; baseline -0.014 0"><span class='ocrx_word' id='word_1_93' title='bbox 532 1388 603 1410; x_wconf 87' lang='lat' dir='ltr'>rum</span> <span class='ocrx_word' id='word_1_94' title='bbox 616 1377 655 1409; x_wconf 89' lang='lat' dir='ltr'>de</span> <span class='ocrx_word' id='word_1_95' title='bbox 667 1373 875 1409; x_wconf 75' lang='lat' dir='ltr'>Observantia</span> <span class='ocrx_word' id='word_1_96' title='bbox 885 1376 1076 1405; x_wconf 80' lang='lat' dir='ltr'>conventum</span> <span class='ocrx_word' id='word_1_97' title='bbox 1090 1369 1119 1402; x_wconf 74' lang='lat' dir='ltr'>S.</span> <span class='ocrx_word' id='word_1_98' title='bbox 1136 1369 1190 1401; x_wconf 66' lang='lat' dir='ltr'>tio-</span> 
     </span>
     <span class='ocr_line' id='line_1_25' title="bbox 530 1423 1190 1469; baseline -0.012 -6"><span class='ocrx_word' id='word_1_99' title='bbox 530 1436 728 1463; x_wconf 74' lang='lat' dir='ltr'>naventnrae</span> <span class='ocrx_word' id='word_1_100' title='bbox 759 1427 1007 1469; x_wconf 70' lang='lat' dir='ltr'>Lugdunensem</span> <span class='ocrx_word' id='word_1_101' title='bbox 1041 1424 1080 1455; x_wconf 85' lang='lat' dir='ltr'>ab</span> <span class='ocrx_word' id='word_1_102' title='bbox 1107 1423 1190 1455; x_wconf 86' lang='lat' dir='ltr'>eius-</span> 
     </span>
     <span class='ocr_line' id='line_1_26' title="bbox 532 1477 1191 1516; baseline -0.012 0"><span class='ocrx_word' id='word_1_103' title='bbox 532 1484 604 1516; x_wconf 85' lang='lat' dir='ltr'>dem</span> <span class='ocrx_word' id='word_1_104' title='bbox 631 1480 816 1515; x_wconf 77' lang='lat' dir='ltr'>obedientia</span> <span class='ocrx_word' id='word_1_105' title='bbox 847 1490 879 1512; x_wconf 85' lang='lat' dir='ltr'>se</span> <span class='ocrx_word' id='word_1_106' title='bbox 906 1477 1097 1511; x_wconf 69' lang='lat' dir='ltr'>subtrahere</span> <span class='ocrx_word' id='word_1_107' title='bbox 1125 1481 1191 1508; x_wconf 89' lang='lat' dir='ltr'>ten-</span> 
     </span>
     <span class='ocr_line' id='line_1_27' title="bbox 535 1533 771 1574; baseline -0.017 -6"><span class='ocrx_word' id='word_1_108' title='bbox 535 1541 667 1574; x_wconf 86' lang='lat' dir='ltr'>tantem,</span> <span class='ocrx_word' id='word_1_109' title='bbox 696 1533 771 1565; x_wconf 55' lang='lat'><strong>30⁹2.</strong></span> 
     </span>
    </p>
   </div>
   <div class='ocr_carea' id='block_1_8' title="bbox 446 1582 1190 1626">
    <p class='ocr_par' dir='ltr' id='par_1_8' title="bbox 446 1582 1190 1626">
     <span class='ocr_line' id='line_1_28' title="bbox 446 1582 1190 1626; baseline -0.015 -2"><span class='ocrx_word' id='word_1_110' title='bbox 446 1591 570 1624; x_wconf 63' lang='lat' dir='ltr'>vatlt.</span> <span class='ocrx_word' id='word_1_111' title='bbox 593 1587 789 1622; x_wconf 71' lang='lat' dir='ltr'>beatificatio</span> <span class='ocrx_word' id='word_1_112' title='bbox 807 1585 888 1619; x_wconf 75' lang='lat' dir='ltr'>servi</span> <span class='ocrx_word' id='word_1_113' title='bbox 903 1584 957 1618; x_wconf 87' lang='lat' dir='ltr'>Dei</span> <span class='ocrx_word' id='word_1_114' title='bbox 977 1583 1022 1616; x_wconf 88' lang='lat' dir='ltr'>Pii</span> <span class='ocrx_word' id='word_1_115' title='bbox 1040 1584 1144 1626; x_wconf 81' lang='lat' dir='ltr'>Papae</span> <span class='ocrx_word' id='word_1_116' title='bbox 1159 1582 1190 1623; x_wconf 69' lang='lat' dir='ltr'>V,</span> 
     </span>
    </p>
   </div>
   <div class='ocr_carea' id='block_1_9' title="bbox 535 1635 1192 1731">
    <p class='ocr_par' dir='ltr' id='par_1_9' title="bbox 535 1635 1192 1731">
     <span class='ocr_line' id='line_1_29' title="bbox 535 1635 1192 1686; baseline -0.014 -10"><span class='ocrx_word' id='word_1_117' title='bbox 535 1643 670 1686; x_wconf 81' lang='lat' dir='ltr'>eitisque</span> <span class='ocrx_word' id='word_1_118' title='bbox 704 1640 819 1673; x_wconf 84' lang='lat' dir='ltr'>missae</span> <span class='ocrx_word' id='word_1_119' title='bbox 851 1644 881 1671; x_wconf 84' lang='lat' dir='ltr'>et</span> <span class='ocrx_word' id='word_1_120' title='bbox 915 1636 1013 1670; x_wconf 83' lang='lat' dir='ltr'>officii</span> <span class='ocrx_word' id='word_1_121' title='bbox 1041 1636 1135 1669; x_wconf 84' lang='lat' dir='ltr'>certis</span> <span class='ocrx_word' id='word_1_122' title='bbox 1161 1635 1192 1667; x_wconf 89' lang='lat' dir='ltr'>in</span> 
     </span>
     <span class='ocr_line' id='line_1_30' title="bbox 537 1691 917 1731; baseline -0.016 -2"><span class='ocrx_word' id='word_1_123' title='bbox 537 1696 614 1729; x_wconf 86' lang='lat' dir='ltr'>locis</span> <span class='ocrx_word' id='word_1_124' title='bbox 640 1693 818 1731; x_wconf 77' lang='lat' dir='ltr'>concessio,</span> <span class='ocrx_word' id='word_1_125' title='bbox 843 1691 917 1724; x_wconf 59' lang='lat'>30⁴⁷..</span> 
     </span>
    </p>
   </div>
   <div class='ocr_carea' id='block_1_10' title="bbox 448 1741 1194 1790">
    <p class='ocr_par' dir='ltr' id='par_1_10' title="bbox 448 1741 1194 1790">
     <span class='ocr_line' id='line_1_31' title="bbox 448 1741 1194 1790; baseline -0.015 -6"><span class='ocrx_word' id='word_1_126' title='bbox 448 1751 546 1784; x_wconf 71' lang='lat' dir='ltr'>XCIX.</span> <span class='ocrx_word' id='word_1_127' title='bbox 575 1749 723 1782; x_wconf 84' lang='lat' dir='ltr'>Declarat</span> <span class='ocrx_word' id='word_1_128' title='bbox 743 1745 830 1790; x_wconf 85' lang='lat' dir='ltr'>quod</span> <span class='ocrx_word' id='word_1_129' title='bbox 852 1744 986 1784; x_wconf 85' lang='lat' dir='ltr'>indulta,</span> <span class='ocrx_word' id='word_1_130' title='bbox 1010 1753 1068 1786; x_wconf 89' lang='lat' dir='ltr'>per</span> <span class='ocrx_word' id='word_1_131' title='bbox 1094 1741 1194 1774; x_wconf 84' lang='lat' dir='ltr'>felicis</span> 
     </span>
    </p>
   </div>
   <div class='ocr_carea' id='block_1_11' title="bbox 539 1794 1201 2433">
    <p class='ocr_par' dir='ltr' id='par_1_11' title="bbox 539 1794 1201 2433">
     <span class='ocr_line' id='line_1_32' title="bbox 539 1794 1193 1839; baseline -0.017 -3"><span class='ocrx_word' id='word_1_132' title='bbox 539 1800 773 1836; x_wconf 85' lang='lat' dir='ltr'>recordati0nis</span> <span class='ocrx_word' id='word_1_133' title='bbox 807 1798 973 1831; x_wconf 78' lang='lat' dir='ltr'>Urbanum</span> <span class='ocrx_word' id='word_1_134' title='bbox 1009 1796 1095 1839; x_wconf 81' lang='lat' dir='ltr'>Papa</span> <span class='ocrx_word' id='word_1_135' title='bbox 1131 1794 1193 1826; x_wconf 69' lang='lat' dir='ltr'>t&#39;ttt</span> 
     </span>
     <span class='ocr_line' id='line_1_33' title="bbox 539 1849 1195 1889; baseline -0.015 0"><span class='ocrx_word' id='word_1_136' title='bbox 539 1865 691 1889; x_wconf 77' lang='lat' dir='ltr'>concessa</span> <span class='ocrx_word' id='word_1_137' title='bbox 726 1852 878 1885; x_wconf 83' lang='lat' dir='ltr'>fratribus</span> <span class='ocrx_word' id='word_1_138' title='bbox 908 1849 1024 1883; x_wconf 87' lang='lat' dir='ltr'>oblatis</span> <span class='ocrx_word' id='word_1_139' title='bbox 1048 1859 1104 1881; x_wconf 88' lang='lat' dir='ltr'>seu</span> <span class='ocrx_word' id='word_1_140' title='bbox 1128 1858 1195 1881; x_wconf 85' lang='lat' dir='ltr'>ser-</span> 
     </span>
     <span class='ocr_line' id='line_1_34' title="bbox 539 1901 1197 1942; baseline -0.015 0"><span class='ocrx_word' id='word_1_141' title='bbox 539 1908 698 1942; x_wconf 75' lang='lat' dir='ltr'>vientibus</span> <span class='ocrx_word' id='word_1_142' title='bbox 714 1905 812 1939; x_wconf 91' lang='lat' dir='ltr'>Tertii</span> <span class='ocrx_word' id='word_1_143' title='bbox 834 1903 965 1938; x_wconf 80' lang='lat' dir='ltr'>Ordinis</span> <span class='ocrx_word' id='word_1_144' title='bbox 983 1901 1084 1935; x_wconf 86' lang='lat' dir='ltr'>sancti</span> <span class='ocrx_word' id='word_1_145' title='bbox 1102 1901 1197 1934; x_wconf 88' lang='lat' dir='ltr'>Fran-</span> 
     </span>
     <span class='ocr_line' id='line_1_35' title="bbox 539 1955 1197 2002; baseline -0.012 -7"><span class='ocrx_word' id='word_1_146' title='bbox 539 1962 615 1996; x_wconf 86' lang='lat' dir='ltr'>cisei</span> <span class='ocrx_word' id='word_1_147' title='bbox 635 1957 902 2002; x_wconf 75' lang='lat' dir='ltr'>Congregationis</span> <span class='ocrx_word' id='word_1_148' title='bbox 919 1955 1104 1990; x_wconf 74' lang='lat' dir='ltr'>Gallicanae</span> <span class='ocrx_word' id='word_1_149' title='bbox 1123 1960 1197 1987; x_wconf 83' lang='lat' dir='ltr'>tunc</span> 
     </span>
     <span class='ocr_line' id='line_1_36' title="bbox 540 2008 1199 2058; baseline -0.014 -9"><span class='ocrx_word' id='word_1_150' title='bbox 540 2014 694 2058; x_wconf 90' lang='lat' dir='ltr'>temporis</span> <span class='ocrx_word' id='word_1_151' title='bbox 719 2010 948 2049; x_wconf 71' lang='lat' dir='ltr'>existentibus,</span> <span class='ocrx_word' id='word_1_152' title='bbox 977 2008 1199 2050; x_wconf 73' lang='lat' dir='ltr'>intelligantur</span> 
     </span>
     <span class='ocr_line' id='line_1_37' title="bbox 540 2061 1199 2102; baseline -0.012 -1"><span class='ocrx_word' id='word_1_153' title='bbox 540 2072 690 2102; x_wconf 81' lang='lat' dir='ltr'>emanata</span> <span class='ocrx_word' id='word_1_154' title='bbox 715 2065 754 2098; x_wconf 91' lang='lat' dir='ltr'>ad</span> <span class='ocrx_word' id='word_1_155' title='bbox 781 2066 920 2097; x_wconf 71' lang='lat' dir='ltr'>favorem</span> <span class='ocrx_word' id='word_1_156' title='bbox 948 2063 1043 2095; x_wconf 85' lang='lat' dir='ltr'>etiam</span> <span class='ocrx_word' id='word_1_157' title='bbox 1069 2061 1199 2094; x_wconf 83' lang='lat' dir='ltr'>hodier-</span> 
     </span>
     <span class='ocr_line' id='line_1_38' title="bbox 541 2115 1199 2162; baseline -0.012 -8"><span class='ocrx_word' id='word_1_158' title='bbox 541 2130 658 2154; x_wconf 83' lang='lat' dir='ltr'>norum</span> <span class='ocrx_word' id='word_1_159' title='bbox 684 2125 716 2152; x_wconf 88' lang='lat' dir='ltr'>et</span> <span class='ocrx_word' id='word_1_160' title='bbox 740 2129 797 2162; x_wconf 89' lang='lat' dir='ltr'>per</span> <span class='ocrx_word' id='word_1_161' title='bbox 822 2115 1053 2160; x_wconf 76' lang='lat' dir='ltr'>subsequentia</span> <span class='ocrx_word' id='word_1_162' title='bbox 1085 2124 1199 2158; x_wconf 87' lang='lat' dir='ltr'>perpe-</span> 
     </span>
     <span class='ocr_line' id='line_1_39' title="bbox 544 2167 1198 2216; baseline -0.012 -9"><span class='ocrx_word' id='word_1_163' title='bbox 544 2181 597 2208; x_wconf 89' lang='lat' dir='ltr'>tua</span> <span class='ocrx_word' id='word_1_164' title='bbox 623 2179 771 2216; x_wconf 84' lang='lat' dir='ltr'>tempora</span> <span class='ocrx_word' id='word_1_165' title='bbox 797 2172 979 2203; x_wconf 90' lang='lat' dir='ltr'>futurorum</span> <span class='ocrx_word' id='word_1_166' title='bbox 1012 2167 1198 2200; x_wconf 86' lang='lat' dir='ltr'>huiusmodi</span> 
     </span>
     <span class='ocr_line' id='line_1_40' title="bbox 540 2224 1201 2271; baseline -0.014 -9"><span class='ocrx_word' id='word_1_167' title='bbox 540 2225 805 2271; x_wconf 78' lang='lat' dir='ltr'>Congregationis</span> <span class='ocrx_word' id='word_1_168' title='bbox 835 2224 1017 2256; x_wconf 89' lang='lat' dir='ltr'>oblatorum</span> <span class='ocrx_word' id='word_1_169' title='bbox 1050 2233 1106 2255; x_wconf 89' lang='lat' dir='ltr'>sen</span> <span class='ocrx_word' id='word_1_170' title='bbox 1138 2232 1201 2254; x_wconf 89' lang='lat' dir='ltr'>ser-</span> 
     </span>
     <span class='ocr_line' id='line_1_41' title="bbox 542 2275 1200 2322; baseline -0.012 -8"><span class='ocrx_word' id='word_1_171' title='bbox 542 2281 695 2314; x_wconf 75' lang='lat' dir='ltr'>vientium</span> <span class='ocrx_word' id='word_1_172' title='bbox 729 2278 994 2322; x_wconf 70' lang='lat' dir='ltr'>praedictoi&#39;um3</span> <span class='ocrx_word' id='word_1_173' title='bbox 1022 2285 1104 2318; x_wconf 81' lang='lat' dir='ltr'>quos</span> <span class='ocrx_word' id='word_1_174' title='bbox 1137 2275 1200 2308; x_wconf 88' lang='lat' dir='ltr'>suf-</span> 
     </span>
     <span class='ocr_line' id='line_1_42' title="bbox 544 2328 1200 2377; baseline -0.014 -9"><span class='ocrx_word' id='word_1_175' title='bbox 544 2335 645 2377; x_wconf 79' lang='lat' dir='ltr'>fragia</span> <span class='ocrx_word' id='word_1_176' title='bbox 662 2334 744 2366; x_wconf 90' lang='lat' dir='ltr'>ferre</span> <span class='ocrx_word' id='word_1_177' title='bbox 767 2341 832 2364; x_wconf 92' lang='lat' dir='ltr'>non</span> <span class='ocrx_word' id='word_1_178' title='bbox 853 2340 946 2374; x_wconf 88' lang='lat' dir='ltr'>posse</span> <span class='ocrx_word' id='word_1_179' title='bbox 971 2329 1032 2361; x_wconf 85' lang='lat' dir='ltr'>nisi</span> <span class='ocrx_word' id='word_1_180' title='bbox 1058 2328 1091 2361; x_wconf 89' lang='lat' dir='ltr'>in</span> <span class='ocrx_word' id='word_1_181' title='bbox 1116 2338 1200 2360; x_wconf 86' lang='lat' dir='ltr'>rece-</span> 
     </span>
     <span class='ocr_line' id='line_1_43' title="bbox 543 2382 1199 2433; baseline -0.014 -11"><span class='ocrx_word' id='word_1_182' title='bbox 543 2389 651 2433; x_wconf 85' lang='lat' dir='ltr'>ptione</span> <span class='ocrx_word' id='word_1_183' title='bbox 675 2386 872 2420; x_wconf 79' lang='lat' dir='ltr'>novitiorum</span> <span class='ocrx_word' id='word_1_184' title='bbox 899 2384 940 2417; x_wconf 87' lang='lat' dir='ltr'>ad</span> <span class='ocrx_word' id='word_1_185' title='bbox 966 2382 1199 2427; x_wconf 82' lang='lat' dir='ltr'>professionem</span> 
     </span>
    </p>
   </div>
   <div class='ocr_carea' id='block_1_12' title="bbox 545 2436 1202 2531">
    <p class='ocr_par' dir='ltr' id='par_1_12' title="bbox 545 2436 1202 2531">
     <span class='ocr_line' id='line_1_44' title="bbox 545 2436 1202 2477; baseline -0.014 1"><span class='ocrx_word' id='word_1_186' title='bbox 545 2443 688 2477; x_wconf 71' lang='lat' dir='ltr'>eiusdem</span> <span class='ocrx_word' id='word_1_187' title='bbox 711 2451 783 2474; x_wconf 86' lang='lat' dir='ltr'>eum</span> <span class='ocrx_word' id='word_1_188' title='bbox 806 2440 850 2473; x_wconf 87' lang='lat' dir='ltr'>eis</span> <span class='ocrx_word' id='word_1_189' title='bbox 876 2437 1070 2472; x_wconf 85' lang='lat' dir='ltr'>conditionis</span> <span class='ocrx_word' id='word_1_190' title='bbox 1092 2436 1202 2471; x_wconf 81' lang='lat' dir='ltr'>statuit</span> 
     </span>
     <span class='ocr_line' id='line_1_45' title="bbox 546 2497 621 2531; baseline 0.027 -3"><span class='ocrx_word' id='word_1_191' title='bbox 546 2497 621 2531; x_wconf 72' lang='lat'>306.</span> 
     </span>
    </p>
   </div>
   <div class='ocr_carea' id='block_1_13' title="bbox 453 2546 1202 2593">
    <p class='ocr_par' dir='ltr' id='par_1_13' title="bbox 453 2546 1202 2593">
     <span class='ocr_line' id='line_1_46' title="bbox 453 2546 1202 2593; baseline -0.009 -8"><span class='ocrx_word' id='word_1_192' title='bbox 453 2555 482 2586; x_wconf 64' lang='lat' dir='ltr'>tl.</span> <span class='ocrx_word' id='word_1_193' title='bbox 509 2550 712 2593; x_wconf 79' lang='lat' dir='ltr'>Indulgentia</span> <span class='ocrx_word' id='word_1_194' title='bbox 736 2559 796 2593; x_wconf 90' lang='lat' dir='ltr'>pro</span> <span class='ocrx_word' id='word_1_195' title='bbox 817 2548 960 2581; x_wconf 83' lang='lat' dir='ltr'>ecelesiis</span> <span class='ocrx_word' id='word_1_196' title='bbox 981 2546 1110 2581; x_wconf 87' lang='lat' dir='ltr'>Ordinis</span> <span class='ocrx_word' id='word_1_197' title='bbox 1128 2547 1202 2579; x_wconf 85' lang='lat' dir='ltr'>Bea-</span> 
     </span>
    </p>
   </div>
   <div class='ocr_carea' id='block_1_14' title="bbox 544 2599 1205 2695">
    <p class='ocr_par' dir='ltr' id='par_1_14' title="bbox 544 2599 1205 2695">
     <span class='ocr_line' id='line_1_47' title="bbox 544 2599 1202 2639; baseline -0.011 -1"><span class='ocrx_word' id='word_1_198' title='bbox 544 2612 593 2639; x_wconf 87' lang='lat' dir='ltr'>tae</span> <span class='ocrx_word' id='word_1_199' title='bbox 618 2604 736 2637; x_wconf 84' lang='lat' dir='ltr'>Mariae</span> <span class='ocrx_word' id='word_1_200' title='bbox 755 2603 794 2636; x_wconf 89' lang='lat' dir='ltr'>de</span> <span class='ocrx_word' id='word_1_201' title='bbox 811 2602 916 2635; x_wconf 82' lang='lat' dir='ltr'>Monte</span> <span class='ocrx_word' id='word_1_202' title='bbox 935 2601 1081 2635; x_wconf 86' lang='lat' dir='ltr'>Carmelo</span> <span class='ocrx_word' id='word_1_203' title='bbox 1103 2599 1135 2632; x_wconf 92' lang='lat' dir='ltr'>in</span> <span class='ocrx_word' id='word_1_204' title='bbox 1152 2599 1202 2632; x_wconf 92' lang='lat' dir='ltr'>die</span> 
     </span>
     <span class='ocr_line' id='line_1_48' title="bbox 547 2652 1205 2695; baseline -0.011 -3"><span class='ocrx_word' id='word_1_205' title='bbox 547 2660 625 2692; x_wconf 85' lang='lat' dir='ltr'>festo</span> <span class='ocrx_word' id='word_1_206' title='bbox 652 2657 795 2691; x_wconf 86' lang='lat' dir='ltr'>eiusdem</span> <span class='ocrx_word' id='word_1_207' title='bbox 821 2656 936 2689; x_wconf 86' lang='lat' dir='ltr'>Beatae</span> <span class='ocrx_word' id='word_1_208' title='bbox 960 2654 1077 2688; x_wconf 84' lang='lat' dir='ltr'>Mariae</span> <span class='ocrx_word' id='word_1_209' title='bbox 1104 2652 1205 2695; x_wconf 67' lang='lat' dir='ltr'>Virgi-</span> 
     </span>
    </p>
   </div>
   <div class='ocr_carea' id='block_1_15' title="bbox 1208 799 1217 1442">
    <p class='ocr_par' dir='ltr' id='par_1_15' title="bbox 1208 799 1217 1442">
     <span class='ocr_line' id='line_1_49' title="bbox 1208 799 1217 1442; baseline 0 0"><span class='ocrx_word' id='word_1_210' title='bbox 1208 799 1217 1442; x_wconf 95' lang='lat' dir='ltr'> </span> 
     </span>
    </p>
   </div>
   <div class='ocr_carea' id='block_1_16' title="bbox 1317 307 1973 454">
    <p class='ocr_par' dir='ltr' id='par_1_16' title="bbox 1317 307 1973 454">
     <span class='ocr_line' id='line_1_50' title="bbox 1317 307 1972 349; baseline -0.006 -6"><span class='ocrx_word' id='word_1_211' title='bbox 1317 311 1377 349; x_wconf 87' lang='lat' dir='ltr'>nis,</span> <span class='ocrx_word' id='word_1_212' title='bbox 1412 316 1443 343; x_wconf 88' lang='lat' dir='ltr'>et</span> <span class='ocrx_word' id='word_1_213' title='bbox 1467 316 1651 343; x_wconf 82' lang='lat' dir='ltr'>sanctorum</span> <span class='ocrx_word' id='word_1_214' title='bbox 1679 309 1824 342; x_wconf 77' lang='lat' dir='ltr'>Andreae</span> <span class='ocrx_word' id='word_1_215' title='bbox 1850 307 1972 341; x_wconf 86' lang='lat' dir='ltr'>Corsini</span> 
     </span>
     <span class='ocr_line' id='line_1_51' title="bbox 1319 360 1973 407; baseline -0.008 -11"><span class='ocrx_word' id='word_1_216' title='bbox 1319 363 1471 407; x_wconf 85' lang='lat' dir='ltr'>episcopi,</span> <span class='ocrx_word' id='word_1_217' title='bbox 1494 363 1603 404; x_wconf 73' lang='lat' dir='ltr'>Angeli</span> <span class='ocrx_word' id='word_1_218' title='bbox 1635 361 1783 406; x_wconf 74' lang='lat' dir='ltr'>martyris</span> <span class='ocrx_word' id='word_1_219' title='bbox 1802 366 1830 394; x_wconf 84' lang='lat' dir='ltr'>et</span> <span class='ocrx_word' id='word_1_220' title='bbox 1852 360 1973 394; x_wconf 81' lang='lat' dir='ltr'>Alberti</span> 
     </span>
     <span class='ocr_line' id='line_1_52' title="bbox 1319 414 1627 454; baseline -0.006 -5"><span class='ocrx_word' id='word_1_221' title='bbox 1319 415 1523 454; x_wconf 83' lang='lat' dir='ltr'>confessoris,</span> <span class='ocrx_word' id='word_1_222' title='bbox 1552 414 1627 448; x_wconf 71' lang='lat'>308.</span> 
     </span>
    </p>
   </div>
   <div class='ocr_carea' id='block_1_17' title="bbox 1230 468 1976 512">
    <p class='ocr_par' dir='ltr' id='par_1_17' title="bbox 1230 468 1976 512">
     <span class='ocr_line' id='line_1_53' title="bbox 1230 468 1976 512; baseline -0.007 -9"><span class='ocrx_word' id='word_1_223' title='bbox 1230 470 1275 503; x_wconf 84' lang='lat' dir='ltr'>CI.</span> <span class='ocrx_word' id='word_1_224' title='bbox 1304 469 1493 503; x_wconf 85' lang='lat' dir='ltr'>Constitutio</span> <span class='ocrx_word' id='word_1_225' title='bbox 1524 468 1759 512; x_wconf 82' lang='lat' dir='ltr'>suppressionis</span> <span class='ocrx_word' id='word_1_226' title='bbox 1793 473 1976 501; x_wconf 71' lang='lat' dir='ltr'>controver-</span> 
     </span>
    </p>
   </div>
   <div class='ocr_carea' id='block_1_18' title="bbox 1234 789 1292 823">
    <p class='ocr_par' dir='ltr' id='par_1_18' title="bbox 1234 789 1292 823">
     <span class='ocr_line' id='line_1_54' title="bbox 1234 789 1292 823; baseline -0.034 0"><span class='ocrx_word' id='word_1_227' title='bbox 1234 789 1292 823; x_wconf 85' lang='lat' dir='ltr'>CII.</span> 
     </span>
    </p>
   </div>
   <div class='ocr_carea' id='block_1_19' title="bbox 1237 1057 1310 1091">
    <p class='ocr_par' dir='ltr' id='par_1_19' title="bbox 1237 1057 1310 1091">
     <span class='ocr_line' id='line_1_55' title="bbox 1237 1057 1310 1091; baseline -0.041 0"><span class='ocrx_word' id='word_1_228' title='bbox 1237 1057 1310 1091; x_wconf 89' lang='lat' dir='ltr'>CIII.</span> 
     </span>
    </p>
   </div>
   <div class='ocr_carea' id='block_1_20' title="bbox 1241 1428 1311 1461">
    <p class='ocr_par' dir='ltr' id='par_1_20' title="bbox 1241 1428 1311 1461">
     <span class='ocr_line' id='line_1_56' title="bbox 1241 1428 1311 1461; baseline -0.029 0"><span class='ocrx_word' id='word_1_229' title='bbox 1241 1428 1311 1461; x_wconf 68' lang='lat' dir='ltr'>tzlt‘.</span> 
     </span>
    </p>
   </div>
   <div class='ocr_carea' id='block_1_21' title="bbox 1245 1640 1323 1685">
    <p class='ocr_par' dir='ltr' id='par_1_21' title="bbox 1245 1640 1323 1685">
     <span class='ocr_line' id='line_1_57' title="bbox 1245 1640 1323 1685; baseline -0.051 -11"><span class='ocrx_word' id='word_1_230' title='bbox 1245 1640 1302 1674; x_wconf 76' lang='lat' dir='ltr'>ev.</span> <span class='ocrx_word' id='word_1_231' title='bbox 1315 1676 1323 1685; x_wconf 28' lang='lat'><em>⁶</em></span> 
     </span>
    </p>
   </div>
   <div class='ocr_carea' id='block_1_22' title="bbox 1248 1905 1319 1939">
    <p class='ocr_par' dir='ltr' id='par_1_22' title="bbox 1248 1905 1319 1939">
     <span class='ocr_line' id='line_1_58' title="bbox 1248 1905 1319 1939; baseline 0.014 -2"><span class='ocrx_word' id='word_1_232' title='bbox 1248 1905 1308 1939; x_wconf 72' lang='lat' dir='ltr'>ffl&#39;l</span> <span class='ocrx_word' id='word_1_233' title='bbox 1315 1932 1319 1938; x_wconf 96' lang='lat'><em>.</em></span> 
     </span>
    </p>
   </div>
   <div class='ocr_carea' id='block_1_23' title="bbox 1320 520 1998 2207">
    <p class='ocr_par' dir='ltr' id='par_1_23' title="bbox 1320 520 1977 771">
     <span class='ocr_line' id='line_1_59' title="bbox 1320 520 1975 556; baseline -0.006 0"><span class='ocrx_word' id='word_1_234' title='bbox 1320 523 1440 556; x_wconf 84' lang='lat' dir='ltr'>siarum</span> <span class='ocrx_word' id='word_1_235' title='bbox 1467 523 1599 555; x_wconf 80' lang='lat' dir='ltr'>fratrum</span> <span class='ocrx_word' id='word_1_236' title='bbox 1625 522 1892 555; x_wconf 83' lang='lat' dir='ltr'>Discalceatorum</span> <span class='ocrx_word' id='word_1_237' title='bbox 1919 520 1975 553; x_wconf 88' lang='lat' dir='ltr'>Or-</span> 
     </span>
     <span class='ocr_line' id='line_1_60' title="bbox 1322 573 1977 609; baseline -0.005 0"><span class='ocrx_word' id='word_1_238' title='bbox 1322 576 1404 609; x_wconf 89' lang='lat' dir='ltr'>dinis</span> <span class='ocrx_word' id='word_1_239' title='bbox 1429 577 1529 609; x_wconf 86' lang='lat' dir='ltr'>sancti</span> <span class='ocrx_word' id='word_1_240' title='bbox 1555 573 1714 608; x_wconf 87' lang='lat' dir='ltr'>Francisci</span> <span class='ocrx_word' id='word_1_241' title='bbox 1741 574 1779 607; x_wconf 88' lang='lat' dir='ltr'>de</span> <span class='ocrx_word' id='word_1_242' title='bbox 1803 574 1977 607; x_wconf 65' lang='lat' dir='ltr'>Observaw</span> 
     </span>
     <span class='ocr_line' id='line_1_61' title="bbox 1324 626 1977 672; baseline -0.006 -10"><span class='ocrx_word' id='word_1_243' title='bbox 1324 630 1366 662; x_wconf 80' lang='lat' dir='ltr'>tia</span> <span class='ocrx_word' id='word_1_244' title='bbox 1378 634 1638 672; x_wconf 85' lang='lat' dir='ltr'>nuncupatorum</span> <span class='ocrx_word' id='word_1_245' title='bbox 1654 626 1685 659; x_wconf 91' lang='lat' dir='ltr'>in</span> <span class='ocrx_word' id='word_1_246' title='bbox 1701 626 1863 670; x_wconf 78' lang='lat' dir='ltr'>provincia</span> <span class='ocrx_word' id='word_1_247' title='bbox 1874 627 1904 659; x_wconf 84' lang='lat' dir='ltr'>S.</span> <span class='ocrx_word' id='word_1_248' title='bbox 1919 628 1977 659; x_wconf 70' lang='lat' dir='ltr'>An-</span> 
     </span>
     <span class='ocr_line' id='line_1_62' title="bbox 1323 678 1977 723; baseline -0.008 -8"><span class='ocrx_word' id='word_1_249' title='bbox 1323 682 1401 715; x_wconf 89' lang='lat' dir='ltr'>tonii</span> <span class='ocrx_word' id='word_1_250' title='bbox 1416 680 1579 719; x_wconf 78' lang='lat' dir='ltr'>ssrasitiae,</span> <span class='ocrx_word' id='word_1_251' title='bbox 1596 690 1668 713; x_wconf 86' lang='lat' dir='ltr'>cum</span> <span class='ocrx_word' id='word_1_252' title='bbox 1684 678 1892 723; x_wconf 83' lang='lat' dir='ltr'>deputatione</span> <span class='ocrx_word' id='word_1_253' title='bbox 1906 689 1977 711; x_wconf 90' lang='lat' dir='ltr'>suo-</span> 
     </span>
     <span class='ocr_line' id='line_1_63' title="bbox 1324 731 1722 771; baseline -0.008 -3"><span class='ocrx_word' id='word_1_254' title='bbox 1324 746 1395 768; x_wconf 90' lang='lat' dir='ltr'>rum</span> <span class='ocrx_word' id='word_1_255' title='bbox 1420 733 1619 771; x_wconf 82' lang='lat' dir='ltr'>officialium,</span> <span class='ocrx_word' id='word_1_256' title='bbox 1647 731 1722 765; x_wconf 78' lang='lat'><strong>309.</strong></span> 
     </span>
    </p>

    <p class='ocr_par' dir='ltr' id='par_1_24' title="bbox 1326 784 1982 1041">
     <span class='ocr_line' id='line_1_64' title="bbox 1337 784 1979 830; baseline -0.008 -9"><span class='ocrx_word' id='word_1_257' title='bbox 1337 788 1484 821; x_wconf 74' lang='lat' dir='ltr'>Facultas</span> <span class='ocrx_word' id='word_1_258' title='bbox 1525 786 1625 830; x_wconf 85' lang='lat' dir='ltr'>priori</span> <span class='ocrx_word' id='word_1_259' title='bbox 1667 785 1808 828; x_wconf 82' lang='lat' dir='ltr'>generali</span> <span class='ocrx_word' id='word_1_260' title='bbox 1852 784 1979 817; x_wconf 79' lang='lat' dir='ltr'>Ordinis</span> 
     </span>
     <span class='ocr_line' id='line_1_65' title="bbox 1326 839 1981 875; baseline -0.006 -1"><span class='ocrx_word' id='word_1_261' title='bbox 1326 843 1358 875; x_wconf 75' lang='grc' dir='ltr'>Β.</span> <span class='ocrx_word' id='word_1_262' title='bbox 1386 840 1502 874; x_wconf 86' lang='lat' dir='ltr'>Mariae</span> <span class='ocrx_word' id='word_1_263' title='bbox 1533 840 1571 873; x_wconf 91' lang='lat' dir='ltr'>de</span> <span class='ocrx_word' id='word_1_264' title='bbox 1597 840 1701 872; x_wconf 85' lang='lat' dir='ltr'>Monte</span> <span class='ocrx_word' id='word_1_265' title='bbox 1734 839 1880 872; x_wconf 86' lang='lat' dir='ltr'>Carmelo</span> <span class='ocrx_word' id='word_1_266' title='bbox 1905 848 1981 871; x_wconf 85' lang='lat' dir='ltr'>con-</span> 
     </span>
     <span class='ocr_line' id='line_1_66' title="bbox 1326 891 1982 928; baseline -0.008 0"><span class='ocrx_word' id='word_1_267' title='bbox 1326 894 1450 928; x_wconf 88' lang='lat' dir='ltr'>ferendi</span> <span class='ocrx_word' id='word_1_268' title='bbox 1477 895 1618 926; x_wconf 82' lang='lat' dir='ltr'>lauream</span> <span class='ocrx_word' id='word_1_269' title='bbox 1653 892 1852 925; x_wconf 70' lang='lat' dir='ltr'>doctoralem</span> <span class='ocrx_word' id='word_1_270' title='bbox 1879 891 1982 923; x_wconf 88' lang='lat' dir='ltr'>fratri-</span> 
     </span>
     <span class='ocr_line' id='line_1_67' title="bbox 1326 945 1980 989; baseline -0.008 -8"><span class='ocrx_word' id='word_1_271' title='bbox 1326 949 1385 981; x_wconf 88' lang='lat' dir='ltr'>bus</span> <span class='ocrx_word' id='word_1_272' title='bbox 1410 947 1570 989; x_wconf 72' lang='lat' dir='ltr'>magistris</span> <span class='ocrx_word' id='word_1_273' title='bbox 1596 946 1627 979; x_wconf 90' lang='lat' dir='ltr'>iu</span> <span class='ocrx_word' id='word_1_274' title='bbox 1654 945 1796 987; x_wconf 70' lang='lat' dir='ltr'>collegiis</span> <span class='ocrx_word' id='word_1_275' title='bbox 1818 950 1848 978; x_wconf 87' lang='lat' dir='ltr'>et</span> <span class='ocrx_word' id='word_1_276' title='bbox 1868 945 1980 977; x_wconf 82' lang='lat' dir='ltr'>studiis</span> 
     </span>
     <span class='ocr_line' id='line_1_68' title="bbox 1326 999 1639 1041; baseline -0.013 -6"><span class='ocrx_word' id='word_1_277' title='bbox 1326 1001 1374 1035; x_wconf 93' lang='lat' dir='ltr'>sui</span> <span class='ocrx_word' id='word_1_278' title='bbox 1401 1000 1538 1041; x_wconf 78' lang='lat' dir='ltr'>Ordinis,</span> <span class='ocrx_word' id='word_1_279' title='bbox 1564 999 1639 1032; x_wconf 64' lang='lat'>312.</span> 
     </span>
    </p>

    <p class='ocr_par' dir='ltr' id='par_1_25' title="bbox 1327 1052 1987 1416">
     <span class='ocr_line' id='line_1_69' title="bbox 1339 1052 1983 1097; baseline -0.006 -9"><span class='ocrx_word' id='word_1_280' title='bbox 1339 1054 1540 1097; x_wconf 72' lang='lat' dir='ltr'>Indulgentia</span> <span class='ocrx_word' id='word_1_281' title='bbox 1572 1052 1717 1096; x_wconf 78' lang='lat' dir='ltr'>plenaria</span> <span class='ocrx_word' id='word_1_282' title='bbox 1744 1058 1899 1095; x_wconf 82' lang='lat' dir='ltr'>perpetua</span> <span class='ocrx_word' id='word_1_283' title='bbox 1925 1062 1983 1094; x_wconf 89' lang='lat' dir='ltr'>pro</span> 
     </span>
     <span class='ocr_line' id='line_1_70' title="bbox 1327 1105 1981 1141; baseline -0.008 0"><span class='ocrx_word' id='word_1_284' title='bbox 1327 1108 1528 1141; x_wconf 78' lang='lat' dir='ltr'>visitantibus</span> <span class='ocrx_word' id='word_1_285' title='bbox 1564 1106 1715 1139; x_wconf 86' lang='lat' dir='ltr'>ecclesias</span> <span class='ocrx_word' id='word_1_286' title='bbox 1750 1112 1811 1137; x_wconf 92' lang='lat' dir='ltr'>tam</span> <span class='ocrx_word' id='word_1_287' title='bbox 1847 1105 1981 1137; x_wconf 81' lang='lat' dir='ltr'>fratrum</span> 
     </span>
     <span class='ocr_line' id='line_1_71' title="bbox 1327 1157 1981 1205; baseline -0.009 -11"><span class='ocrx_word' id='word_1_288' title='bbox 1327 1172 1424 1205; x_wconf 88' lang='lat' dir='ltr'>quam</span> <span class='ocrx_word' id='word_1_289' title='bbox 1452 1159 1641 1192; x_wconf 90' lang='lat' dir='ltr'>monialium</span> <span class='ocrx_word' id='word_1_290' title='bbox 1659 1157 1786 1192; x_wconf 86' lang='lat' dir='ltr'>Ordinis</span> <span class='ocrx_word' id='word_1_291' title='bbox 1808 1159 1981 1191; x_wconf 68' lang='lat' dir='ltr'>Servorum</span> 
     </span>
     <span class='ocr_line' id='line_1_72' title="bbox 1328 1210 1984 1253; baseline -0.009 -6"><span class='ocrx_word' id='word_1_292' title='bbox 1328 1216 1360 1248; x_wconf 78' lang='lat' dir='ltr'>B.</span> <span class='ocrx_word' id='word_1_293' title='bbox 1389 1213 1506 1247; x_wconf 83' lang='lat' dir='ltr'>Mariae</span> <span class='ocrx_word' id='word_1_294' title='bbox 1530 1211 1668 1253; x_wconf 70' lang='lat' dir='ltr'>Virginis</span> <span class='ocrx_word' id='word_1_295' title='bbox 1693 1210 1891 1253; x_wconf 82' lang='lat' dir='ltr'>ubicumque</span> <span class='ocrx_word' id='word_1_296' title='bbox 1917 1210 1984 1242; x_wconf 77' lang='lat' dir='ltr'>exi-</span> 
     </span>
     <span class='ocr_line' id='line_1_73' title="bbox 1329 1265 1983 1305; baseline -0.011 -5"><span class='ocrx_word' id='word_1_297' title='bbox 1329 1272 1458 1305; x_wconf 73' lang='lat' dir='ltr'>stenteS,</span> <span class='ocrx_word' id='word_1_298' title='bbox 1484 1271 1547 1297; x_wconf 83' lang='lat' dir='ltr'>tani</span> <span class='ocrx_word' id='word_1_299' title='bbox 1574 1265 1730 1296; x_wconf 83' lang='lat' dir='ltr'>hactenus</span> <span class='ocrx_word' id='word_1_300' title='bbox 1746 1268 1867 1295; x_wconf 68' lang='lat' dir='ltr'>erectas</span> <span class='ocrx_word' id='word_1_301' title='bbox 1888 1272 1983 1304; x_wconf 80' lang='lat' dir='ltr'>quam</span> 
     </span>
     <span class='ocr_line' id='line_1_74' title="bbox 1330 1314 1987 1361; baseline -0.009 -9"><span class='ocrx_word' id='word_1_302' title='bbox 1330 1318 1510 1361; x_wconf 74' lang='lat' dir='ltr'>erigendas,</span> <span class='ocrx_word' id='word_1_303' title='bbox 1528 1327 1606 1350; x_wconf 76' lang='lat' dir='ltr'>xxm</span> <span class='ocrx_word' id='word_1_304' title='bbox 1619 1315 1756 1358; x_wconf 71' lang='lat' dir='ltr'>augusti,</span> <span class='ocrx_word' id='word_1_305' title='bbox 1774 1315 1852 1348; x_wconf 82' lang='lat' dir='ltr'>sesto</span> <span class='ocrx_word' id='word_1_306' title='bbox 1871 1315 1900 1347; x_wconf 72' lang='lat' dir='ltr'>S.</span> <span class='ocrx_word' id='word_1_307' title='bbox 1918 1314 1987 1346; x_wconf 70' lang='grc' dir='ltr'>ΡΜ-</span> 
     </span>
     <span class='ocr_line' id='line_1_75' title="bbox 1332 1368 1664 1416; baseline -0.012 -11"><span class='ocrx_word' id='word_1_308' title='bbox 1332 1372 1409 1416; x_wconf 87' lang='lat' dir='ltr'>lippi</span> <span class='ocrx_word' id='word_1_309' title='bbox 1435 1370 1561 1409; x_wconf 85' lang='lat' dir='ltr'>Benitii,</span> <span class='ocrx_word' id='word_1_310' title='bbox 1588 1368 1664 1402; x_wconf 77' lang='lat'>313.</span> 
     </span>
    </p>

    <p class='ocr_par' dir='ltr' id='par_1_26' title="bbox 1333 1422 1994 1895">
     <span class='ocr_line' id='line_1_76' title="bbox 1344 1422 1986 1466; baseline -0.011 -7"><span class='ocrx_word' id='word_1_311' title='bbox 1344 1427 1441 1459; x_wconf 66' lang='lat' dir='ltr'>Breve</span> <span class='ocrx_word' id='word_1_312' title='bbox 1479 1423 1720 1466; x_wconf 75' lang='lat' dir='ltr'>exemptionum</span> <span class='ocrx_word' id='word_1_313' title='bbox 1756 1422 1986 1454; x_wconf 88' lang='lat' dir='ltr'>nonnullorum</span> 
     </span>
     <span class='ocr_line' id='line_1_77' title="bbox 1333 1474 1987 1517; baseline -0.008 -6"><span class='ocrx_word' id='word_1_314' title='bbox 1333 1477 1540 1512; x_wconf 85' lang='lat' dir='ltr'>familiarium</span> <span class='ocrx_word' id='word_1_315' title='bbox 1578 1486 1711 1509; x_wconf 84' lang='lat' dir='ltr'>suorum</span> <span class='ocrx_word' id='word_1_316' title='bbox 1745 1486 1761 1507; x_wconf 86' lang='lat' dir='ltr'>a</span> <span class='ocrx_word' id='word_1_317' title='bbox 1788 1474 1921 1517; x_wconf 56' lang='lat' dir='ltr'>gatis—tiis</span> <span class='ocrx_word' id='word_1_318' title='bbox 1959 1479 1987 1506; x_wconf 83' lang='lat' dir='ltr'>et</span> 
     </span>
     <span class='ocr_line' id='line_1_78' title="bbox 1333 1527 1991 1574; baseline -0.011 -9"><span class='ocrx_word' id='word_1_319' title='bbox 1333 1532 1403 1565; x_wconf 88' lang='lat' dir='ltr'>aliis</span> <span class='ocrx_word' id='word_1_320' title='bbox 1430 1529 1700 1574; x_wconf 75' lang='lat' dir='ltr'>impositionibus,</span> <span class='ocrx_word' id='word_1_321' title='bbox 1725 1534 1754 1560; x_wconf 87' lang='lat' dir='ltr'>et</span> <span class='ocrx_word' id='word_1_322' title='bbox 1776 1527 1931 1559; x_wconf 82' lang='lat' dir='ltr'>facultatis</span> <span class='ocrx_word' id='word_1_323' title='bbox 1950 1533 1991 1559; x_wconf 79' lang='lat' dir='ltr'>te-</span> 
     </span>
     <span class='ocr_line' id='line_1_79' title="bbox 1334 1580 1770 1627; baseline -0.011 -9"><span class='ocrx_word' id='word_1_324' title='bbox 1334 1584 1437 1618; x_wconf 85' lang='lat' dir='ltr'>standi</span> <span class='ocrx_word' id='word_1_325' title='bbox 1465 1594 1522 1627; x_wconf 87' lang='lat' dir='ltr'>pro</span> <span class='ocrx_word' id='word_1_326' title='bbox 1549 1582 1674 1621; x_wconf 83' lang='lat' dir='ltr'>iisdem,</span> <span class='ocrx_word' id='word_1_327' title='bbox 1695 1580 1770 1613; x_wconf 59' lang='lat'>5314.</span> 
     </span>
     <span class='ocr_line' id='line_1_80' title="bbox 1336 1632 1989 1678; baseline -0.011 -7"><span class='ocrx_word' id='word_1_328' title='bbox 1336 1637 1547 1672; x_wconf 77' lang='lat' dir='ltr'>Confirmatio</span> <span class='ocrx_word' id='word_1_329' title='bbox 1582 1641 1612 1668; x_wconf 88' lang='lat' dir='ltr'>et</span> <span class='ocrx_word' id='word_1_330' title='bbox 1643 1633 1834 1678; x_wconf 82' lang='lat' dir='ltr'>approbatio</span> <span class='ocrx_word' id='word_1_331' title='bbox 1870 1632 1989 1665; x_wconf 84' lang='lat' dir='ltr'>decreti</span> 
     </span>
     <span class='ocr_line' id='line_1_81' title="bbox 1335 1686 1994 1735; baseline -0.011 -11"><span class='ocrx_word' id='word_1_332' title='bbox 1335 1702 1393 1735; x_wconf 88' lang='lat' dir='ltr'>pro</span> <span class='ocrx_word' id='word_1_333' title='bbox 1408 1690 1552 1723; x_wconf 73' lang='lat' dir='ltr'>custodia</span> <span class='ocrx_word' id='word_1_334' title='bbox 1566 1690 1596 1722; x_wconf 84' lang='lat' dir='ltr'>S.</span> <span class='ocrx_word' id='word_1_335' title='bbox 1612 1688 1696 1721; x_wconf 84' lang='lat' dir='ltr'>Petri</span> <span class='ocrx_word' id='word_1_336' title='bbox 1712 1688 1750 1721; x_wconf 90' lang='lat' dir='ltr'>de</span> <span class='ocrx_word' id='word_1_337' title='bbox 1761 1688 1930 1720; x_wconf 78' lang='lat' dir='ltr'>Alcantara</span> <span class='ocrx_word' id='word_1_338' title='bbox 1940 1686 1994 1718; x_wconf 83' lang='lat' dir='ltr'>Or-</span> 
     </span>
     <span class='ocr_line' id='line_1_82' title="bbox 1336 1739 1992 1778; baseline -0.011 0"><span class='ocrx_word' id='word_1_339' title='bbox 1336 1745 1419 1778; x_wconf 86' lang='lat' dir='ltr'>dinis</span> <span class='ocrx_word' id='word_1_340' title='bbox 1437 1744 1568 1776; x_wconf 87' lang='lat' dir='ltr'>fratrum</span> <span class='ocrx_word' id='word_1_341' title='bbox 1587 1742 1745 1775; x_wconf 85' lang='lat' dir='ltr'>Minorum</span> <span class='ocrx_word' id='word_1_342' title='bbox 1772 1739 1873 1773; x_wconf 87' lang='lat' dir='ltr'>sancti</span> <span class='ocrx_word' id='word_1_343' title='bbox 1894 1740 1992 1772; x_wconf 86' lang='lat' dir='ltr'>Fran-</span> 
     </span>
     <span class='ocr_line' id='line_1_83' title="bbox 1337 1792 1992 1835; baseline -0.012 -4"><span class='ocrx_word' id='word_1_344' title='bbox 1337 1797 1411 1831; x_wconf 85' lang='lat' dir='ltr'>cisci</span> <span class='ocrx_word' id='word_1_345' title='bbox 1438 1796 1708 1829; x_wconf 78' lang='lat' dir='ltr'>Disealceatorum</span> <span class='ocrx_word' id='word_1_346' title='bbox 1736 1794 1766 1825; x_wconf 93' lang='lat' dir='ltr'>in</span> <span class='ocrx_word' id='word_1_347' title='bbox 1792 1802 1891 1835; x_wconf 74' lang='lat' dir='ltr'>regno</span> <span class='ocrx_word' id='word_1_348' title='bbox 1912 1792 1992 1824; x_wconf 79' lang='lat' dir='ltr'>Nea-</span> 
     </span>
     <span class='ocr_line' id='line_1_84' title="bbox 1337 1848 1597 1895; baseline -0.008 -12"><span class='ocrx_word' id='word_1_349' title='bbox 1337 1851 1495 1895; x_wconf 83' lang='lat' dir='ltr'>politano,</span> <span class='ocrx_word' id='word_1_350' title='bbox 1523 1848 1597 1882; x_wconf 76' lang='lat'>325.</span> 
     </span>
    </p>

    <p class='ocr_par' dir='ltr' id='par_1_27' title="bbox 1340 1899 1998 2207">
     <span class='ocr_line' id='line_1_85' title="bbox 1347 1899 1993 1944; baseline -0.009 -7"><span class='ocrx_word' id='word_1_351' title='bbox 1347 1903 1525 1937; x_wconf 86' lang='lat' dir='ltr'>Translatio</span> <span class='ocrx_word' id='word_1_352' title='bbox 1558 1901 1779 1944; x_wconf 74' lang='lat' dir='ltr'>indulgentiae</span> <span class='ocrx_word' id='word_1_353' title='bbox 1811 1911 1828 1932; x_wconf 85' lang='lat' dir='ltr'>a</span> <span class='ocrx_word' id='word_1_354' title='bbox 1853 1899 1993 1933; x_wconf 61' lang='lat' dir='ltr'>set-unda</span> 
     </span>
     <span class='ocr_line' id='line_1_86' title="bbox 1340 1953 1997 1991; baseline -0.009 -1"><span class='ocrx_word' id='word_1_355' title='bbox 1340 1957 1503 1991; x_wconf 70' lang='lat' dir='ltr'>dominica</span> <span class='ocrx_word' id='word_1_356' title='bbox 1528 1955 1669 1989; x_wconf 85' lang='lat' dir='ltr'>octobris</span> <span class='ocrx_word' id='word_1_357' title='bbox 1702 1955 1742 1987; x_wconf 90' lang='lat' dir='ltr'>ad</span> <span class='ocrx_word' id='word_1_358' title='bbox 1772 1953 1857 1986; x_wconf 85' lang='lat' dir='ltr'>diem</span> <span class='ocrx_word' id='word_1_359' title='bbox 1883 1962 1997 1985; x_wconf 84' lang='lat' dir='ltr'>seeun-</span> 
     </span>
     <span class='ocr_line' id='line_1_87' title="bbox 1340 2005 1995 2050; baseline -0.011 -7"><span class='ocrx_word' id='word_1_360' title='bbox 1340 2012 1413 2044; x_wconf 87' lang='lat' dir='ltr'>dam</span> <span class='ocrx_word' id='word_1_361' title='bbox 1440 2010 1583 2043; x_wconf 89' lang='lat' dir='ltr'>eiusdem</span> <span class='ocrx_word' id='word_1_362' title='bbox 1611 2007 1729 2041; x_wconf 84' lang='lat' dir='ltr'>mensis</span> <span class='ocrx_word' id='word_1_363' title='bbox 1754 2016 1813 2050; x_wconf 88' lang='lat' dir='ltr'>pro</span> <span class='ocrx_word' id='word_1_364' title='bbox 1839 2005 1889 2038; x_wconf 91' lang='lat' dir='ltr'>die</span> <span class='ocrx_word' id='word_1_365' title='bbox 1916 2005 1995 2037; x_wconf 85' lang='lat' dir='ltr'>festo</span> 
     </span>
     <span class='ocr_line' id='line_1_88' title="bbox 1340 2061 1996 2105; baseline -0.012 -8"><span class='ocrx_word' id='word_1_366' title='bbox 1340 2064 1441 2097; x_wconf 87' lang='lat' dir='ltr'>sancti</span> <span class='ocrx_word' id='word_1_367' title='bbox 1468 2062 1579 2105; x_wconf 72' lang='lat' dir='ltr'>Angeli</span> <span class='ocrx_word' id='word_1_368' title='bbox 1604 2061 1750 2095; x_wconf 91' lang='lat' dir='ltr'>Custodis</span> <span class='ocrx_word' id='word_1_369' title='bbox 1776 2068 1927 2092; x_wconf 78' lang='lat' dir='ltr'>concessa</span> <span class='ocrx_word' id='word_1_370' title='bbox 1945 2068 1996 2089; x_wconf 89' lang='lat' dir='ltr'>ar-</span> 
     </span>
     <span class='ocr_line' id='line_1_89' title="bbox 1341 2110 1998 2153; baseline -0.014 -2"><span class='ocrx_word' id='word_1_371' title='bbox 1341 2114 1652 2151; x_wconf 81' lang='lat' dir='ltr'>chiconfraternitati</span> <span class='ocrx_word' id='word_1_372' title='bbox 1696 2113 1840 2145; x_wconf 89' lang='lat' dir='ltr'>eiusdem</span> <span class='ocrx_word' id='word_1_373' title='bbox 1884 2110 1998 2153; x_wconf 72' lang='lat' dir='ltr'>Angeli</span> 
     </span>
     <span class='ocr_line' id='line_1_90' title="bbox 1340 2166 1776 2207; baseline -0.016 -2"><span class='ocrx_word' id='word_1_374' title='bbox 1340 2171 1489 2206; x_wconf 84' lang='lat' dir='ltr'>Custodis</span> <span class='ocrx_word' id='word_1_375' title='bbox 1514 2170 1552 2202; x_wconf 89' lang='lat' dir='ltr'>de</span> <span class='ocrx_word' id='word_1_376' title='bbox 1577 2168 1672 2207; x_wconf 86' lang='lat' dir='ltr'>Urbe,</span> <span class='ocrx_word' id='word_1_377' title='bbox 1701 2166 1776 2199; x_wconf 71' lang='lat'><strong>327.</strong></span> 
     </span>
    </p>
   </div>
   <div class='ocr_carea' id='block_1_24' title="bbox 1252 2218 1998 2261">
    <p class='ocr_par' dir='ltr' id='par_1_28' title="bbox 1252 2218 1998 2261">
     <span class='ocr_line' id='line_1_91' title="bbox 1252 2218 1998 2261; baseline -0.015 0"><span class='ocrx_word' id='word_1_378' title='bbox 1252 2226 1338 2261; x_wconf 74' lang='lat' dir='ltr'>CVII.</span> <span class='ocrx_word' id='word_1_379' title='bbox 1370 2223 1579 2259; x_wconf 79' lang='lat' dir='ltr'>Confirmatio</span> <span class='ocrx_word' id='word_1_380' title='bbox 1604 2233 1660 2255; x_wconf 87' lang='lat' dir='ltr'>seu</span> <span class='ocrx_word' id='word_1_381' title='bbox 1685 2219 1826 2254; x_wconf 80' lang='lat' dir='ltr'>extensio</span> <span class='ocrx_word' id='word_1_382' title='bbox 1852 2218 1998 2251; x_wconf 78' lang='lat' dir='ltr'>decreto-</span> 
     </span>
    </p>
   </div>
   <div class='ocr_carea' id='block_1_25' title="bbox 1343 2270 2005 2693">
    <p class='ocr_par' dir='ltr' id='par_1_29' title="bbox 1343 2270 2005 2693">
     <span class='ocr_line' id='line_1_92' title="bbox 1343 2270 2002 2315; baseline -0.015 -3"><span class='ocrx_word' id='word_1_383' title='bbox 1343 2289 1415 2312; x_wconf 85' lang='lat' dir='ltr'>rum</span> <span class='ocrx_word' id='word_1_384' title='bbox 1436 2278 1513 2310; x_wconf 79' lang='lat' dir='ltr'>alias</span> <span class='ocrx_word' id='word_1_385' title='bbox 1530 2287 1547 2309; x_wconf 91' lang='lat' dir='ltr'>a</span> <span class='ocrx_word' id='word_1_386' title='bbox 1564 2276 1654 2309; x_wconf 76' lang='lat' dir='ltr'>sacra</span> <span class='ocrx_word' id='word_1_387' title='bbox 1668 2272 1923 2315; x_wconf 75' lang='lat' dir='ltr'>Congregatione</span> <span class='ocrx_word' id='word_1_388' title='bbox 1938 2270 2002 2314; x_wconf 82' lang='lat' dir='ltr'>epi-</span> 
     </span>
     <span class='ocr_line' id='line_1_93' title="bbox 1343 2325 1999 2375; baseline -0.015 -10"><span class='ocrx_word' id='word_1_389' title='bbox 1343 2341 1516 2375; x_wconf 87' lang='lat' dir='ltr'>scoporum</span> <span class='ocrx_word' id='word_1_390' title='bbox 1549 2335 1579 2363; x_wconf 90' lang='lat' dir='ltr'>et</span> <span class='ocrx_word' id='word_1_391' title='bbox 1603 2327 1802 2370; x_wconf 81' lang='lat' dir='ltr'>regularium</span> <span class='ocrx_word' id='word_1_392' title='bbox 1840 2325 1999 2358; x_wconf 86' lang='lat' dir='ltr'>editorum</span> 
     </span>
     <span class='ocr_line' id='line_1_94' title="bbox 1344 2379 2002 2430; baseline -0.015 -11"><span class='ocrx_word' id='word_1_393' title='bbox 1344 2396 1441 2430; x_wconf 88' lang='lat' dir='ltr'>super</span> <span class='ocrx_word' id='word_1_394' title='bbox 1472 2383 1685 2430; x_wconf 83' lang='lat' dir='ltr'>associatione</span> <span class='ocrx_word' id='word_1_395' title='bbox 1719 2381 1912 2414; x_wconf 76' lang='lat' dir='ltr'>cadaverum</span> <span class='ocrx_word' id='word_1_396' title='bbox 1948 2379 2002 2410; x_wconf 84' lang='lat' dir='ltr'>de-</span> 
     </span>
     <span class='ocr_line' id='line_1_95' title="bbox 1345 2430 2003 2480; baseline -0.015 -8"><span class='ocrx_word' id='word_1_397' title='bbox 1345 2440 1542 2477; x_wconf 80' lang='lat' dir='ltr'>functorum,</span> <span class='ocrx_word' id='word_1_398' title='bbox 1570 2436 1625 2480; x_wconf 86' lang='lat' dir='ltr'>qui</span> <span class='ocrx_word' id='word_1_399' title='bbox 1652 2430 1850 2468; x_wconf 35' lang='lat' dir='ltr'>in‘eeclesiis</span> <span class='ocrx_word' id='word_1_400' title='bbox 1878 2431 2003 2473; x_wconf 75' lang='lat' dir='ltr'>regula—</span> 
     </span>
     <span class='ocr_line' id='line_1_96' title="bbox 1345 2485 2005 2533; baseline -0.014 -9"><span class='ocrx_word' id='word_1_401' title='bbox 1345 2492 1429 2524; x_wconf 88' lang='lat' dir='ltr'>rium</span> <span class='ocrx_word' id='word_1_402' title='bbox 1454 2490 1674 2533; x_wconf 88' lang='lat' dir='ltr'>sepeliuntur‚</span> <span class='ocrx_word' id='word_1_403' title='bbox 1699 2493 1730 2521; x_wconf 89' lang='lat' dir='ltr'>et</span> <span class='ocrx_word' id='word_1_404' title='bbox 1753 2486 1839 2520; x_wconf 81' lang='lat' dir='ltr'>eirca</span> <span class='ocrx_word' id='word_1_405' title='bbox 1864 2485 2005 2518; x_wconf 84' lang='lat' dir='ltr'>eleemo-</span> 
     </span>
     <span class='ocr_line' id='line_1_97' title="bbox 1347 2537 2003 2589; baseline -0.014 -12"><span class='ocrx_word' id='word_1_406' title='bbox 1347 2555 1440 2589; x_wconf 66' lang='lat' dir='ltr'>synas</span> <span class='ocrx_word' id='word_1_407' title='bbox 1464 2544 1613 2576; x_wconf 86' lang='lat' dir='ltr'>funerum</span> <span class='ocrx_word' id='word_1_408' title='bbox 1632 2547 1663 2575; x_wconf 87' lang='lat' dir='ltr'>et</span> <span class='ocrx_word' id='word_1_409' title='bbox 1681 2541 1794 2574; x_wconf 89' lang='lat' dir='ltr'>funera</span> <span class='ocrx_word' id='word_1_410' title='bbox 1813 2537 2003 2572; x_wconf 85' lang='lat' dir='ltr'>eorumdem</span> 
     </span>
     <span class='ocr_line' id='line_1_98' title="bbox 1349 2590 2005 2637; baseline -0.014 -7"><span class='ocrx_word' id='word_1_411' title='bbox 1349 2597 1574 2630; x_wconf 88' lang='lat' dir='ltr'>defunctorum</span> <span class='ocrx_word' id='word_1_412' title='bbox 1594 2594 1740 2628; x_wconf 82' lang='lat' dir='ltr'>facienda</span> <span class='ocrx_word' id='word_1_413' title='bbox 1753 2603 1811 2637; x_wconf 86' lang='lat' dir='ltr'>per</span> <span class='ocrx_word' id='word_1_414' title='bbox 1828 2590 2005 2634; x_wconf 77' lang='lat' dir='ltr'>regulares,</span> 
     </span>
     <span class='ocr_line' id='line_1_99' title="bbox 1344 2644 2005 2693; baseline -0.012 -9"><span class='ocrx_word' id='word_1_415' title='bbox 1344 2660 1410 2684; x_wconf 90' lang='lat' dir='ltr'>non</span> <span class='ocrx_word' id='word_1_416' title='bbox 1432 2655 1537 2683; x_wconf 86' lang='lat' dir='ltr'>autem</span> <span class='ocrx_word' id='word_1_417' title='bbox 1557 2659 1614 2693; x_wconf 89' lang='lat' dir='ltr'>per</span> <span class='ocrx_word' id='word_1_418' title='bbox 1634 2647 1805 2692; x_wconf 87' lang='lat' dir='ltr'>parochos,</span> <span class='ocrx_word' id='word_1_419' title='bbox 1826 2645 1932 2679; x_wconf 84' lang='lat' dir='ltr'>favore</span> <span class='ocrx_word' id='word_1_420' title='bbox 1953 2644 2005 2677; x_wconf 85' lang='lat' dir='ltr'>do-</span> 
     </span>
    </p>
   </div>
   <div class='ocr_carea' id='block_1_26' title="bbox 2265 786 2279 1830">
    <p class='ocr_par' dir='ltr' id='par_1_30' title="bbox 2259 786 2279 1830">
     <span class='ocr_line' id='line_1_100' title="bbox 2265 786 2279 1830; textangle 90"><span class='ocrx_word' id='word_1_421' title='bbox 2265 1828 2270 1830; x_wconf 90' lang='grc'><strong><em>·</em></strong></span> <span class='ocrx_word' id='word_1_422' title='bbox 2265 1314 2279 1788; x_wconf 48' lang='lat' dir='ltr'>*mn-Q·</span> <span class='ocrx_word' id='word_1_423' title='bbox 2266 811 2279 1226; x_wconf 42' lang='lat' dir='ltr'>Qd4ud—Au</span> <span class='ocrx_word' id='word_1_424' title='bbox 2275 786 2279 799; x_wconf 47' lang='grc' dir='ltr'><strong>Α</strong></span> 
     </span>
    </p>
   </div>
  </div>
 </body>
</html>
