2279 3260
166 223 216 251 Αη.
231 222 260 251 C.
281 224 351 253 1676

357 277 449 316 patre
466 274 608 316 generali
627 284 702 317 erga
720 274 788 307 eius
806 285 922 315 mores,
938 275 1092 317 regimen,
1113 277 1115 289 ¹

360 324 599 359 observantiam
625 331 753 359 nostrae
779 327 909 369 regulae
928 331 958 359 et
975 326 1095 359 consti-

360 377 520 411 tutionum
536 405 543 419 ,
571 389 607 411 ac
643 378 688 411 sui
725 379 820 411 officii
857 379 1091 412 executionem.

361 429 452 468 Quod
466 431 491 463 si
506 431 632 475 aliquae
648 433 759 475 culpae
774 432 994 475 apparuerint,
1008 441 1095 474 prac-

361 482 466 515 dictus
495 482 646 516 definitor
675 491 830 517 convocet
862 490 987 517 ceteros
1019 479 1096 515 defi-

360 534 484 568 nitores
509 545 545 568 ac
567 535 746 576 ministros,
766 543 796 569 et
816 537 855 569 ab
873 536 951 579 ipsis
976 535 1096 568 iudice-

361 591 420 627 tur,
435 592 468 620 et
491 589 737 631 proportionata
758 590 939 632 applicetur
956 587 1093 631 punitio.

360 639 392 672 Si
418 650 504 681 vero,
524 651 559 674 ex
582 641 838 684 depositionibus
865 642 994 673 sactis=a
1012 640 1097 682 capi-

362 693 518 726 tularibus
542 695 592 727 vel
618 695 656 727 ab
682 694 752 727 aliis
778 694 940 737 religiosis
957 704 1015 736 per
1030 692 1097 735 cpi-

361 747 483 787 stolas,
509 747 662 790 expedire
688 748 834 780 videatur
865 747 910 779 cis
942 745 1096 778 maiorem

361 798 467 831 facere
493 801 659 843 culparum
685 800 952 842 inquisitionem,
978 798 1099 841 praeei-

360 853 469 896 pimus
505 855 596 887 dictis
634 854 857 887 definitoribus
891 859 922 885 ct
944 851 1120 912 ministrisi

360 906 394 938 in
418 906 535 940 virtute
562 913 690 940 sanctae
716 906 930 946 obedientiae,
950 910 992 944 ut,
1015 904 1098 936 intra

363 963 426 991 tres
451 970 579 992 menses
602 964 677 1002 post
701 959 895 991 celebratum
921 957 1098 1000 capitulum

363 1012 523 1053 generale,
543 1011 630 1044 omni
652 1016 776 1043 secreto
802 1015 833 1042 et
858 1009 1026 1051 diligentia
1045 1008 1099 1040 siat

363 1064 447 1096 dicta
472 1063 636 1106 inquisitio
660 1063 710 1095 vel
743 1063 782 1094 ab
812 1062 892 1104 ipsis
924 1061 1100 1093 definitori-

360 1115 420 1147 bus
444 1120 475 1147 et
498 1115 653 1147 ministris
672 1126 689 1147 a
706 1114 966 1157 provincialibus,
985 1114 1033 1145 vel
1059 1114 1097 1145 ab

362 1167 433 1200 aliis
458 1168 617 1211 religiosis
642 1167 767 1200 idoneis
789 1166 949 1209 deputatis
965 1166 1004 1198 ab
1023 1165 1100 1208 ipsis

362 1220 532 1253 iudicibus.
552 1220 652 1253 Causa
668 1225 776 1252 autem
794 1220 953 1258 conclusa,
972 1224 1100 1251 senten-

364 1273 440 1306 tiam
475 1274 641 1316 proferant
675 1278 765 1305 recte
802 1278 833 1305 et
856 1272 1046 1315 prudenter,
1069 1277 1101 1304 et

363 1327 453 1359 nullo
474 1332 623 1369 respectu
649 1326 816 1359 omittatur
840 1325 1005 1368 quaelibet
1029 1325 1102 1357 dili-

365 1379 473 1421 gentia
498 1378 681 1411 necessaria
706 1383 734 1410 et
761 1377 968 1411 conveniens.

409 1442 445 1464 11.
472 1431 606 1468 Quando
624 1431 657 1463 in
674 1431 815 1473 capitulo
835 1430 979 1472 generali
999 1439 1101 1462 novus

366 1485 506 1527 eligatur
523 1484 695 1526 generalis,
717 1483 823 1516 statim
850 1494 886 1515 ac
912 1484 1102 1516 confirmen-

366 1543 418 1569 tur
436 1537 628 1576 electiones,
646 1536 842 1579 praeteritus
859 1534 1030 1578 generalis,
1048 1534 1102 1577 qui

366 1589 399 1622 in
424 1590 480 1623 illo
506 1590 648 1633 capitulo
681 1588 846 1632 expiravit,
876 1588 1022 1620 visitetur
1052 1598 1103 1620 eo-

989 226 1131 252 CLEMENS
1151 228 1170 251 Χ
1194 228 1242 252 ΡΡ.

367 1644 440 1677 (10111
468 1645 577 1685 1110(10,
602 1644 766 1676 dumtaxat
786 1648 893 1675 tamen
911 1652 970 1685 per
986 1652 1101 1674 novum

368 1697 603 1730 definitorium.

411 1761 460 1783 111.
486 1749 693 1789 Definitores,
721 1748 775 1792 qui
801 1749 1001 1791 expirarunt,
1031 1747 1103 1780 visi-

366 1807 476 1835 tentur
507 1802 626 1842 etiam,
659 1801 749 1833 finito
782 1801 925 1844 capitulo
959 1801 1101 1843 generali

366 1854 446 1897 ipso,
465 1865 523 1898 per
536 1865 654 1887 novum
675 1853 910 1893 definitorium3
934 1852 1102 1895 inquisitio

367 1912 474 1939 autem
491 1908 593 1940 solum
612 1905 665 1938 fiat
683 1905 766 1938 circa
792 1905 1013 1938 executionem
1030 1915 1104 1937 suo-

366 1970 436 1991 rum
461 1959 653 1992 officiorum.
673 1958 762 1991 Circa
786 1969 892 1991 mores
919 1959 1003 1991 enim
1029 1958 1104 1990 visi—

367 2013 443 2045 tatio
468 2017 500 2045 et
530 2011 701 2055 inquisitio
734 2016 916 2043 reservatur
936 2011 1019 2054 patri
1053 2021 1104 2054 ge-

367 2065 491 2105 nerali,
517 2065 571 2107 qui
597 2070 671 2096 ante
702 2064 901 2106 praedictum
928 2064 1103 2106 capitulum

368 2117 456 2150 illam
473 2123 599 2150 tenetur
617 2117 732 2156 facere,
750 2121 782 2148 et
795 2116 887 2149 simul
905 2127 976 2148 cum
994 2115 1105 2148 defini-

369 2171 451 2203 torio
468 2171 622 2210 iudicare,
642 2169 771 2213 quando
797 2169 829 2201 in
854 2169 961 2212 aliquo
987 2180 1023 2201 ex
1050 2169 1104 2201 de-

368 2222 551 2256 finitoribus
581 2224 675 2266 culpa
708 2223 844 2255 alicuius
869 2222 1023 2266 ponderis
1049 2232 1105 2265 ap-

369 2275 487 2318 paruit.

414 2338 456 2360 lv.
476 2327 506 2360 Si
528 2327 600 2370 quis
624 2327 795 2370 religiosus
813 2327 964 2361 habuerit
981 2328 1103 2370 aliquid

370 2385 482 2413 contra
506 2386 629 2423 patrem
653 2382 839 2423 generalem
872 2382 921 2413 vel
955 2380 1104 2413 definito-

368 2442 431 2472 res,
455 2432 487 2464 id
518 2432 700 2465 manifestet
729 2432 859 2466 illorum
887 2432 1104 2465 visitatoribus

368 2485 559 2527 respective,
586 2484 739 2517 certiores
765 2485 838 2518 illos
864 2485 1020 2524 faciendo,
1053 2479 1127 2567 vel!

369 2547 428 2581 per
452 2537 584 2576 litteras,
610 2538 660 2569 vel
685 2547 744 2579 per
774 2538 1017 2580 provincialem,
1052 2540 1103 2572 vel

368 2590 502 2632 socium,
526 2590 576 2623 vel
601 2590 664 2622 alio
690 2591 890 2623 convenienti
915 2591 1033 2624 medio.

1772 217 1836 251 677
1882 227 1975 254 Αη.0.
1998 227 2064 253 16711

1181 286 1202 308 1.
1235 274 1366 313 Quando
1400 280 1473 308 ante
1510 272 1682 319 capitulum
1719 277 1870 318 generale
1897 286 2065 316 ‚sangrum

1137 333 1245 370 patres
1271 328 1487 371 provinciales
1517 339 1581 361 non
1607 329 1726 361 suerint
1751 328 1870 361 visitati
1883 312 2066 366 fsslssssbffssssfatss'fe‘

1137 392 1154 412 a
1178 386 1266 424 patre
1303 381 1447 423 generali
1486 382 1534 413 vel
1572 381 1610 412 ab
1642 381 1704 413 alio
1738 381 1776 413 de
1802 380 1870 413 eius

1137 433 1373 473 commissione,
1396 433 1565 466 visitentur
1589 444 1606 465 a
1631 433 1872 465 successoribus

1138 485 1169 517 in
1187 486 1289 528 prima
1307 486 1486 518 visitatione
1505 496 1637 518 suorum
1656 490 1870 518 conventuum

1129 530 1169 569 'et
1193 539 1414 581 collegiorum,
1440 539 1638 582 imponendo
1663 543 1872 581 praeceptum

1138 596 1171 622 ut
1191 601 1302 623 omnes
1327 592 1492 624 declarent
1512 591 1536 623 si
1562 591 1637 634 quid
1675 591 1706 623 in
1743 590 1788 623 eis
1819 590 1873 622 ad-

1139 648 1305 675 verterunt
1339 654 1393 676 seu
1431 649 1585 677 notarunt
1609 643 1693 676 cirea
1723 643 1816 675 vitam
1843 648 1873 674 et

1140 705 1244 728 mores
1272 707 1306 728 ac
1335 707 1466 729 suorum
1501 696 1679 728 officiorum
1713 695 1874 728 executio-

1140 758 1233 788 nem3
1255 749 1341 790 quod
1367 748 1392 780 si
1420 759 1501 791 opus
1534 748 1639 788 suerit,
1673 747 1874 780 informatio-

1141 811 1213 832 nem
1240 801 1355 833 saciant.
1371 801 1551 843 prudenter
1569 806 1600 833 et
1617 806 1752 841 secreto,
1773 806 1805 833 et
1822 811 1875 832 au-

1141 853 1207 885 dito
1239 853 1510 896 praedecessore;
1537 854 1700 896 finitaque,
1734 853 1875 896 pei-serta

1141 911 1172 937 et
1207 907 1357 938 conclusa
1392 905 1558 948 praedicta
1593 908 1696 945 rausa,
1721 905 1775 948 qui
1802 905 1876 938 fecit

1141 957 1248 989 mittat
1270 958 1358 990 illam
1383 958 1421 990 ad
1447 957 1665 990 definitorium
1694 963 1876 990 1115011101]-

1142 1010 1218 1041 tiam
1244 1010 1335 1042 serat.

1186 1072 1220 1094 11.
1246 1062 1384 1104 Insuper
1408 1062 1432 1094 si
1459 1062 1540 1095 sorte
1566 1062 1681 1105 aliquis
1698 1062 1877 1106 provincia-

1142 1115 1181 1147 lis
1206 1115 1359 1147 defecerit
1375 1115 1407 1148 in
1426 1115 1629 1148 observantia
1647 1121 1678 1148 et
1697 1116 1791 1148 honis
1812 1126 1877 1148 mo-

1143 1167 1242 1207 ribus,
1268 1178 1303 1200 ac
1328 1168 1376 1200 sui
1407 1168 1503 1200 officii
1528 1168 1733 1209 executione,
1751 1169 1802 1201 vel
1826 1179 1875 1201 re-

1142 1219 1259 1252 missus
1285 1220 1382 1252 suerit
1405 1219 1438 1252 in
1456 1219 1554 1252 rebus
1571 1220 1729 1262 gravibus,
1747 1220 1876 1263 quando

1144 1272 1207 1305 hoe
1227 1272 1408 1305 constiterit
1432 1272 1515 1315 patri
1540 1272 1684 1314 generali
1702 1274 1751 1305 vel
1768 1272 1878 1305 defini-

1144 1325 1235 1364 tori0‚
1250 1326 1377 1358 mittant
1394 1325 1582 1367 religiosum
1601 1325 1655 1367 qui
1672 1325 1776 1357 visitet
1794 1335 1876 1367 eum,

1145 1382 1177 1409 et
1201 1378 1272 1417 iste,
1291 1379 1387 1410 causa
1410 1378 1564 1420 perfecta,
1585 1378 1691 1410 tradat
1709 1379 1758 1411 vel
1774 1378 1879 1410 mittat

1145 1429 1232 1462 illam
1251 1429 1444 1470 definitorio,
1461 1435 1497 1461 ut
1514 1429 1552 1462 de
1569 1435 1754 1473 opportuno
1775 1440 1880 1463 reme-

1146 1483 1198 1515 dio
1223 1483 1405 1526 provideat.

1189 1546 1211 1568 1.
1231 1535 1423 1568 Desinitores
1447 1545 1596 1567 excessus
1622 1535 1721 1578 patris
1747 1545 1880 1578 genera-
1903 1545 1927 1575 ,5
1943 1546 1961 1566 3.
1976 1545 2006 1567 ne
2022 1553 2073 1567 can-

1145 1589 1184 1620 lis
1209 1599 1355 1621 scorsum
1379 1588 1542 1630 corrigant
1566 1592 1598 1620 et
1621 1588 1803 1627 emendent,
1826 1576 2073 1630 quiffrlsslssssoefflY-ssi

1146 1652 1253 1674 coram
1288 1641 1367 1684 ipsis
1405 1641 1570 1673 humiliter
1602 1651 1637 1673 se
1668 1627 1976 1683 pi‘osterneiis‘¹⁰¹¹⁰¹¹¹'

1145 1694 1271 1727 veniam
1290 1699 1389 1737 petat,
1404 1699 1435 1726 et
1454 1698 1539 1725 stans
1558 1693 1596 1725 de
1615 1693 1678 1725 suis
1697 1693 1880 1726 excessibus

1146 1758 1179 1780 se
1204 1752 1353 1787 accusat·,
1381 1747 1467 1789 quod
1492 1746 1517 1778 si
1542 1746 1781 1789 praevaricator
1796 1746 1882 1779 Ordi-

1146 1800 1195 1833 nis
1221 1800 1317 1832 suerit
1337 1805 1390 1831 aut
1414 1804 1628 1842 contemptor,
1648 1804 1702 1831 aut
1727 1799 1806 1831 adeo
1831 1809 1882 1831 nc-

1147 1854 1272 1896 gligens
1298 1858 1329 1886 et
1352 1853 1505 1884 remissus
1528 1857 1564 1883 111
1589 1851 1718 1884 Ordinis
1743 1852 1882 1884 dissolu-

1147 1907 1267 1939 tionem
1293 1911 1325 1938 et
1348 1905 1564 1938 visitationem
1586 1904 1727 1945 inducat,
1751 1916 1882 1938 monea—

1147 1965 1198 1992 tur
1222 1971 1238 1992 a
1259 1958 1482 1992 definitoribus
1498 1963 1534 1989 ut
1552 1958 1656 1990 officio
1676 1959 1881 2001 generalatus

1146 2013 1256 2052 cedat,
1283 2011 1427 2054 alioquin
1445 2021 1516 2043 eum
1536 2011 1720 2054 deponendi
1745 2011 1880 2044 liberam

1146 2065 1268 2097 habeut
1292 2064 1488 2096 facultatem.

1189 2128 1223 2151 11.
1241 2117 1367 2160 Reliqui
1381 2122 1487 2149 autem
1505 2116 1658 2149 officiales
1675 2122 1881 2149 amoveantur

1146 2182 1163 2203 a
1188 2181 1245 2202 suo
1270 2170 1376 2202 officio
1413 2170 1437 2201 si
1470 2169 1690 2202 commiserint
1714 2175 1882 2213 peecatum

1147 2223 1278 2266 aliquod
1303 2227 1413 2255 contra
1438 2222 1499 2254 tria
1530 2227 1602 2254 vota
1632 2223 1818 2255 essentialia
1851 2227 1882 2255 et

1147 2281 1292 2318 quartum
1311 2285 1375 2307 non
1393 2274 1566 2314 ambiendi,
1581 2275 1629 2307 vel
1647 2275 1815 2307 manifeste
1841 2275 1880 2307 de

1146 2328 1222 2370 ipsis
1248 2327 1368 2360 fuerim
1391 2327 1601 2359 vehementer
1625 2327 1778 2370 suspecti.
1803 2327 1881 2360 Item

1146 2380 1170 2412 si
1196 2380 1266 2412 aliis
1291 2379 1429 2422 negotiis
1455 2379 1555 2411 dediti
1587 2390 1651 2412 non
1683 2380 1881 2422 adimpleant

1146 2443 1240 2465 suum
1264 2443 1391 2472 munus,
1410 2432 1436 2464 si
1462 2437 1512 2463 ter
1535 2432 1648 2464 moniti
1666 2433 1795 2474 negotia
1814 2443 1880 2466 non

1146 2486 1345 2528 relinquant,
1370 2485 1420 2517 vel
1447 2484 1471 2516 si
1497 2484 1628 2516 inutiles
1655 2490 1707 2516 aut
1724 2485 1766 2517 ita
1783 2485 1881 2527 negli-

1146 2544 1260 2580 gentes
1286 2537 1406 2570 suerint
1431 2538 1469 2569 ad
1496 2537 1740 2579 gubernamlum
1761 2537 1807 2570 et¹
1833 2548 1880 2570 se-

1183 2602 1192 2627 1
1215 2599 1308 2627 Potius
1327 2598 1386 2634 lege
1408 2602 1436 2626 uc
1456 2607 1503 2633 pro
1524 2601 1548 2624 el
1569 2605 1604 2632 111Δ
1622 2598 1671 2632 1.).
