2279 3260
159 252 212 280 An.
230 253 259 280 C.
279 253 343 282 1671

185 630 301 651 numitius.

973 256 1114 279 CLEMENS
1136 258 1153 280 Χ
1180 258 1226 281 ΡΡ.

353 308 416 336 tam
433 303 611 337 divinarum
625 303 883 336 consolationum
898 304 1085 336 sensilinlem

351 357 545 389 affluentiam
578 357 605 389 ei
631 357 791 397 obtinuit,
819 363 852 389 ut
882 359 1108 399 postmodumv

351 409 555 442 iureiurando
573 410 759 453 deposuerit
775 410 850 442 sein
869 415 931 442 tam
951 410 1085 442 dilectae

350 461 435 494 filiae
454 464 657 504 praematura
677 467 779 494 morte
805 467 970 505 expertam
988 462 1084 494 fuisse

351 524 408 546 cor
423 524 515 547 suum
533 514 628 547 nimis
647 520 817 557 angustum
843 519 873 547 et
896 514 1028 556 incapax
1047 515 1084 547 ad

351 567 503 599 caelestia
520 567 574 599 illa
587 568 703 609 gaudia
719 568 930 610 capessenda.

394 619 409 661 ἓ
434 619 464 652 7.
492 619 628 652 llumilis
645 619 735 662 virgo
761 620 823 652 sibi
848 619 1016 652 videbatur
1042 619 1084 651 nil

351 682 447 713 agere
472 676 523 703 aut
550 671 616 714 pati
644 671 675 703 in
701 671 811 714 sponsi
839 671 999 709 famulatu,
1025 670 1086 703 sei-

351 734 439 766 psam
466 724 682 766 redarguebat
706 724 838 767 supinae
867 724 1020 766 ignaviae,
1039 734 1085 756 vo-

351 776 546 809 ciferabatur
570 788 602 808 se
629 776 792 818 indignant
818 776 980 808 communi
998 778 1083 815 a'ere,

351 829 528 861 mirabatur
545 840 578 861 se
598 829 698 861 vivam
718 834 822 861 terrac
839 828 926 860 biatu
942 829 1084 861 nonduin

351 881 542 921 absorberi,
569 882 606 913 ad
633 881 730 923 pedes
749 881 1018 913 confessariorum]
1043 882 1085 912 la-

351 933 491 976 chrymis
530 934 625 975 plena
667 933 902 974 singultiebat,
934 932 1084 963 minimos

350 996 493 1028 quosque
521 986 661 1018 desectus
690 985 733 1016 ita
766 994 962 1026 exaggerans
991 983 1081 1026 quasi

349 1037 621 1070 atrocissimorum
641 1038 799 1069 scelerum
824 1035 1008 1068 cumulatim
1029 1046 1082 1068 rea

350 1091 443 1129 soret,
470 1090 616 1133 publicas
646 1089 733 1121 urbis
759 1095 813 1122 aut
837 1089 980 1131 regionis
1006 1090 1083 1121 cala-

349 1143 476 1175 mitates
501 1143 566 1175 suis
586 1143 766 1185 imputabat
784 1142 960 1181 demeritis,
979 1142 1083 1183 aegri-

350 1196 476 1228 tudines
500 1194 712 1227 creberrimas
731 1200 762 1227 et
782 1194 978 1226 acutissimas
996 1205 1083 1226 aece-

348 1249 459 1291 ptabat
486 1253 518 1280 et
541 1248 667 1279 aaudiat
692 1258 748 1279 eeu
774 1246 916 1278 vindices
941 1257 975 1278 ae
1001 1246 1082 1278 iusta

347 1300 504 1343 supplicia
518 1311 593 1332 suae
609 1299 640 1331 in
662 1299 759 1332 Deum
776 1304 951 1342 perpetuae
978 1299 1083 1341 ingra-

348 1353 502 1393 titudinis,
523 1352 767 1395 provoeabatin
792 1362 824 1384 se
843 1351 950 1384 onmia
971 1352 1080 1384 mundi

346 1406 505 1438 elementa
530 1406 568 1437 ad
592 1404 747 1437 vindicias·
777 1404 969 1436 iniuriarrnn
1001 1415 1080 1447 quas

346 1469 456 1491 eorum
481 1458 627 1490 Creatori
643 1470 660 1490 a
685 1469 717 1490 se
736 1458 841 1490 illatas
869 1454 1078 1500 quer'elmtur,

346 1511 501 1544 credebat
515 1510 660 1550 firmiter,
675 1517 706 1543 et
719 1510 762 1542 ita
777 1510 815 1542 ab
830 1510 980 1542 omnibus
994 1511 1079 1543 credi

344 1564 517 1606 satagebat,
544 1563 687 1596 omnium
714 1574 746 1595 se
772 1568 991 1595 creaturarum
1013 1574 1079 1595 esse

344 1616 596 1649 abiectissimam
622 1622 654 1648 et
679 1615 987 1659 pestilentissimam,
1008 1626 1081 1648 nae-

344 1680 418 1701 vum
443 1669 655 1702 execrabilem
675 1668 812 1701 infelicis
833 1668 968 1707 saeculi,
988 1668 1079 1701 Orbis

344 1722 515 1761 maculam,
535 1721 666 1753 humani
692 1720 821 1762 generis
846 1720 993 1752 ultimum
1011 1732 1079 1753 ear-

343 1773 482 1805 cinoma.
511 1773 601 1812 lline,
620 1773 645 1804 si
667 1772 932 1815 deprehenderet
956 1774 994 1805 de
1019 1773 1079 1805 vir-

344 1825 465 1857 tutibus
491 1836 525 1858 se
552 1825 712 1858 tantillum
745 1825 983 1864 commendari,
1008 1836 1078 1858 cru-

343 1879 490 1911 ciabatur
507 1877 636 1918 misera,
653 1879 901 1921 expalleseebat‚
916 1879 1079 1911 diffluebat

342 1931 526 1975 lachrymis,
548 1932 738 1964 dehiscebat
758 1931 846 1963 illico
870 1942 904 1964 se
929 1942 1078 1974 mergens

343 1984 374 2017 in
400 1985 549 2028 abyssum
577 1984 780 2017 humilitatis.
808 1984 931 2017 Accidit
951 1986 1036 2028 qnod
1061 1996 1077 2018 e

341 2037 445 2070 vieino
470 2037 597 2070 aedium
623 2036 791 2070 conclavi¹
818 2038 922 2070 obiter
951 2039 1077 2071 audiret

341 2100 497 2133 personas
513 2100 625 2132 graves
650 2090 688 2121 de
714 2090 815 2122 Rosae
836 2096 996 2133 tamquam
1022 2092 1077 2123 ab·

341 2143 441 2175 sentis
465 2142 605 2174 mirabili
624 2142 685 2174 vita
704 2142 882 2175 honorifice
900 2154 936 2175 ae
953 2149 1075 2176 secreto

341 2195 598 2235 confabulantes3
613 2195 740 2239 expavit
753 2201 783 2228 et
798 2197 969 2228 adtremuit
986 2208 1076 2229 exan-

341 2249 412 2291 guis
438 2249 535 2291 virgo,
555 2259 687 2290 angore,
709 2250 785 2281 llctu
799 2254 831 2281 et
848 2260 997 2282 moerore
1017 2251 1075 2283 dis-

341 2303 451 2341 tabuit,
474 2313 517 2342 ae,
540 2302 680 2344 seipsam
697 2302 867 2335 durissime
885 2304 1072 2346 obiurgans,

341 2361 397 2395 ter,
424 2361 538 2398 quater
563 2355 652 2388 illisit
676 2366 820 2398 pugnum
844 2358 1008 2389 aculeatae
1027 2369 1076 2390 ca-

339 2409 414 2452 pitis
431 2408 479 2440 sui
496 2419 645 2448 coronae,
663 2409 820 2441 fluxerunt
836 2410 895 2442 sub
912 2412 983 2444 velo
1004 2423 1075 2444 san-

339 2462 446 2504 guinis
472 2461 541 2501 rivi,
567 2467 601 2493 ut
625 2461 799 2496 acrimonia
824 2464 942 2497 doloris
971 2465 1075 2508 ingra-

339 2514 497 2547 tissimum
520 2515 645 2548 alienae
670 2516 773 2548 laudis
798 2518 995 2551 obtunderet
1019 2530 1074 2551 au-

375 2631 386 2661 1
408 2629 474 2656 Male
490 2629 554 2656 edit.
573 2629 650 2656 Μαίη.
667 2630 731 2666 legit
745 2632 887 2661 conclavis
904 2633 942 2668 (R.
960 2633 1008 2668 T.).

1758 249 1816 285 191

1106 304 1242 351 ¹ditum.
1270 305 1491 338 1⁴*amiliarilms
1516 307 1581 338 suis
1613 307 1752 350 ingenue
1784 320 1858 352 pro-

1128 357 1278 389 fitebatur
1310 358 1440 390 lnnnilis
1474 359 1557 391 Rosa
1589 361 1767 401 plectendis
1792 361 1858 394 suis

1128 410 1316 443 criminibus
1331 411 1416 443 band
1430 412 1573 443 sufficere
1588 422 1790 445 communem
1807 424 1861 455 ge-

1129 463 1255 495 bennae
1281 474 1405 505 rogum,
1420 463 1516 495 alium
1536 463 1595 495 sibi
1617 464 1728 496 deberi
1753 464 1861 506 singu-

1116 515 1225 555 ,larem
1244 515 1414 555 infernum,
1435 526 1470 547 ae
1489 515 1585 548 veteri
1619 516 1859 558 prbsundiorein

1129 568 1288 610 longeque
1303 567 1509 600 deteriorem.

1127 724 1275 766 eorporis
1300 735 1395 766 quam
1421 725 1460 757 ad
1485 724 1630 757 intimam
1655 724 1788 767 spiritus
1810 735 1861 756 so-

1128 776 1304 814 litudinem,
1324 782 1358 808 ut
1374 777 1417 808 ibi
1437 777 1625 819 loqueretur
1641 777 1677 809 ad
1698 787 1754 808 eor
1771 776 1858 817 eius;

1128 828 1354 860 obsistentibus
1369 829 1541 861 exadverso
1561 829 1754 872 importunis
1774 829 1860 871 geni-

1128 881 1213 913 tricis
1231 881 1409 921 conatibus,
1427 881 1541 924 quibus
1556 892 1625 913 eam
1640 882 1678 914 ad
1699 882 1861 914 connubia

1128 938 1231 965 terrae
1265 944 1376 976 parare
1410 934 1593 975 satagebat,
1620 934 1658 966 ad
1688 944 1768 976 quae
1795 945 1861 967 non

1126 986 1231 1017 solnm
1257 986 1364 1017 verbis
1390 986 1583 1026 durioribus,
1601 986 1657 1018 sed
1683 985 1779 1018 etiam
1797 997 1861 1019 ver-

1127 1037 1255 1069 beribus
1280 1038 1519 1081 impellebatur.
1546 1039 1608 1071 Sed
1630 1038 1703 1070 vicit
1727 1038 1860 1070 invictus

1126 1090 1230 1122 llosae
1255 1091 1398 1130 aninms,
1424 1091 1512 1133 prius
1538 1091 1623 1123 enim
1648 1091 1777 1131 Cumae,
1805 1091 1860 1124 ubi

1126 1154 1198 1175 eum
1222 1143 1285 1175 suis
1311 1145 1507 1183 morabatur,
1533 1154 1590 1186 per
1611 1143 1860 1186 quadriennium

1125 1198 1222 1229 semel
1243 1202 1363 1228 tantum
1382 1208 1398 1228 a
1417 1203 1516 1229 matre
1533 1197 1619 1229 iussa
1636 1197 1733 1229 domo
1749 1197 1858 1237 exivit,

1125 1255 1206 1291 post,
1225 1250 1371 1291 exemplo
1397 1260 1473 1282 suae
1500 1250 1682 1292 magistrae,
1705 1249 1860 1292 rigidiore

1124 1301 1233 1333 inedia
1253 1303 1355 1334 vultus
1373 1308 1571 1334 venustatem
1589 1301 1793 1341 imminuere,
1812 1314 1860 1335 ve-

1124 1359 1173 1387 ste
1200 1354 1311 1387 humili
1339 1360 1369 1387 ct
1394 1355 1545 1398 despecta
1563 1355 1711 1398 eorporis
1737 1355 1861 1397 agilita-

1126 1412 1187 1439 tem
1221 1409 1325 1439 celare
1339 1434 1346 1447 ,
1384 1407 1617 1450 bominumque
1653 1413 1858 1450 prospectum

1101 1463 1105 1509 i
1124 1460 1229 1502 ‹pioad
1244 1466 1369 1502 poterat
1388 1461 1551 1493 declinare
1570 1460 1770 1493 e111·avit.llis
1787 1471 1859 1493 san-

1123 1512 1180 1543 ctis
1195 1512 1314 1543 artibus
1329 1523 1403 1554 spes
1420 1523 1533 1545 omnes
1551 1512 1733 1555 nuptiarum
1754 1513 1860 1552 elusit,

1123 1575 1187 1597 non
1208 1570 1313 1597 tamen
1329 1576 1564 1608 quamcumque
1582 1575 1722 1608 pugnam
1747 1566 1856 1598 evasit.

1100 1606 1155 1662 i¹¹¹
1180 1623 1263 1649 statu
1292 1617 1378 1649 enim
1396 1618 1478 1650 vitae
1503 1618 1674 1660 deligendo
1701 1618 1755 1650 diu
1778 1620 1858 1651 mul-

1100 1667 1104 1691 *
1124 1675 1252 1712 tumque.
1268 1671 1453 1702 luctandum
1470 1670 1537 1702 l'uit.
1553 1671 1694 1703 Tandem
1719 1670 1859 1703 obtinuit

1123 1722 1274 1765 vigesimo
1300 1722 1411 1754 aetatis
1437 1733 1533 1763 anno,
1559 1728 1604 1763 ut,
1633 1723 1857 1757 consentiente

1122 1782 1229 1815 matre,
1256 1780 1465 1818 eooptaretm·
1490 1776 1596 1818 palam
1616 1776 1649 1808 in
1667 1775 1766 1808 filiani
1786 1787 1857 1809 san-

1121 1828 1160 1859 eti
1192 1828 1367 1867 Dominici,
1404 1834 1570 1871 assumpto
1602 1828 1633 1861 S.
1665 1828 1856 1862 Catliarinae

1121 1880 1270 1913 Senensis
1296 1880 1429 1921 babitu,
1456 1892 1519 1924 qno
1553 1882 1693 1914 candent
1726 1892 1856 1915 sorores

1120 1933 1215 1966 Tertii
1234 1934 1374 1974 Ordinis,
1390 1935 1485 1976 vulgo
1498 1935 1535 1966 de
1551 1934 1763 1968 Poenitentia.
1780 1935 1857 1968 Eam

1121 1997 1258 2029 namque
1274 1987 1454 2019 severioris*
1469 1987 1500 2020 S.
1517 1987 1627 2020 Clarae
1642 1986 1783 2030 primae²
1797 1988 1857 2020 vir-

1120 2039 1210 2081 gines
1232 2039 1419 2071 monasterii
1437 2039 1592 2072 Limensis
1609 2039 1643 2072 in
1659 2040 1856 2073 fundationis

1120 2092 1262 2124 sodalem
1290 2092 1411 2125 babere
1445 2093 1519 2125 totis
1551 2092 1672 2126 viribus
1697 2095 1856 2127 conaban-

1121 2151 1181 2177 tur.
1195 2145 1463 2179 Sanetimoniales
1474 2147 1677 2190 postmodum
1691 2147 1792 2180 saneti
1803 2148 1855 2181 do·

1119 2200 1215 2232 etoris
1227 2200 1388 2233 Ecclesiae
1400 2201 1569 2243 Augustini
1582 2201 1670 2233 illam
1682 2201 1743 2234 iam
1757 2201 1854 2235 domo

1119 2255 1156 2286 ad
1184 2254 1245 2286 boe
1270 2264 1434 2295 egressam
1455 2255 1739 2297 praestolabantur
1762 2265 1855 2288 sacro

1120 2307 1179 2339 boe
1196 2306 1325 2346 amictu,
1343 2312 1374 2338 et
1395 2317 1455 2339 nce
1476 2308 1605 2347 trustra,
1627 2307 1659 2339 ni
1677 2312 1749 2340 ante
1767 2318 1854 2340 arani

1119 2360 1324 2392 Beatissimae
1339 2360 1475 2402 Virginis
1494 2360 1546 2392 SS.
1565 2360 1687 2393 Rosarii
1705 2360 1854 2394 immobi-

1118 2414 1181 2445 lem
1196 2413 1241 2445 vis
1261 2413 1368 2446 divina
1386 2413 1505 2445 tamdiu
1523 2413 1727 2454 detinuisset,
1746 2415 1853 2457 quoad

1117 2471 1265 2509 coeptum
1283 2466 1408 2499 itineris
1425 2465 1625 2509 propositum
1646 2471 1848 2500 retractaret.

1118 2520 1219 2559 Unde,
1246 2520 1378 2552 caelitus
1404 2521 1568 2553 admonita
1586 2519 1739 2552 Ordinem
1758 2519 1852 2552 Prae-

1153 2594 1161 2616 1
1181 2589 1250 2616 Edit.
1268 2590 1386 2616 Cherub.
1405 2590 1447 2617 hic
1462 2590 1536 2617 addit
1551 2591 1680 2618 instituti
1695 2591 1731 2624 (n.
1746 2590 1796 2626 T.)-

1149 2635 1164 2660 ⁹2
1180 2634 1309 2669 Legerem
1321 2636 1419 2669 primo
1436 2643 1483 2670 pro
1497 2635 1614 2669 primae
1629 2635 1668 2670 (R.
1685 2635 1733 2670 T.)-

1867 260 1916 286 An.
1932 259 1962 286 G.
1985 259 2048 287 1671

1171 622 1185 661 ς’
1210 619 1240 651 8.
1265 620 1443 651 Du«.:elmtur
1480 620 1563 652 inter
1596 620 1677 652 haee
1708 620 1858 652 virtutum
1902 636 2054 656 naamam..

1869 664 1896 681 eti
1907 661 2008 682 numme·
2020 669 2054 682 »u-

1127 672 1279 704 exereitia
1303 683 1320 703 a
1352 672 1478 714 Spoffio
1512 678 1573 704 tam
1599 672 1638 704 ad
1665 672 1858 704 exteriorem
1870 691 1939 714 ωψιι,
