2279 3260
457 243 520 277 7⁶20
1008 250 1182 273 mimium
1211 248 1359 271 iuni-lxta}

499 304 649 338 collocari
675 305 820 338 fecerunt
844 303 908 336 dux
932 310 963 337 et
987 302 1219 345 gubernatores
1245 298 1451 342 Reipublicae
1478 299 1652 340 lanuensis,
1676 300 1772 340 z'bz·‹l.;
1796 299 1957 334 eiusmodi

499 357 581 391 situs
609 363 693 390 ratus
718 357 845 389 habitus
871 361 918 389 est
943 356 982 388 ab
1007 353 1250 397 archiepiscopo
1275 351 1433 392 Ianuensi,
1457 352 1551 393 ibid.;
1583 353 1692 387 sedem
1717 352 1916 397 praedictam
1940 364 1958 386 a

498 420 598 444 cornu
616 410 766 454 epistolae
784 409 1019 447 removendam,
1038 413 1068 441 ct
1085 407 1124 440 ad
1143 415 1245 439 cornu
1258 404 1415 448 evangelii
1430 406 1648 449 reponendam
1664 405 1828 446 statuitur,
1843 404 1910 438 340
1926 416 1958 439 a.

409 464 572 506 Sfflarum,
597 464 801 507 aliorumque
825 463 969 495 locorum
995 459 1181 494 infidelibus
1206 458 1424 493 subiectorum
1450 457 1559 491 vicarii
1583 458 1751 501 apostolici
1776 458 1959 492 eximuntur

499 528 516 549 a
541 516 763 550 iurisdictione
795 513 1014 558 inquisitionis
1043 512 1218 546 Goanensis
1234 539 1241 552 ‚
1267 511 1332 544 44⁶2
1357 511 1396 551 b;
1423 517 1453 545 et
1477 521 1495 543 a
1526 510 1748 545 iurisdictione
1772 512 1959 546 Ordinatio-

501 579 588 609 nem,
614 569 680 603 484
704 580 736 607 a,
764 568 828 601 480
852 568 889 607 b;
914 567 1047 600 clericos
1073 567 1193 609 absque
1218 564 1405 609 patrimonii
1426 563 1571 607 perpetui
1589 563 1680 597 titulo
1697 565 1876 599 sacerdotes
1900 575 1957 599 or-

500 622 610 655 dinare
635 631 728 665 posse
752 621 797 654 cis
822 620 955 653 indulsit
979 620 1017 652 ad
1045 626 1169 663 tempus
1190 617 1370 651 Alexander
1394 617 1458 657 VII,
1482 617 1628 650 Clemens
1651 617 1692 649 lx
1716 622 1746 650 et
1771 618 1808 658 X,
1834 618 1901 651 444
1925 629 1956 658 cr,

499 676 574 708 item
600 674 734 708 clericos
762 674 892 706 latinam
919 673 1061 716 linguam
1088 672 1271 716 ignorantes
1296 670 1447 704 ordinare
1462 675 1596 714 possunt
1613 669 1806 711 sacerdotes,
1833 675 1864 703 et
1886 672 1959 705 loco

503 727 601 761 officii
629 727 726 760 divini
752 727 946 760 substituere
972 725 1049 758 alias
1074 735 1182 769 preces
1208 726 1243 758 in
1268 735 1380 759 corum
1407 724 1624 768 lingua,ibicl.

416 783 588 821 binarum,
614 780 775 813 lndiarum
809 779 1054 820 Orientialium‚
1083 780 1285 822 aliorumque
1317 778 1463 811 locorum
1496 776 1688 811 missionarii
1720 787 1787 811 non
1813 783 1962 811 tenentur

502 833 698 868 Lusitaniam
725 832 928 876 pertransire,
952 831 1015 864 407
1042 843 1062 865 [ι
1087 837 1118 864 et
1141 842 1203 874 seq.

414 887 555 922 Societas
581 888 664 927 lesu,
693 886 734 919 80
758 886 793 923 ἰν,
815 886 845 919 in
873 885 1016 918 ecclesiis
1042 885 1142 929 ipsius
1167 884 1309 919 officium
1328 890 1358 918 et
1376 884 1474 917 missa
1499 886 1532 918 B.
1552 884 1701 917 Stanislai
1726 884 1863 918 Kostkae
1886 885 1961 917 reci-

501 940 561 974 tari
589 946 620 973 et
643 940 799 973 celebrari
826 944 927 982 potest
953 939 982 971 in
1010 933 1153 977 Polonia,
1172 937 1342 971 Lithuania
1368 944 1398 971 et
1424 937 1498 970 alibi
1524 948 1541 970 a
1567 937 1837 980 quibuscumque,
1858 936 1900 970 80
1920 937 1960 977 Ιν,

501 993 666 1037 quomodo
687 993 748 1026 lioc
774 992 934 1025 indultum
955 991 995 1024 sit
1011 990 1256 1033 intelligendum
1275 991 1468 1031 declaratur,
1487 990 1550 1023 257
1570 990 1606 1031 b}
1624 990 1777 1024 ecelesias
1795 990 1960 1024 Societatis

500 1047 585 1079 circa
603 1046 768 1086 cadavera,
789 1056 872 1088 quae
892 1045 935 1077 ibi
961 1045 1172 1088 sepeliuntur,
1186 1044 1379 1077 conveniunt
1408 1043 1518 1077 eadem
1547 1042 1618 1076 iura
1642 1054 1679 1077 ac
1704 1043 1816 1076 ceteris
1839 1043 1961 1085 regula-

502 1099 603 1139 ribus,
620 1098 684 1131 3³28
704 1100 720 1131 b
736 1105 766 1132 et
790 1109 871 1141 sess.;
897 1098 1098 1142 praepositus
1123 1097 1280 1140 generalis
1306 1098 1489 1130 facultatem
1516 1096 1610 1129 habet
1635 1098 1793 1139 professos
1817 1107 1833 1129 e
1859 1095 1962 1129 Socie-

505 1160 567 1187 late
592 1152 772 1193 emittendi,
800 1159 830 1186 et
854 1163 917 1186 non
945 1152 1040 1185 modo
1072 1152 1111 1184 ad
1150 1150 1447 1189 Carthusiensium,
1474 1149 1528 1182 sed
1555 1151 1742 1193 quorumvis
1763 1149 1961 1192 regularium

502 1207 637 1240 Ordines
663 1206 886 1245 transferendi,
908 1205 972 1239 592
998 1206 1035 1243 ἰν,
1062 1203 1196 1248 professi
1223 1203 1269 1236 sic
1299 1203 1444 1236 translati
1477 1208 1642 1246 nequeunt
1671 1202 1776 1235 denuo
1800 1202 1839 1235 ad
1860 1202 1960 1235 alium

502 1260 666 1298 Ordinem,
679 1259 894 1293 Cartltusiensi
921 1264 1065 1301 excepto,
1088 1256 1225 1290 transire
1246 1257 1366 1299 absque
1384 1255 1520 1288 Romani
1539 1255 1704 1288 Pontificis
1728 1255 1868 1295 licentis,
1883 1254 1961 1287 alias

502 1314 689 1346 annullatur
707 1323 787 1346 nova
805 1314 973 1356 professio,
997 1317 1026 1344 et
1044 1312 1089 1343 sic
1104 1315 1304 1343 transeuntes
1325 1314 1358 1340 ut
1373 1313 1538 1350 apostatae
1552 1307 1724 1347 habentur,
1744 1306 1808 1339 593
1821 1318 1841 1340 α
1854 1312 1958 1350 etseq.

412 1367 584 1401 Somascha
610 1366 674 1409 (de)
701 1365 965 1408 Congregationis
990 1363 1098 1396 clerici
1125 1364 1288 1406 regulares
1313 1371 1377 1394 non
1402 1367 1536 1403 possunt
1562 1359 1697 1393 transire
1722 1359 1761 1392 ad
1787 1369 1963 1403 congrega-

503 1431 575 1453 nem
601 1420 708 1452 Matris
733 1419 784 1451 Dei
809 1418 997 1451 scholaram
1023 1417 1163 1453 Piarnm,
1190 1425 1248 1450 nec
1275 1414 1425 1454 vicissim,
1453 1413 1518 1447 423
1543 1414 1560 1446 b
1585 1421 1615 1447 et
1640 1424 1703 1456 seq.

415 1473 591 1505 Stanislaus
610 1472 673 1514 (S.)
692 1471 810 1503 Kostka
828 1470 996 1503 Societatis
1011 1470 1092 1510 Iesu,
1113 1468 1154 1502 80
1173 1469 1206 1508 bj,
1230 1469 1328 1511 ipsius
1346 1467 1488 1500 officium
1506 1472 1535 1500 et
1555 1466 1653 1500 missa
1670 1466 1825 1499 celebrari
1846 1472 1962 1510 potest,

503 1525 596 1564 ibid.;
623 1526 712 1563 item,
734 1523 797 1556 0257
824 1523 860 1562 [13
886 1522 1014 1566 eligitur
1041 1528 1194 1565 patronus
1219 1521 1380 1560 poloniae,
1404 1521 1606 1560 Lithuaniae,
1633 1520 1708 1554 licet
1733 1529 1900 1553 sacrorum
1921 1520 1964 1552 ri-

505 1585 595 1612 tuum
621 1577 834 1621 Congregatio
860 1583 941 1610 vetet
966 1577 1078 1609 Beatos
1095 1575 1126 1608 in
1145 1582 1298 1618 patronos
1322 1574 1453 1617 eligere,
1476 1573 1540 1607 463
1565 1574 1582 1606 b
1603 1580 1634 1607 et
1657 1584 1732 1617 seq.;
1756 1574 1823 1606 eius
1846 1574 1963 1606 festum

505 1632 537 1664 in
562 1631 716 1675 praefatis
742 1630 847 1674 regnis
869 1630 1031 1663 dominica
1048 1629 1192 1673 proxima
1210 1633 1282 1671 post
1299 1637 1355 1660 xul
1372 1627 1554 1660 novembris
1573 1633 1677 1670 potest
1695 1626 1861 1666 celebrari,
1881 1625 1962 1658 ibzd.

416 1686 595 1729 Stephanus
629 1686 716 1718 card.
744 1685 895 1717 Durazius
929 1684 1081 1716 ecclesiae
1115 1682 1279 1716 Ianuensis
1312 1681 1462 1724 praesul,
1489 1679 1554 1713 :338
1579 1679 1614 1719 b3
1641 1679 1741 1722 ipsius
1764 1677 1964 1712 renunciatio

507 1745 706 1782 acceptatur,
733 1737 814 1770 ibid.

1176 1842 1197 1873 ‚s

417 1951 498 1982 'saxa
524 1949 554 1981 in
580 1949 663 1982 Urbe
689 1958 783 1991 super
814 1947 908 1980 rebus
932 1947 971 1979 ad
998 1945 1217 1989 pliarmaciam
1247 1944 1470 1987 spectantibus
1499 1945 1661 1978 stabilitur
1690 1956 1708 1978 a
1741 1945 1965 1988 protomedico

507 2008 537 2035 et
562 2000 761 2034 medicorum
788 2000 923 2043 collegio
949 1998 1062 2035 Urbis,
1089 1997 1152 2032 506
1177 1999 1213 2033 b:
1246 1998 1318 2032 lites
1349 2005 1556 2032 occurrentes
1586 2008 1682 2042 super
1714 1998 1783 2041 ipsa
1815 1999 1964 2032 sustineri

507 2055 624 2088 debent
648 2065 665 2086 a
690 2053 913 2097 protoincdico
939 2052 1083 2095 impensa
1109 2052 1271 2091 Gamerae,
1298 2051 1362 2085 506
1388 2052 1405 2084 b
1431 2058 1461 2086 et
1485 2051 1548 2085 507
1574 2063 1604 2085 a.

418 2111 520 2142 'l‘axae
546 2109 576 2141 in
603 2110 743 2140 savorem
770 2106 956 2139 academiae
981 2105 1011 2138 S.
1042 2106 1157 2146 Lucae,
1186 2105 1439 2149 earumdemque
1458 2116 1514 2149 pro
1532 2104 1657 2138 annatis
1675 2103 1820 2138 decursis
1846 2110 1877 2138 et
1899 2116 1965 2140 non

507 2161 618 2195 solutis
644 2160 860 2198 reductiones,
886 2159 939 2192 35.

422 2219 665 2251 Terraesanctae
700 2214 924 2248 necessitatem
959 2220 1108 2247 tenentur
1132 2212 1252 2256 populo
1277 2212 1505 2245 commendare
1530 2210 1577 2243 bis
1613 2210 1646 2242 in
1679 2220 1764 2243 anno
1795 2211 1964 2254 praedica-

509 2277 607 2308 toreS,
634 2268 696 2301 599
725 2268 742 2300 b
767 2275 797 2301 et
821 2278 882 2310 seul.

418 2325 696 2357 Terramsanctarn
730 2321 908 2354 incolentes
936 2322 1046 2353 fratres
1079 2319 1208 2352 Ordinis
1233 2317 1336 2351 sancti
1371 2317 1533 2350 Francisci
1559 2316 1598 2349 de
1623 2315 1848 2357 observantia,
1875 2315 1918 2349 39
1936 2316 1966 2357 b;

507 2375 582 2419 ipsis
619 2374 784 2418 privilegia
818 2373 1074 2413 confirmantur,
1109 2371 1217 2411 ibid.;
1247 2377 1330 2404 artes
1364 2369 1542 2403 medicinae
1578 2376 1609 2403 et
1646 2369 1829 2413 chirurgiae
1864 2370 1968 2403 valent

506 2438 665 2464 exercere,
691 2426 816 2461 etiamsi
842 2427 904 2459 sint
931 2426 1125 2466 sacerdotes.
1149 2423 1191 2457 66
1216 2435 1246 2457 a.

417 2485 692 2516 Terramsanctam
716 2481 891 2514 incolentes
916 2485 947 2512 et
970 2479 1132 2512 visitantes
1149 2484 1229 2522 quot
1253 2478 1419 2510 lucrentur
1442 2476 1669 2519 indulgentias,
1697 2475 1739 2509 :39
1765 2475 1793 2508 b.

418 2537 516 2570 Tertii
544 2534 673 2569 Ordinis
699 2534 729 2567 S.
753 2533 910 2567 Dominici
936 2532 1102 2576 privilegia
1127 2538 1158 2565 et
1182 2531 1402 2575 indulgentiae
1425 2530 1497 2563 vide
1520 2529 1605 2563 Ordo
1630 2529 1903 2571 praedicatorum,
1919 2529 1969 2562 vel

509 2588 650 2628 Rosarii3
674 2587 770 2620 huius
795 2586 922 2621 Ordinis
946 2586 1004 2619 suit
1028 2585 1059 2619 S.
1089 2585 1170 2618 Rosa
1196 2584 1235 2617 de
1260 2584 1360 2625 Lima,
1387 2583 1459 2616 vide
1482 2582 1511 2616 S.
1538 2583 1639 2616 Rosae
1664 2583 1703 2616 de
1731 2582 1831 2616 Lima.

420 2643 516 2676 Tertii
550 2641 681 2675 Ordinis
711 2641 815 2674 sancti
846 2639 1008 2673 Francisci
1041 2639 1255 2681 congregatio
1288 2637 1474 2673 Gallicana,
1509 2636 1573 2670 306
1605 2647 1641 2677 a,
1675 2636 1800 2670 indulta
1832 2636 1871 2669 ab
1903 2635 1967 2668 Ur-
