2279 3260
165 244 215 273 An.
231 243 262 273 C.
281 241 355 272 1676

361 293 505 338 deputati
524 293 641 328 dictum
664 292 832 327 Nicolaum
857 292 1034 337 parochum
1062 292 1101 325 ad

360 357 393 380 se
419 347 460 380 ob
485 347 619 390 negotia
646 347 849 390 inquisitoris
876 346 993 389 (cuius
1018 356 1102 379 com-

359 400 525 433 missarius
562 401 767 444 appellatur)
804 400 1001 433 advocantis.
1034 398 1100 437 Quo

360 454 491 496 cognito
519 454 683 497 praefatus
705 453 877 497 episcopus
903 452 1097 495 Ampnrien-

361 506 403 538 sis
424 533 431 545 ,
469 506 605 549 epistola
640 506 874 539 humanissima
908 506 946 538 ad
981 505 1099 537 dictum

362 558 589 602 inquisitorem
618 559 725 601 missa,
758 559 980 602 perbeneque,
1008 568 1101 600 roga-

361 612 406 645 vit
429 617 464 644 ut
489 611 608 645 dictum
623 613 791 646 Nicolaum
817 617 991 655 repeteret,
1010 611 1099 644 cuius

361 665 480 698 delicta
515 666 611 698 modo
649 666 832 698 nullatenus
869 665 957 697 Fidei
994 669 1097 697 mate-

360 718 439 751 riam
474 729 536 751 nec
568 718 787 762 suspicionem
813 718 1023 761 attingebant.
1051 717 1100 749 ln-

361 771 536 814 quisitores
567 777 687 813 autem,
722 771 906 805 ordinariae
932 770 1100 814 episcopa-

361 824 399 857 lis
426 825 657 858 iurisdictionis
675 825 920 868 perturbatores
944 824 1032 864 facti,
1051 824 1098 856 via

361 877 504 911 iudiciali
530 878 563 910 in
598 878 719 911 alienas
756 888 878 911 messes
902 878 1015 910 falcem
1040 876 1099 909 im-

361 931 514 971 mittunt,
550 931 785 964 comminantes
819 934 1098 973 aggravantesque

362 984 561 1018 lamentabili
578 985 683 1027 plebis
698 984 849 1017 scandalo
866 994 1018 1016 censuras
1037 983 1099 1026 epi-

362 1047 460 1080 scopo
494 1038 627 1080 eiusque
653 1037 771 1069 vicario
804 1036 964 1079 generali,
991 1035 1052 1068 nisi
1082 1047 1099 1068 a

361 1089 549 1132 cognitione
588 1099 705 1123 causae
737 1089 812 1122 dicti
846 1089 968 1122 Nicolai
1003 1089 1100 1122 absti-

359 1147 469 1175 neant.
507 1141 627 1180 Quibus
663 1153 734 1175 cum
767 1152 826 1185 pro
859 1147 952 1186 parte
989 1142 1098 1175 curiae

361 1195 554 1240 episcopalis
587 1195 809 1238 Ampuriensis
836 1196 915 1229 iuris
946 1196 1100 1229 remediis

361 1249 504 1281 notarius
532 1249 731 1282 occurrisset
755 1249 911 1290 modeste,
931 1249 1101 1293 inquisito-

362 1312 413 1334 res
434 1301 590 1344 praedicti
615 1303 788 1335 nonnullos
824 1302 972 1336 homines
998 1314 1101 1336 arma-

363 1360 410 1388 tos
435 1355 563 1397 agmine
589 1355 672 1388 facto
693 1355 725 1387 in
743 1356 924 1398 praefatum
944 1356 1099 1400 oppidum

364 1408 462 1441 castri
498 1408 718 1451 Aragonensis
754 1408 957 1441 immiserunt
993 1410 1044 1442 die
1077 1421 1100 1443 11

362 1460 482 1493 mensis
501 1461 639 1493 ianuarii
658 1461 803 1504 proxime
822 1462 1002 1505 praeteriti:
1020 1473 1101 1506 quos

362 1524 435 1546 cum
460 1524 478 1546 a
502 1515 598 1557 longe
635 1514 720 1547 cives
753 1515 849 1547 castri
883 1516 1100 1557 Aragonensis

362 1567 617 1610 conspexissent,
644 1568 808 1608 commoti,
835 1568 997 1611 armisque
1033 1580 1101 1601 mu-

362 1620 431 1661 niti,
456 1620 606 1654 invadere
641 1631 737 1654 manu
774 1622 882 1654 hostili
919 1623 1098 1655 tentabant.

362 1673 433 1716 lpse
448 1678 557 1706 autem
573 1674 756 1717 episcopus,
778 1684 812 1707 re
830 1675 968 1717 cognita,
990 1675 1101 1718 oppidi

362 1731 471 1768 portas
498 1726 602 1759 claudi
628 1727 759 1767 curavit,
784 1732 815 1760 et
832 1737 965 1760 suorum
991 1729 1102 1761 sedata

363 1779 571 1813 multitudine
597 1781 748 1813 scandala
773 1782 1033 1824 praeoccupavit.

195 1843 353 1864 Pontifexcan-
407 1832 478 1874 §2⁴
515 1832 617 1870 Quare
650 1844 709 1866 nos
745 1844 781 1866 ex
816 1835 978 1867 commissi
1011 1835 1102 1867 nobis

168 1875 224 1916 1⁸5&
236 1872 352 1916 2203ssss
364 1884 497 1917 caelitus
521 1886 694 1928 pastoralis
721 1886 817 1919 officii
836 1887 945 1920 debito
971 1889 1104 1921 scanda-

169 1924 403 1975 Efficsiffi'i'mffis'ffilis
430 1944 461 1971 et
485 1940 796 1982 perturbationibus,
834 1951 915 1984 quae
948 1942 1104 1984 praemis-

171 1977 320 2047 ἱῖἳῖῗὲῗιωὲἓ
331 1980 476 2024 ae'tsorum
501 1992 673 2025 occasione
707 1993 787 2026 oriri
811 2000 957 2037 possent,
982 2000 1103 2028 mature

171 2026 355 2080 2³9⁰52²ss¹3035nf¹¹¹
367 2054 537 2078 occurrere
571 2051 603 2078 et
634 2051 855 2089 opportunum
888 2047 951 2081 iam
984 2048 1103 2081 exortis

366 2098 546 2131 remedium
571 2099 728 2132 adhibere
758 2100 946 2143 cupienteS‚
966 2112 1003 2134 ac
1031 2112 1104 2134 cau-

368 2161 421 2183 sae
458 2162 516 2184 seu
560 2162 730 2185 causarum
770 2153 834 2186 sive
868 2155 1105 2188 controversia-

369 2213 440 2236 rum
460 2204 649 2238 huiusmodi
674 2206 758 2239 inter
782 2206 971 2251 episcopum
988 2208 1106 2252 Ampu-

369 2257 513 2290 riensem
530 2263 561 2290 et
578 2258 803 2302 inquisitorem
821 2270 878 2292 seu
899 2260 1106 2303 inquisitores

370 2310 530 2352 praefatos
555 2312 748 2345 vertentium
780 2318 899 2345 statum
923 2319 955 2346 et
978 2315 1104 2355 merita,

371 2363 567 2406 nominaque
593 2370 624 2397 et
649 2366 844 2408 cognomina
869 2377 905 2400 ac
934 2367 1106 2410 qualitates

370 2415 514 2449 iudicum
528 2422 560 2449 et
573 2418 819 2461 collitigantium
837 2430 892 2453 seu
909 2422 1107 2454 contenden-

371 2468 450 2502 tium
475 2480 762 2515 quorumcumque,
783 2478 816 2506 et
840 2473 902 2506 alia
927 2474 1103 2517 quaelibet,

371 2523 466 2556 etiam
491 2523 674 2567 specificam
709 2531 740 2559 et
782 2526 981 2560 individuam
1016 2539 1108 2561 men-

371 2576 494 2610 tionem
534 2583 566 2610 et
604 2578 847 2621 expressionem
886 2582 1104 2624 requirentia,

371 2630 594 2675 praesentibus
629 2642 688 2675 pro
719 2633 814 2676 plene
847 2638 878 2667 et
910 2634 1106 2669 sufficienter

987 242 1129 269 CLEMENS
1150 243 1170 268 X
1187 242 1243 267 ‘PP-

1769 231 1833 266 603
1880 241 1930 268 An.
1947 239 1976 267 c.
1998 239 2070 266 wir.

1144 291 1303 335 expressis
1329 300 1364 323 ac
1389 290 1590 324 exactissime
1616 289 1875 334 specificatisha-

1143 344 1265 385 benteS,
1282 345 1322 378 de
1347 345 1579 378 venerabilium
1599 345 1730 378 fratrum
1748 349 1877 377 nostro—

1143 408 1213 430 rum
1237 398 1267 431 S.
1289 398 1325 431 R.
1346 398 1379 431 E.
1401 398 1614 431 cardinalium
1640 398 1671 430 in
1693 400 1758 430 tota
1783 408 1877 440 repu-

1143 449 1226 483 blica
1240 450 1414 483 christiana
1426 451 1627 493 generalium
1647 449 1877 493 inquisitorum

1128 504 1294 540 ,adversus
1320 504 1515 537 haereticam
1549 504 1739 547 pravitatem
1766 503 1877 535 liuius-

1143 556 1230 589 modi
1256 567 1273 588 a
1297 556 1380 589 Sede
1407 556 1594 600 Apostolica
1618 556 1803 599 specialiter
1828 556 1878 587 de-

1141 613 1327 651 putatorum
1352 609 1496 650 consilio,
1524 619 1560 642 ac
1584 609 1680 642 etiam
1706 613 1792 641 motu
1810 618 1878 651 pro—

1141 661 1233 703 prio,
1261 667 1292 694 et
1324 672 1360 695 ex
1395 665 1482 695 certa
1519 662 1652 695 scientia
1684 672 1720 694 ac
1756 663 1879 693 matura

1142 714 1374 750 deliberatione
1400 715 1531 755 nostris,
1551 716 1656 758 deque
1681 715 1877 758 apostolicae

1141 769 1311 810 potestatis
1335 769 1548 812 plenitudine,
1574 779 1703 802 causam
1721 779 1779 801 seu
1804 779 1879 801 eau-

1141 830 1190 852 sas
1237 821 1301 854 sive
1341 822 1578 854 controversias
1618 822 1799 865 praefatas,
1846 821 1878 853 in

1142 877 1225 905 statu
1253 879 1284 906 et
1316 875 1463 907 terminis
1496 875 1528 908 in
1565 876 1680 918 quibus
1717 876 1755 908 de
1790 885 1879 918 prae-

1141 926 1224 958 senti
1264 928 1510 969 quomodolibet
1546 929 1768 972 reperiuntur,
1807 939 1878 961 cum

1142 980 1290 1012 omnibus
1310 986 1341 1013 et
1353 982 1488 1024 singulis
1507 982 1635 1015 illarum
1648 983 1877 1021 incidentibus,

1142 1034 1391 1076 emergentibus,
1424 1036 1555 1068 annexis
1582 1040 1614 1068 et
1638 1036 1805 1075 connexis,
1832 1042 1879 1068 to-

1143 1090 1241 1130 toque
1277 1088 1409 1129 negotio
1446 1088 1631 1132 principali,
1651 1100 1667 1121 a
1692 1089 1878 1122 memoratis

1142 1139 1295 1183 episcopo
1314 1141 1522 1184 Ampuriensi
1555 1147 1586 1174 et
1603 1142 1795 1185 inquisitore
1825 1152 1879 1174 seu

1142 1192 1388 1236 inquisitoribus
1415 1195 1507 1237 regni
1533 1194 1710 1235 Sardiniae,
1737 1195 1881 1228 illorum-

1143 1257 1205 1290 que
1242 1247 1424 1291 respective
1462 1249 1600 1290 vicariis,
1638 1249 1878 1289 commissariis‚

1143 1299 1335 1334 officialibus
1361 1306 1393 1334 et
1417 1301 1584 1343 ministris,
1612 1302 1747 1346 aliisque
1769 1302 1882 1335 iudici-

1142 1354 1200 1386 bus
1227 1359 1258 1387 et
1295 1355 1510 1388 tribunalibus
1548 1355 1816 1399 quibuscumque,
1843 1355 1881 1388 ad

1143 1417 1202 1439 nos
1229 1412 1260 1439 et
1293 1407 1408 1440 Sedem
1443 1408 1665 1451 Apostolieam
1702 1408 1882 1452 praefatam

1143 1465 1256 1493 tenore
1275 1461 1495 1504 praesentium
1517 1472 1703 1495 avocamus.

1186 1515 1200 1557 ἓ
1224 1514 1256 1548 3.
1284 1515 1327 1547 Ac
1353 1515 1490 1558 proinde
1516 1515 1707 1548 fraternitati
1727 1520 1798 1548 tuae
1823 1526 1883 1559 per
1960 1529 2078 1559 commum

1143 1568 1274 1600 easdem
1291 1573 1479 1611 praesentes
1498 1569 1728 1602 committimus
1748 1574 1780 1602 et
1795 1579 1884 1601 man·
1895 1556 2080 1603 fiiffligssffmpiit

1894 1609 1949 1629 hane
1970 1608 2078 1629 avocatio-

1144 1621 1265 1661 damus,
1292 1627 1326 1653 ut
1350 1621 1572 1655 avocationem
1598 1633 1713 1655 causae
1739 1633 1796 1655 seu
1812 1633 1943 1656 cau-nem
1981 1636 2078 1665 pambus

1144 1684 1252 1706 sarum
1289 1674 1355 1707 sive
1381 1675 1673 1708 controversiarum
1694 1662 2080 1715 huiusmodiZssssufflissstl*

1145 1739 1162 1760 a
1186 1728 1282 1761 nobis
1321 1734 1355 1761 ut
1378 1730 1563 1772 praefertur
1609 1730 1723 1763 factam
1761 1730 1884 1763 eisdem

1146 1781 1299 1825 episcopo
1326 1787 1357 1815 et
1381 1783 1565 1826 inquisitori
1591 1794 1648 1816 seu
1684 1782 1885 1827 inquisitori-

1145 1835 1215 1875 bus,
1243 1846 1420 1878 eorumque
1445 1837 1624 1880 respective
1645 1836 1780 1878 vicariis,
1802 1848 1886 1870 com-

1146 1888 1311 1928 missariis‚
1336 1889 1565 1930 assessoribus,
1591 1889 1796 1930 consiliariis,
1815 1901 1887 1934 pro-

1146 1941 1325 1974 motoribus
1344 1952 1399 1974 seu
1418 1942 1694 1984 procuratoribus,
1713 1943 1885 1983 fiscalibus,

1146 1994 1294 2034 notariis,
1314 1994 1473 2036 actuariis,
1493 1995 1674 2038 ceterisque
1696 1996 1887 2029 officialibus

1147 2052 1179 2080 et
1202 2047 1367 2088 ministris,
1394 2059 1430 2081 ac
1456 2048 1621 2092 quibusvis
1655 2049 1740 2089 aliis,
1767 2050 1884 2092 quibus

1147 2101 1339 2144 oportuerit,
1358 2112 1415 2134 seu
1441 2102 1594 2145 expedire
1613 2102 1814 2142 indicaveris,
1832 2113 1886 2135 au-

1148 2154 1297 2187 ctoritate
1324 2157 1435 2187 nostra
1455 2155 1634 2198 apostolica
1655 2161 1775 2199 quanto
1794 2156 1885 2188 citius

1148 2207 1295 2240 notifices
1321 2213 1353 2240 et
1371 2208 1569 2249 denuncies;
1597 2209 1707 2252 eisque
1725 2214 1757 2242 et
1774 2220 1887 2243 eorum

1149 2260 1304 2301 cuilibet,
1330 2271 1370 2293 ne
1397 2266 1460 2293 tam
1493 2261 1691 2294 coniunctim
1720 2274 1815 2306 quam
1842 2263 1889 2295 di-

1150 2314 1240 2346 visim
1264 2314 1297 2346 in
1323 2315 1521 2357 praemissis,
1548 2317 1597 2349 vel
1624 2326 1736 2349 eorum
1770 2317 1887 2359 aliquo,

1150 2367 1271 2401 directe
1295 2369 1344 2401 vel
1374 2368 1542 2409 indirecte,
1573 2375 1627 2402 aut
1651 2370 1729 2403 alias
1756 2380 1891 2413 quomo-

1151 2422 1275 2454 dolibet
1300 2422 1478 2465 quidquam
1515 2421 1670 2456 innovare
1704 2424 1754 2456 vel
1787 2429 1891 2456 atten=

1150 2480 1219 2507 tare
1258 2475 1399 2508 audeant
1434 2476 1547 2518 quovis
1583 2476 1680 2508 modo
1715 2487 1772 2508 seu
1799 2486 1891 2519 prae-

1150 2533 1284 2568 sumant,
1312 2527 1395 2560 dicta
1420 2528 1612 2562 auctoritate
1638 2529 1781 2561 districte
1807 2529 1892 2561 inlii=

1150 2582 1247 2622 beas,
1276 2593 1311 2615 ac
1347 2582 1411 2615 illis
1449 2582 1632 2626 praecipias
1669 2587 1701 2614 et
1736 2583 1892 2621 mandes,

1151 2642 1196 2677 ut,
1224 2646 1240 2668 a
1267 2635 1435 2679 quibusvis
1463 2636 1626 2669 attentatis
1652 2645 1708 2668 seu
1732 2635 1891 2669 innovatis
