2279 3260
197 251 246 276 An.
264 249 292 276 C.
318 250 377 275 ¹031

225 1203 317 1224 Pontifex
341 1203 380 1223 eri-

198 1231 224 1255 git
244 1230 334 1250 studium
355 1230 380 1249 dc

198 1263 240 1283 quo
251 1263 270 1277 in
286 1257 379 1277 rubrica.

432 238 492 271 18ss

390 307 551 329 cessorem
568 295 688 339 pariter
707 300 849 328 nostrum
864 292 1122 326 confirmatarum

390 349 538 381 facultate
557 347 746 380 conserendi
767 348 907 379 lauream
927 345 1122 378 doctoralem

388 401 420 433 in
442 401 696 443 (piibuscumque
716 398 919 433 facultatibus
941 408 975 429 ac
992 395 1123 429 creandi

389 453 516 496 equites
543 458 573 485 ct
599 451 798 494 legitimandi
832 450 957 493 spurios
988 448 1122 487 fruitur,

390 516 537 545 necnon,
563 517 598 537 ex
626 504 797 547 privilegio
824 513 882 546 per
907 501 977 544 piae
1004 500 1146 553 pariter¹

392 558 567 590 memoriae
604 557 715 589 lulium
750 556 866 597 Papam
893 554 916 586 ll
942 559 973 586 et
1004 553 1146 587 dictunr

392 611 482 643 Pium
507 610 791 653 praedecessorem
809 617 973 645 concesso,
994 606 1032 637 de
1053 615 1126 637 eau-
1146 612 1147 615 ’

390 663 432 696 sis
458 661 710 705 appellationum
737 660 768 691 in
795 659 938 691 secunda
970 663 1001 691 et
1032 656 1147 689 tertiat

389 715 550 753 instantia,
579 720 638 746 tam
665 713 812 745 civilibus
837 722 932 754 quam
957 709 1125 742 criminali-

389 768 471 807 bus,
502 765 727 799 ecclesiasticis
759 770 789 797 et
823 763 986 807 profanis,
1012 762 1044 794 in
1070 762 1148 823 mol

387 820 475 852 Statu
502 824 533 852 et
558 817 722 861 provincia
748 815 930 859 cognoscit)
956 814 1046 847 firma
1066 819 1148 872 sta-3

387 872 511 914 bilique
530 871 650 902 unione
677 870 762 901 inter
780 879 813 901 se
831 868 1124 910 coniungerentur:
1146 878 1148 882 ·

389 925 483 957 nobis
508 929 684 967 propterea
715 922 773 965 ipsi
800 927 998 965 exponentes
1024 920 1148 952 humi-'¹

389 978 462 1010 liter
487 976 663 1020 supplicari
683 976 830 1008 lecerunt
855 980 890 1006 ut
907 974 967 1006 sibi
986 973 1018 1005 in
1038 983 1126 1015 prae-
1146 1003 1147 1016 ,

391 1030 494 1063 missis
519 1034 703 1073 opportune
729 1027 900 1071 providere
932 1031 962 1058 et
986 1031 1021 1058 ut
1045 1026 1126 1058 infra
1146 1024 1148 1040 ¹

392 1083 559 1125 indulgere
585 1082 623 1114 de
650 1081 849 1123 benignitate
879 1079 1056 1122 apostolica
1080 1079 1127 1111 di-

393 1146 579 1178 gnaremur.
1147 1158 1149 1173 Ι

436 1190 450 1231 ξ
475 1188 505 1220 5.
533 1187 595 1220 Nos
620 1186 728 1229 igitur,
749 1187 788 1219 ad
807 1185 985 1218 constantis
1004 1183 1078 1216 fidei
1096 1188 1127 1216 et
1147 1178 1149 1182 ’

392 1242 540 1273 sincerae
559 1239 741 1272 devotionis
760 1238 917 1277 allectum,
937 1248 1032 1280 quem
1051 1236 1127 1269 dicti
1148 1249 1149 1264 ι

392 1298 592 1337 exponentes
620 1303 694 1334 erga
720 1302 778 1323 nos
803 1296 834 1323 et
857 1291 972 1323 Sedem
998 1289 1149 1333 praedi-1

391 1353 474 1380 ctam
507 1356 622 1389 gerere
661 1344 934 1387 comprobantur,
973 1348 1126 1386 paternae

391 1400 568 1442 dirigentes
590 1396 860 1431 considerationis
884 1397 1048 1436 intuitum,
1075 1406 1127 1428 eo-

391 1463 527 1495 rumque
542 1452 620 1484 votis
634 1451 665 1482 in
680 1449 872 1493 praemissis,
888 1455 1042 1493 quantuni
1056 1459 1127 1481 cum

390 1505 524 1538 Domino
545 1514 726 1547 possumus,
746 1502 966 1535 favorabiliter
983 1513 1125 1535 annuere

391 1559 570 1601 cupientes,
586 1562 616 1590 et
637 1567 750 1589 eorum
769 1556 952 1598 singulares
970 1566 1126 1598 personas

391 1623 408 1644 a
429 1610 594 1655 quibusvis
619 1608 970 1648 excommunicationis,
997 1619 1128 1651 suspen-

390 1665 490 1697 sionis
508 1669 539 1696 et
556 1662 728 1702 interdicti,
746 1661 880 1705 aliisque
899 1660 1127 1694 ecclesiasticis

390 1718 569 1756 sententiis,
594 1716 735 1749 censuris
762 1721 793 1749 et
812 1715 936 1759 poenis,
955 1726 972 1748 a
989 1715 1059 1748 iure
1077 1717 1126 1748 vel

391 1773 430 1804 ab
456 1770 600 1810 homine,
627 1769 735 1813 qtiavis
762 1769 932 1802 occasione
957 1770 1006 1802 vel
1032 1772 1127 1802 causa

391 1825 472 1863 latis,
487 1824 513 1856 si
528 1823 644 1866 quibus
658 1822 831 1855 innodatae
846 1822 1042 1862 existunt,ad
1057 1821 1127 1855 etl'e-

391 1883 479 1909 ctum
508 1875 728 1919 praesentium
743 1875 907 1908 dumtaxat
926 1885 1127 1918 consequen·

392 1932 477 1970 duni,
494 1931 609 1962 harum
633 1928 716 1961 serie
735 1928 938 1961 absolventes
957 1933 988 1960 et
1001 1929 1127 1961 absolu-
1147 1930 1148 1963 l

394 1991 438 2016 tas
472 1983 540 2015 fore
565 1987 733 2014 censentes
751 2007 758 2020 ,
786 1980 968 2013 huiusmodi
1004 1968 1148 2024 suppli-³¹

393 2035 574 2068 (rationibus
611 2033 782 2073 inclinati,
810 2034 848 2065 de
896 2035 1148 2078 nonnullorum⁴

393 2089 589 2121 dilectorum
629 2085 770 2118 liliorum
814 2085 977 2118 Romanae
1018 2086 1125 2119 curiae
1146 2084 1148 2114 ἶ

393 2143 614 2185 praelatorum
635 2149 730 2182 super
747 2139 809 2171 hoc
830 2138 960 2180 negotio
979 2150 995 2171 a
1013 2139 1126 2172 similis
1147 2158 1149 2165 ι

392 2193 628 2228 recordationis
668 2193 832 2225 Clemente
858 2192 942 2235 Papa
966 2193 1004 2224 lx
1036 2204 1148 2236 prae-³

393 2249 563 2280 decessore
601 2245 722 2289 pariter
760 2250 872 2277 nostro
901 2234 1148 2288 defmtatorum'

394 2300 543 2340 consilio,
569 2300 600 2331 {n
618 2298 759 2341 punctam
774 2297 899 2330 civitate
922 2297 1127 2331 Urbinatensi

394 2365 430 2386 ex
460 2354 597 2394 collegio
625 2352 793 2384 doctorum
824 2356 855 2382 et.
884 2350 990 2383 studio
1016 2351 1127 2383 huius·

392 2407 486 2445 modi,
514 2405 595 2437 sicut
620 2403 837 2447 praemittitur
862 2403 945 2436 inter
970 2414 1003 2436 se
1028 2404 1125 2437 unitis

394 2465 425 2492 et
446 2457 637 2497 coniunctis,
652 2467 749 2489 unam
773 2455 1012 2489 universitatem
1030 2456 1124 2489 studii

393 2513 574 2555 gene-iaus,
599 2511 632 2542 in
657 2521 720 2553 qua
750 2520 841 2542 sacra
866 2509 1052 2551 theologia,
1078 2509 1124 2542 ius

393 2565 584 2598 canonicum
610 2569 640 2595 et
657 2564 744 2605 leges
762 2562 882 2602 civiles,
904 2562 1124 2605 philosophia,

392 2618 637 2653 mathematicae
672 2617 817 2661 aliaeque
843 2617 1005 2660 ingenuae
1030 2607 1134 2650 disci-⁸

971 244 1149 268 mitiismt'tu
1175 243 1325 268 Romami

1164 292 1282 334 plinae,
1308 291 1461 324 scientiae
1487 296 1518 323 et
1541 297 1623 323 artes
1640 290 1786 334 publicae
1805 290 1901 324 doce-

1165 348 1259 375 antur
1283 348 1314 376 et
1337 345 1585 386 praelegantur,
1612 350 1642 376 et
1668 344 1740 387 qui,
1767 348 1900 386 peracto

1165 395 1344 428 studiorum
1373 396 1551 435 curriculo,
1578 396 1703 428 habiles
1730 401 1761 428 et
1792 394 1901 428 idonei

1167 448 1287 490 reperti
1313 448 1442 488 suerint,
1461 449 1500 481 ad
1519 449 1783 481 baccalaureatus
1805 448 1902 480 etiam

1166 499 1313 539 formati,
1344 512 1379 533 ae
1412 501 1588 543 magisterii
1626 506 1658 534 et
1688 501 1900 539 doctoratus,

1167 553 1311 595 aliosque
1337 554 1456 595 gradus
1473 554 1699 593 scholasticos,
1718 555 1843 586 servata
1864 559 1902 585 ta-

1167 616 1240 637 men
1266 605 1297 638 in
1324 607 1474 639 omnibus
1508 607 1611 640 forma
1635 612 1667 640 et
1691 606 1903 650 dispositione

1167 658 1357 692 Viennensis
1391 665 1422 692 et
1446 659 1624 692 Tridentini
1658 659 1875 693 Conciliorum
1894 685 1901 698 ,

1146 736 1147 751 ,
1167 710 1283 753 quibus
1308 711 1340 744 in
1361 711 1471 754 aliquo
1497 712 1657 754 derogare
1682 722 1747 744 non
1765 711 1903 744 intendi—

1167 773 1249 804 mus,
1276 764 1457 806 promoveri
1484 764 1586 796 libere
1611 769 1642 796 et
1665 763 1751 796 licite
1776 763 1903 806 possint

1168 821 1200 849 et
1231 818 1377 857 valeant,
1416 818 1448 849 in
1485 817 1633 850 omnibus
1660 821 1691 849 et
1715 827 1773 859 per
1796 815 1904 849 omnia

1168 875 1264 912 prout
1298 870 1331 902 in
1368 870 1439 903 aliis
1481 870 1660 903 studiorum
1700 868 1905 911 generalium

1168 921 1427 955 universitatibus
1460 933 1518 965 per
1542 922 1658 955 Sedem
1685 921 1905 964 Apostotieam

1168 974 1366 1017 praedictam
1384 974 1498 1008 erectis
1512 974 1581 1007 lieri
1601 975 1693 1014 solet,
1712 973 1906 1007 auctoritate

1168 1027 1356 1071 apostolica,
1375 1033 1486 1060 tenore
1505 1026 1737 1070 praesentium,
1759 1026 1830 1059 sine
1849 1025 1906 1058 ali-

1169 1080 1255 1113 cuius
1280 1080 1494 1124 praeiudicio,
1520 1085 1680 1123 perpetuo
1705 1079 1858 1122 erigimus
1875 1084 1906 1111 et

1169 1133 1379 1165 instituimus.

1212 1186 1226 1228 ἓ
1250 1188 1281 1218 ὅ.
1309 1186 1352 1218 Ac
1377 1186 1436 1229 ipsi
1462 1185 1661 1219 universitati
1687 1185 1784 1218 studii
1809 1195 1907 1228 gene-

1170 1239 1245 1271 ralis
1270 1239 1313 1270 sic
1347 1244 1474 1271 erectae
1499 1244 1530 1271 et
1562 1238 1742 1278 institutae,
1769 1238 1905 1280 eiusque

1170 1292 1359 1331 rectoribus,
1375 1292 1545 1334 magistris,
1563 1291 1763 1330 doctoribus,
1777 1290 1907 1323 lectori-

1148 1368 1149 1376 i
1169 1345 1237 1384 bus,
1253 1345 1468 1383 scholaribus,
1485 1344 1676 1377 officialibus
1692 1349 1723 1376 et
1735 1343 1904 1383 ministris,

1147 1393 1149 1431 Ῐ
1169 1397 1303 1440 aliisque
1343 1398 1490 1440 personis
1535 1396 1799 1440 quibuscumque
1844 1406 1905 1439 pro

1170 1456 1314 1493 tempore
1333 1449 1555 1490 existentibus,
1575 1455 1609 1482 ut
1628 1448 1777 1481 omnibus
1794 1453 1826 1480 et
1843 1448 1906 1480 sin-

1147 1503 1253 1544 ,gulis
1277 1502 1469 1545 privilegiis,
1496 1502 1648 1541 indultis,
1684 1501 1904 1541 libertatibus,

1169 1555 1444 1595 immunitatibus,
1472 1554 1750 1598 exemptionibus,
1776 1554 1907 1586 faculta-

1147 1634 1148 1642 ,
1170 1608 1253 1641 tibus
1273 1635 1280 1648 ,
1314 1608 1474 1641 favoribus
1489 1635 1496 1648 ,
1530 1608 1711 1642 honoribus
1732 1635 1739 1648 ,
1775 1616 1906 1650 praero-

1147 1654 1149 1665 ’
1170 1661 1294 1705 gativis,
1316 1661 1580 1704 praeeminentiis
1599 1667 1630 1694 et
1647 1659 1758 1703 gratiis
1776 1659 1906 1703 quibus-

1169 1725 1318 1757 cumque,
1339 1724 1421 1757 quae
1448 1719 1510 1746 tam
1537 1724 1596 1757 per
1612 1713 1811 1756 praedictum
1836 1712 1906 1746 Cle-

1168 1773 1309 1800 mentem
1339 1767 1410 1807 Vlll,
1444 1778 1540 1810 quam
1566 1767 1647 1800 alios
1681 1776 1905 1810 quoscumque

1169 1821 1330 1853 Romanos
1357 1820 1528 1853 Pontifices
1560 1820 1828 1863 praedecessores
1847 1829 1905 1851 no-

1169 1879 1253 1907 stros
1291 1874 1456 1917 praefatae
1491 1872 1691 1908 universitati
1718 1871 1815 1904 studii
1851 1882 1905 1914 ge-

1169 1927 1289 1960 neralis
1308 1926 1518 1966 Ferrariensi,
1539 1926 1672 1968 eiusque
1691 1924 1818 1964 rectori,
1837 1934 1905 1956 ma-

1169 1979 1291 2022 gistris,
1319 1978 1521 2018 doctoribus,
1549 1977 1748 2017 lectoribus,
1779 1977 1905 2009 schola-

1169 2033 1274 2072 ribus,
1300 2030 1492 2064 officialibus
1520 2035 1551 2063 et
1571 2030 1741 2069 ministriS,
1768 2029 1904 2072 aliisque

1169 2084 1317 2129 personis
1334 2084 1521 2126 respective,
1542 2084 1637 2116 ctiam
1652 2093 1710 2126 per
1726 2083 1808 2115 viam
1825 2093 1904 2116 com-

1169 2136 1396 2170 municationis
1431 2142 1462 2169 et
1492 2137 1571 2169 alias
1605 2136 1850 2179 quomodolibet
1875 2139 1906 2168 et

1170 2191 1447 2234 qualitercumque
1484 2199 1639 2222 concessa
1681 2194 1713 2221 et
1751 2188 1906 2222 attributa

1147 2249 1148 2254 ¹
1170 2245 1310 2283 suerunt,
1329 2243 1397 2286 pari
1420 2244 1527 2282 modo,
1545 2247 1576 2275 et
1593 2243 1715 2285 absque
1733 2243 1799 2274 ulla
1814 2252 1906 2284 pror-

1169 2307 1221 2328 sus
1249 2295 1440 2335 differentia,
1468 2295 1524 2335 uti,
1552 2295 1613 2327 frui
1638 2300 1669 2327 et
1694 2295 1834 2337 gaudere
1867 2294 1905 2327 li-

1170 2351 1247 2383 bere
1274 2355 1306 2382 et
1326 2349 1413 2382 licite
1439 2350 1578 2389 valeant,
1611 2348 1680 2380 sine
1704 2349 1772 2381 ullo
1798 2353 1905 2380 tamen

1170 2402 1367 2446 praeiudicio
1386 2401 1588 2434 exactionum
1608 2400 1828 2440 cameralimn,
1848 2400 1905 2433 cir-

1171 2467 1207 2489 ca
1227 2466 1306 2499 quas
1332 2454 1413 2488 nihil
1431 2453 1618 2487 innovatum
1640 2454 1689 2494 sit,
1711 2453 1903 2486 auctoritate

1170 2514 1200 2541 et
1214 2515 1325 2542 tenore
1340 2507 1513 2551 praedietis
1533 2507 1642 2540 itidem
1660 2513 1818 2551 perpetuo
1831 2518 1903 2541 con-

1169 2562 1314 2596 cedimus
1338 2567 1369 2594 et
1389 2561 1606 2603 indulgemus.

1212 2615 1227 2658 ἓ
1251 2615 1281 2648 7.
1304 2615 1522 2648 Decernentes
1552 2615 1682 2648 easdem
1714 2620 1906 2659 praesentes

1907 241 1956 270 An.
1971 242 2002 270 G.
2025 243 2088 270 ¹671

1967 1197 2100 1217 officialibus

1916 1223 2028 1249 privilegia
2051 1229 2100 1244 con-

1916 1251 1981 1270 cethi..

1913 2607 2025 2637 Clausulas
2036 2612 2097 2633 pru·

1913 2636 2038 2657 servativa.
