2279 3260
194 235 230 261 An
259 235 286 260 Γ..
313 235 378 260 1674

242 1348 326 1373 Supplnl
344 1352 386 1367 nnl-

203 1381 239 1394 ur«
255 1376 274 1393 ιΙι
283 1377 355 1394 tectus.

426 223 487 256 Ἰ609

387 280 635 325 quomodolibet
659 278 825 322 impedire,
855 280 905 309 aut
933 276 964 308 in
1002 274 1121 306 iudicio

387 335 435 367 vel
461 339 546 367 extra
574 333 653 365 illud
679 343 732 364 vos
759 340 927 374 opponere
969 332 1023 360 aut
1047 337 1122 359 con-

389 387 547 420 tradicere
572 387 639 419 ullo
663 384 759 418 modo
785 382 928 416 audeatis
960 390 1015 412 scu
1033 390 1124 423 prae-

388 440 519 473 sumatis
532 451 539 479 ·‚

433 494 447 535 ξ
472 493 503 525 lt.
532 491 680 534 Alioquin
709 496 750 529 tu,
769 490 864 521 frater
890 487 980 519 Petro
999 484 1124 518 archie-

389 546 522 589 piscope
548 543 718 586 inquisitor
743 539 915 583 generalis,
941 536 1126 580 suspensio-

390 600 438 632 nis
464 599 502 630 ab
528 597 681 630 exercitio
714 593 944 638 pontificalium
971 596 1002 623 et
1026 591 1125 622 inter-

390 651 465 684 dicti
492 652 530 683 ab
557 650 701 691 ingressu
728 646 883 679 ecclesiae
917 649 944 677 et
976 643 1125 686 privatio-

389 704 437 737 nis
463 702 603 736 muneris
629 699 830 743 inquisitoris
864 696 1040 740 generalis,
1068 706 1123 728 vos

389 755 547 796 vcro‚s=lii
574 753 691 796 reliqui
719 752 942 794 inquisitores,
962 750 1124 791 vestrique

390 809 570 853 respective
596 805 797 842 consiliarii,
823 808 1051 847 procuratores
1078 802 1126 833 tis-

392 863 487 900 cales,
512 859 732 897 commissarii,
771 867 961 894 assessores,
994 855 1125 894 notarii,

392 914 557 956 ceterique
591 911 742 944 officiales
770 915 800 943 et
825 908 974 948 ministri,
1002 918 1128 940 excom-

393 965 619 999 municationis
633 965 714 996 latae
731 962 911 995 sententiae
926 973 962 994 ac
976 960 1129 1004 privatio-

393 1020 442 1051 nis
476 1018 651 1050 officiorum
681 1016 981 1059 quomodocumque
1011 1014 1049 1046 ad
1075 1014 1129 1046 tri-

392 1072 490 1103 buual
517 1070 547 1102 S.
567 1069 666 1101 Officii
689 1067 905 1112 spectantium
922 1075 1042 1110 poenas
1059 1066 1129 1109 ipso

396 1126 476 1157 sacto
510 1130 539 1156 et
576 1124 694 1166 absque
728 1122 788 1155 alia
821 1120 1042 1154 declaratione
1074 1130 1129 1152 vos

396 1177 573 1221 respective
607 1175 757 1209 noveritis
790 1175 992 1213 incursuros,
1023 1184 1039 1204 a
1064 1172 1153 1216 qui-¹

395 1231 453 1263 bus
474 1228 711 1262 absolutionem
737 1227 829 1259 nobis
855 1231 885 1259 et
910 1226 984 1258 huie
1004 1231 1131 1258 sanetae

397 1284 469 1315 Sedi
492 1282 695 1325 apostolieae
716 1280 900 1323 specialiter
917 1289 1129 1311 reservamus.

441 1337 455 1379 ξ
480 1335 510 1366 5.
539 1335 755 1367 Decernentes
786 1333 912 1365 easdem
944 1336 1132 1374 praesentes

399 1389 522 1422 litteras
548 1392 579 1420 et
603 1387 634 1419 in
659 1386 704 1418 eis
729 1390 877 1417 contenta
912 1394 1132 1426 quaecumque

399 1443 437 1474 de
457 1439 687 1483 subreptionis,
702 1440 749 1471 vel
765 1437 975 1480 obreptionis,
995 1441 1048 1469 aut
1068 1437 1135 1468 nul-

398 1494 495 1527 litatis
519 1493 605 1532 vitio,
631 1502 685 1524 seu
717 1490 903 1523 intentionis
931 1494 1135 1527 nosti-aeaut
1156 1512 1158 1535 λ
1180 1491 1309 1530 boratis‚
1340 1490 1479 1529 statutis,
1509 1489 1611 1533 stylis,
1639 1489 1752 1522 usibus
1784 1494 1816 1522 (η
1840 1500 1915 1522 con-

399 1547 462 1579 alio
489 1546 635 1589 quolibet
660 1544 754 1577 etiam
777 1543 979 1586 quantumvis
1010 1542 1133 1573 formali

400 1605 431 1631 ot
464 1598 669 1631 substantiali
701 1607 737 1629 ac
771 1596 968 1628 individuam
1005 1605 1136 1638 expres-

400 1653 524 1685 sionem
565 1651 750 1694 requirente
783 1650 922 1689 defectu,
959 1649 1055 1681 etiam
1099 1659 1134 1681 ex

401 1715 604 1749 quacumque
630 1703 830 1748 quantumvis
857 1703 989 1735 iuridici]
1015 1707 1045 1735 et
1071 1702 1137 1745 pri-

401 1759 549 1801 vilegiata
573 1759 678 1796 causa,
714 1758 836 1796 colore,
879 1760 1054 1799 praetextu,
1087 1756 1135 1787 vel

403 1812 520 1855 rapite,
547 1810 643 1843 etiam
669 1810 700 1841 in
726 1819 862 1852 corpore
901 1808 980 1841 iuris
1017 1809 1137 1848 clauso,

403 1864 520 1903 notari,
543 1862 736 1906 impugnari,
777 1861 917 1904 insringi,
956 1861 1136 1901 invalidari,

403 1924 457 1950 aut
480 1917 512 1949 in
537 1915 787 1949 controversiam
814 1915 927 1954 vocari,
953 1926 1009 1947 seu
1028 1915 1139 1947 adver-

403 1982 456 2003 sus
482 1971 553 2003 illas
588 1968 777 2011 aperitionis
817 1968 892 2007 oris,
929 1968 1138 2001 restitutionis

404 2025 435 2055 in
461 2023 634 2064 integrum,
661 2021 787 2053 aliudve
809 2021 1034 2063 quodcumque
1059 2021 1138 2053 iuris

405 2083 437 2109 et
463 2076 533 2108 sacti
560 2075 610 2106 vel
637 2074 962 2116 gratiaeremedium
988 2073 1163 2106 intentari·

405 2131 453 2162 vel
480 2127 655 2171 impetrari,
681 2137 737 2159 seu
763 2126 945 2169 impetrato,
970 2128 1019 2159 vel
1046 2127 1140 2160 etiam

406 2188 502 2219 motu,
528 2180 663 2213 scientia
688 2185 720 2212 et
744 2179 911 2222 potestatis
938 2180 1141 2222 plenitudine

407 2236 536 2279 paribus
560 2242 712 2266 concesso
745 2233 794 2264 vel
830 2237 986 2271 emanato,
1024 2244 1139 2275 quem-

407 2289 490 2332 piam
519 2288 548 2319 ir·
575 2286 695 2318 iudicio
721 2286 769 2318 vel
796 2290 884 2317 extra
915 2284 994 2318 illud
1012 2286 1056 2318 uti
1085 2296 1141 2319 seu

408 2353 441 2373 se
468 2341 577 2372 iwsarv
604 2339 694 2371 nullo
726 2338 824 2370 modo
856 2348 998 2381 uuquam
1029 2349 1141 2381 posse,

409 2394 465 2426 sed
491 2393 576 2435 ipsae
601 2396 789 2434 praesentes
815 2390 937 2423 litteras
957 2390 1073 2431 sirmas,
1092 2402 1144 2423 va-

410 2448 488 2480 lida>v
518 2452 547 2477 ot
573 2444 718 2477 efficaces
745 2444 882 2476 existere
908 2448 940 2476 ct
961 2444 1038 2483 thre,
1058 2455 1165 2478 suos-¹

410 2511 469 2543 quc
497 2499 642 2541 integros
667 2502 698 2529 et
720 2497 888 2540 plenarios
922 2496 1054 2529 ell'ectus
1079 2508 1145 2530 sor-

411 2553 462 2585 tiri
488 2557 520 2585 et
547 2551 711 2590 obtinere,
738 2562 774 2584 ac
799 2561 815 2582 a
839 2550 929 2582 vobis
955 2555 987 2582 et
1007 2551 1087 2589 aliis,
1105 2552 1143 2583 ad

412 2616 492 2650 quos
519 2609 642 2648 spectat
660 2609 691 2636 et
708 2603 865 2647 spectabit
889 2602 920 2635 in
940 2603 1091 2643 futurum,
1113 2604 1144 2635 in

964 226 1047 251 tutu
1056 225 1147 249 mu‘u
1170 224 1234 249 ROM
1243 224 1321 250 wrm

1165 274 1315 306 omnibus
1334 280 1362 305 ut
1390 284 1449 318 per
1463 275 1571 308 omnia
1597 274 1824 308 inviolabiliter
1843 274 1899 307 ob-

1165 326 1298 366 servari,
1326 326 1433 370 sicque
1452 332 1483 360 et
1500 338 1564 365 ,non
1583 328 1677 361 aliter
1697 328 1729 360 in
1751 328 1900 371 praemis-

1166 377 1206 411 sis
1237 375 1298 421 'per
1322 389 1541 424 quoscumque
1566 381 1689 414 iudices
1722 380 1902 413 ordinarios

1167 435 1197 463 et
1231 431 1415 473 delegatos,
1457 432 1552 465 etlam
1591 444 1757 466 causarum
1790 432 1902 476 palatii

1167 484 1335 526 apostolici
1368 484 1548 525 auditores,
1587 496 1622 518 ac
1655 486 1685 519 S.
1714 486 1751 518 R.
1778 486 1812 518 E.
1841 495 1904 518 car-

1168 535 1300 576 dinates,
1319 536 1416 569 etiam
1436 537 1474 569 de
1500 538 1600 570 latere
1626 539 1757 580 legatos,
1783 538 1903 571 aliosve

1168 589 1331 632 quoslibet
1354 599 1553 632 quacumque
1590 591 1845 633 praeeminentia
1873 586 1919 623 et'

1169 646 1327 684 potestate
1347 642 1517 684 fungentes
1535 647 1567 675 et
1585 643 1762 683 suncturos,
1779 644 1904 676 sublata

1169 694 1212 727 eis
1238 699 1269 727 et
1296 704 1409 727 eorum
1436 695 1569 728 cuilibet
1594 696 1704 738 quavis
1743 696 1836 728 aliter
1858 694 1915 728 iu-‘

1169 748 1296 780 dicandi
1323 748 1470 781 facultate
1499 753 1531 781 et
1551 748 1752 789 auctoritate,
1774 749 1907 782 iudicari
1944 778 1948 779 ⁷

1170 806 1202 833 et
1226 800 1351 833 definiri
1391 801 1511 834 debere
1527 827 1535 841 ‚
1559 812 1595 834 ae
1620 801 1745 834 irritum
1763 807 1794 834 et
1811 801 1908 834 inane

1170 854 1194 885 si
1224 864 1316 886 secus
1343 864 1442 897 super
1475 854 1524 886 his
1549 864 1567 886 a
1590 864 1766 897 quoquam,
1800 855 1909 897 quavis

1171 907 1370 947 auctoritate,
1390 907 1529 940 scienter
1553 908 1601 940 vel
1626 907 1814 949 ignoranter
1835 917 1909 940 con-

1155 961 1281 1005 tigerit
1307 960 1467 993 attentari.

1217 1014 1231 1056 ξ
1256 1012 1286 1045 f».
1313 1013 1383 1046 Non
1409 1014 1612 1046 obstantibus
1637 1013 1835 1057 p1¹aemissiS‚
1863 1024 1908 1054 ac,
1939 1029 2106 1054 contrariam.

1920 1056 2005 1076 nissiine
2012 1056 2106 1079 derogat.

1174 1072 1330 1110 quatenus
1343 1077 1425 1109 opus
1447 1067 1495 1106 sit,
1518 1070 1628 1100 nostra
1646 1072 1678 1099 et
1694 1066 1910 1100 cancellariae

1174 1120 1371 1163 apostolicae
1398 1121 1509 1162 regula
1527 1120 1565 1152 (le
1587 1120 1657 1152 iure
1676 1120 1823 1162 quaesito
1845 1129 1910 1151 non

1176 1173 1330 1212 tollendo,
1357 1172 1495 1215 aliisque
1514 1172 1714 1215 apostolicis,
1733 1182 1769 1204 ac
1790 1172 1822 1204 in
1839 1172 1911 1204 uni-

1175 1227 1351 1259 v‹;=rsatihus
1395 1226 1715 1269 provincialibusque
1765 1225 1913 1258 conciliis

1154 1299 1155 1303 ι
1177 1280 1279 1319 editis,
1295 1279 1504 1322 generalibus
1529 1280 1579 1311 vel
1604 1278 1808 1321 specialibus,
1836 1288 1914 1310 con-

1177 1333 1396 1365 stitutionibus
1428 1338 1460 1364 et
1483 1330 1753 1371 ordinationibus,
1788 1341 1914 1364 necnon

1154 1406 1156 1426 ι
1178 1385 1352 1429 quibusvis,
1373 1385 1470 1417 etiam
1490 1385 1683 1424 iuramento,
1697 1382 1916 1416 confirmatio-

1179 1449 1217 1471 ne
1235 1438 1422 1482 apostolica,
1434 1448 1491 1470 seu
1503 1436 1614 1480 quavis
1628 1436 1780 1469 firmitate
1795 1437 1856 1470 alia
1869 1447 1916 1469 ro-

1179 1543 1426 1581 suetudinibus,
1453 1543 1550 1575 etiam
1582 1541 1914 1583 immemorabilibus,

1180 1596 1359 1640 privilegiis
1393 1606 1543 1639 quoque,
1569 1595 1702 1629 indultis
1738 1601 1769 1628 et
1802 1596 1918 1628 litteris

1181 1651 1384 1694 :ipostoliciS‚
1411 1650 1506 1683 etiam
1532 1649 1565 1682 in
1590 1650 1732 1682 savorem
1757 1649 1788 1682 S.
1817 1649 1918 1682 Officii

1181 1714 1356 1746 regnorum
1375 1701 1601 1746 praefatorum,
1616 1703 1767 1746 illiusque
1785 1702 1920 1746 inquisi-

1183 1762 1287 1789 torum
1313 1757 1409 1789 etiam
1435 1756 1647 1799 generalium,
1673 1767 1709 1788 ac
1734 1755 1919 1788 officialium

1182 1815 1213 1842 et
1238 1809 1458 1842 ministrorum
1490 1808 1718 1852 quorumlibet,
1740 1819 1799 1851 per
1824 1819 1920 1851 quos-

1182 1873 1320 1906 cumque
1347 1862 1509 1895 Romanos
1533 1860 1707 1894 Pontifices
1727 1861 1920 1904 praedeces-

1183 1926 1273 1949 sores
1296 1920 1424 1947 nostros
1450 1919 1482 1947 et
1506 1914 1620 1947 Sedem
1646 1913 1834 1956 praefatam,
1860 1914 1919 1945 sub

1183 1968 1441 2012 quibusmunque
1473 1967 1644 2000 verborum
1684 1966 1851 1999 tenoribus
1889 1972 1921 2000 et

1185 2021 1307 2060 formis,
1332 2031 1368 2053 ac
1392 2031 1463 2053 cum
1499 2019 1667 2063 quibusvis
1694 2019 1790 2051 etiam
1827 2020 1921 2052 dero-

1184 2073 1379 2117 gatorarinm
1409 2072 1635 2115 derogatoriis‚
1662 2072 1796 2115 aliisque
1818 2073 1920 2104 effica-

1184 2126 1336 2166 cioribus,
1362 2124 1593 2158 efficacissimis
1618 2130 1649 2157 ct
1673 2125 1810 2157 insolitis
1836 2127 1922 2158 clau-

1162 2180 1275 2219 .sulis‚
1312 2177 1582 2220 irritantibusque
1613 2183 1644 2210 et
1673 2177 1744 2209 aliis
1771 2177 1921 2214 decretis,

1186 2233 1282 2265 etiam
1307 2236 1405 2270 motu,
1441 2229 1576 2263 scicntia
1605 2235 1636 2262 et
1660 2230 1828 2272 potestatis
1853 2231 1922 2273 ple-

1186 2284 1332 2318 nitudine
1357 2283 1499 2326 paribus,
1531 2293 1568 2315 ac
1593 2283 1861 2316 consistorialiter
1890 2288 1923 2316 et

1187 2338 1264 2371 alias
1287 2335 1586 2380 quomodolibet,in
1612 2335 1810 2369 contrarium
1829 2347 1922 2380 prac-

1186 2391 1352 2423 missorum
1373 2388 1535 2421 concessis
1559 2388 1758 2431 approbatis,
1772 2399 1808 2422 ac
1821 2399 1923 2432 quan-

1188 2445 1368 2486 tiscumque
1402 2442 1524 2474 vicibus
1557 2442 1753 2475 confirmatis
1779 2447 1812 2475 et
1836 2443 1923 2482 inno-

1188 2498 1292 2537 vat.is;
1335 2495 1451 2539 quibus
1494 2496 1645 2529 omnibus
1685 2501 1716 2528 et
1762 2497 1921 2539 singulis,

1189 2549 1314 2583 etiamsi
1340 2559 1398 2592 pro
1428 2549 1559 2581 illorum
1590 2548 1761 2582 sufficienti
1787 2548 1924 2592 deroga-

1189 2604 1274 2636 tione
1301 2603 1339 2635 de
1365 2602 1428 2636 illis
1455 2613 1630 2646 eorumque
1659 2603 1734 2636 totis
1757 2603 1924 2637 tenoribus

1906 227 1953 254 Ani
1975 227 2002 254 C.
2027 228 2093 255 unt
