2279 3260
246 271 299 297 Au.
321 271 349 298 c.
366 271 437 298 1670
483 261 524 294 76

279 646 428 671 ‘rr-insumpto-

245 677 290 692 rum
307 672 364 692 ndu-s.

275 2121 395 2143 Exordium.

438 318 601 353 Ecclesiae
620 320 812 353 manatione
835 320 902 364 pias
919 318 956 352 ad
981 319 1081 351 Deum
1104 328 1176 361 pre-

439 382 491 404 ces
516 372 708 413 elliuleriut‚
735 373 912 416 plenariam
937 371 1079 405 omnium
1104 380 1177 412 pec-

437 430 583 457 catorum
604 435 735 457 suorum
757 424 991 467 indulgentiam
1014 427 1044 455 et
1064 421 1177 454 remis-

437 478 561 511 sionem
587 478 841 511 misericorditer
856 478 887 510 in
907 476 1043 510 Domino
1060 485 1176 507 conce-

437 531 562 571 dimus,
596 531 820 574 praesentibus
855 528 1022 573 perpetuis
1059 527 1175 559 suturis

438 584 639 627 temporibus
665 583 818 615 valituris.

483 639 498 680 ,ξ
519 637 549 669 2.
572 637 723 669 Volumus
749 641 854 668 autem
877 639 912 667 ut
927 634 1068 677 ipsarum
1083 642 1176 675 prae-

440 691 579 723 sentium
621 691 801 722 litterarum
849 686 1057 730 transumptis
1076 711 1084 725 ,
1118 695 1176 729 seg

440 743 604 786 exemplis,
620 742 716 774 etiam
733 740 911 784 impressis,
928 749 1023 771 manu
1039 736 1174 770 alicuius

439 795 557 829 notarii
593 793 713 838 publici
751 791 965 835 subscriptis,
997 795 1028 822 et
1065 788 1173 831 sigillo

440 858 597 892 personae
624 848 655 879 in
681 845 899 879 ecclesiastiea
921 843 1076 885 dignitate
1097 851 1175 874 con-

438 902 567 934 stitutae
600 900 749 938 munitis,
783 898 896 931 eadem
928 906 1061 940 prorsus
1095 894 1174 927 sides

439 956 614 993 habeatur,
649 963 729 996 (uiuae
765 951 939 984 baberetur
970 950 1048 993 ipsis
1081 958 1175 992 prae-

437 1008 583 1040 sentibus
610 1006 635 1039 si
662 1006 768 1039 rorent
793 1004 957 1037 exhibitae
984 1003 1033 1036 vel
1067 1006 1174 1035 osten-

437 1070 504 1094 sae.

481 1114 597 1146 Datum
629 1112 769 1152 Romae,
790 1111 877 1155 apud
904 1110 936 1143 S.
959 1109 1091 1142 Mariam
1111 1106 1174 1139 Ma-

437 1168 542 1200 iorem
558 1193 566 1207 ,
593 1167 654 1198 sub
688 1166 809 1198 annulo
841 1163 1041 1203 Piscatoris,
1065 1161 1116 1193 die
1142 1169 1173 1192 >21

438 1219 564 1262 augusti
589 1227 731 1258 MDCLxx,
757 1215 968 1261 pontificatus
988 1213 1093 1247 nostri
1119 1222 1174 1245 an-

438 1284 480 1305 no
498 1283 520 1306 1.

846 1323 869 1356 l.
890 1322 926 1356 G.
944 1321 1083 1355 Stusius.

472 1388 534 1415 Dat.
556 1387 600 1414 die
621 1388 648 1414 11
672 1386 778 1422 augusti
799 1386 878 1417 1670,
897 1384 993 1420 pontif.
1009 1391 1054 1410 an.
1070 1388 1089 1408 1.

472 1450 639 1484 Reyistrala
654 1450 683 1476 in
698 1448 863 1477 Secretaria
878 1446 965 1473 Brev.
982 1446 1013 1472 in
1029 1445 1077 1471 lib.
1097 1452 1174 1471 men-

437 1494 477 1522 sis
496 1492 624 1528 auyusci.

438 1716 619 1755 Decretum,
639 1713 725 1757 quod
737 1717 929 1757 procurator
941 1710 1102 1755 qeneralis
1121 1719 1176 1742 seu

481 1769 600 1801 zelosus
616 1769 712 1800 tocius
730 1766 865 1800 Ordinis
885 1765 1100 1797 Minimorum
1128 1762 1178 1794 in-

484 1822 642 1854 terveniat
669 1821 706 1852 in
729 1819 871 1851 comitiis
887 1817 1094 1860 yeneralz'bus
1109 1815 1178 1848 ubi-

483 1884 545 1917 que
569 1873 729 1913 locorum,
757 1876 786 1905 et
819 1872 856 1904 in
887 1871 958 1904 illis
980 1869 1177 1912 sustrayium

483 1928 566 1970 ferat
579 1925 598 1959 ¹.

668 1995 801 2022 clemens
821 1994 900 2027 Papa
918 1993 950 2020 X.

558 2040 595 2067 ad
614 2043 792 2074 perpetuam
811 2039 857 2065 rei
876 2037 1056 2065 memoriam.

485 2111 610 2154 Exponi
636 2110 730 2143 nohis
754 2120 858 2153 nuper
883 2109 957 2142 fecit
982 2108 1117 2141 dilectus
1142 2107 1177 2139 fi-

440 2165 502 2197 lius
521 2164 633 2197 Petrus
652 2164 690 2196 de
708 2162 891 2202 Consentia,
912 2166 1107 2205 procurator
1124 2172 1178 2204 ge-

440 2217 560 2251 neralis
585 2227 641 2250 seu
662 2218 788 2249 zelosus
812 2215 939 2248 Ordinis
958 2216 1090 2248 fratrum
1109 2226 1179 2247 san-

439 2271 482 2304 cti
507 2269 670 2303 Francisci
686 2270 724 2302 de
750 2269 847 2302 Paula
871 2269 1076 2301 Minimorum
1096 2279 1177 2301 nun-

438 2328 638 2367 cupatorum,
651 2323 779 2366 quodin
790 2323 904 2355 eodem
914 2322 1032 2354 Ordine
1041 2321 1177 2363 singulis
1200 2332 1201 2346 ³

438 2376 603 2410 sexenmis
636 2376 810 2419 capitulum
844 2376 993 2418 generale
1030 2351 1202 2418 plenissi-i

438 2440 533 2469 mum,
556 2440 614 2472 pro
640 2428 798 2471 eligendis
823 2433 1006 2462 correctore
1033 2428 1177 2471 generali
1200 2439 1202 2471 3

441 2483 574 2525 eiusque
596 2481 731 2525 collegis
748 2492 875 2515 necnon
901 2487 1109 2524 procuratore
1127 2492 1179 2524 ge-

440 2536 544 2569 nerali
569 2535 696 2568 Ordinis
734 2535 919 2568 huiusmodi
945 2546 1040 2578 quem
1064 2539 1178 2568 vocant

477 2651 492 2679 1
514 2650 598 2679 Antea
617 2659 669 2680 non
687 2651 860 2687 impressum.

1025 270 1205 295 minantum
1230 269 1380 294 nomenti!

1957 269 2008 296 An.
2030 268 2060 296 C.
2078 268 2147 297 1670

1219 317 1367 358 zelosum,
1391 318 1547 352 celebrari
1568 320 1671 360 sole1;
1690 318 1879 352 huiusmodi
1898 328 1954 351 au-

1220 375 1282 402 tem
1308 377 1495 413 procurator
1519 372 1692 415 generalis,
1720 372 1786 405 sive
1813 372 1953 412 zelosus,

1219 433 1255 455 ex
1288 423 1491 467 praescripto
1527 425 1676 467 specialis
1709 424 1876 457 cuiusdam
1906 432 1956 456 re-

1219 475 1338 516 gularis
1363 477 1471 508 statuti
1503 478 1711 519 generalibus
1736 476 1878 510 comitiis
1911 476 1958 508 in-

1219 528 1380 560 tervenire
1408 528 1503 561 debet
1527 529 1566 561 ad
1592 528 1832 571 suffragandum
1857 528 1889 561 in
1918 528 1957 561 iis

1220 584 1379 622 tamquam
1398 591 1481 612 unus
1498 592 1533 614 ex
1553 581 1793 624 capitularibus,
1814 582 1958 614 dummo-

1218 631 1258 664 do
1285 637 1390 664 tamen
1417 633 1528 666 eadem
1553 633 1682 666 comitia
1703 634 1734 666 in
1753 635 1837 667 alma
1861 634 1956 674 Urbe,

1218 685 1266 717 vel
1285 684 1316 716 in
1335 685 1470 717 circuitu
1488 686 1646 718 celebrari
1664 686 1837 729 contingat,
1859 691 1957 730 prout

1219 737 1249 768 in
1275 737 1473 770 correctorio
1505 738 1580 771 dicti
1613 738 1761 780 Ordinis,
1793 739 1889 782 capit.
1916 749 1953 779 x,

1218 799 1306 821 num.
1336 790 1391 830 93,
1422 790 1580 823 contineri
1611 791 1738 824 dicitur.

1261 843 1275 885 ἓ
1300 843 1330 875 1.
1358 843 1459 876 Porro
1476 843 1509 876 in
1529 844 1716 887 primordiis
1734 844 1878 877 eiusdem
1898 844 1954 877 Or·
1986 854 2103 880 Capitulum
2112 860 2147 882 go-

1964 882 2034 901 uei-ate
2044 881 2091 902 :utini
2101 888 2147 902 xnu-

1218 896 1322 937 dinis,
1348 897 1476 940 quando
1507 898 1689 940 praefatum
1724 897 1952 930 correctorium
1965 908 2011 932 mus
2022 907 2100 937 unm-w
2112 914 2148 927 eo·

1218 954 1417 992 acceptatum
1448 949 1527 989 suit,
1558 950 1687 993 saepius
1713 950 1878 993 generalia
1902 933 2148 982 eo-iiii'wwmw

1217 1001 1305 1034 mitia
1329 1001 1447 1035 Romae
1472 1003 1629 1035 celebrari
1652 1007 1888 1035 consueverunt
1915 1012 1951 1034 ex

1218 1054 1320 1087 libera
1344 1054 1568 1097 designatione
1601 1054 1670 1088 sieri
1704 1055 1800 1088 solita
1823 1055 1857 1088 in
1889 1055 1955 1087 sin-

1218 1107 1300 1149 gulis
1325 1108 1472 1150 capitulis
1494 1108 1712 1150 generalibus,
1728 1108 1760 1140 in
1782 1108 1901 1151 quibus
1918 1118 1956 1140 ex

1217 1160 1416 1203 praescripto
1450 1159 1596 1193 eiusdem
1639 1160 1829 1193 correctorii
1870 1161 1957 1193 locus

1216 1212 1360 1255 proxime
1377 1212 1565 1245 celebrandi
1583 1212 1715 1256 capituli
1730 1211 1890 1255 generalis
1909 1222 1958 1245 as-

1217 1265 1339 1307 signari
1361 1266 1468 1298 debet.

1261 1318 1275 1361 g
1301 1317 1331 1350 02.
1358 1318 1474 1350 Verum
1503 1328 1678 1361 progressu
1704 1318 1860 1361 temporis
1885 1328 1955 1351 mos
1979 1325 2148 1363 Nuecubtenlo·

1216 1370 1361 1412 inolevit,
1389 1382 1452 1414 quo
1477 1371 1510 1403 in
1535 1371 1670 1413 singulis
1691 1371 1832 1404 comitiis
1858 1353 2112 1414 gene-buum*

1217 1424 1338 1456 ralibus
1362 1424 1545 1457 alternatim
1570 1424 1727 1467 assignari
1760 1425 1843 1457 solet.
1866 1425 1956 1457 loc'us

1219 1477 1315 1509 futuri
1334 1476 1465 1520 capituli
1492 1476 1663 1519 generalis,
1682 1477 1781 1510 semel
1806 1476 1958 1509 nimirum

1218 1529 1251 1563 in
1276 1529 1379 1568 Italia,
1412 1535 1445 1562 et
1474 1535 1551 1563 tunc
1576 1530 1609 1562 in
1633 1529 1761 1562 civitate
1790 1529 1958 1569 Ianuensi,

1219 1584 1317 1616 semel
1331 1583 1365 1616 in
1382 1583 1494 1623 Gallia,
1509 1588 1541 1615 et
1558 1588 1633 1616 tunc
1650 1582 1683 1615 in
1701 1587 1863 1616 conventu
1879 1582 1961 1615 Mas-

1219 1636 1350 1677 siliensi,
1367 1642 1399 1670 et
1421 1638 1522 1670 semel
1547 1637 1580 1669 in
1598 1636 1762 1680 Hispania,
1781 1642 1814 1669 et
1832 1641 1909 1669 tunc
1929 1636 1961 1668 in

1219 1695 1380 1723 conventu
1406 1689 1684 1730 Barchinonensi,
1711 1700 1748 1722 ex
1774 1699 1839 1732 quo
1860 1688 1896 1720 fit
1926 1693 1962 1720 ut

1220 1749 1408 1786 procurator
1442 1743 1604 1786 generalis
1639 1752 1696 1775 suo
1728 1751 1861 1785 semper
1884 1747 1959 1774 voto

1221 1796 1413 1837 frustretur,
1441 1806 1513 1828 cum
1539 1806 1705 1838 nunquam
1739 1794 1771 1826 in
1802 1794 1886 1827 Urbe
1920 1804 1957 1827 ex

1219 1849 1404 1882 introducta
1419 1849 1483 1882 iam
1503 1848 1737 1882 consuetudine
1755 1847 1883 1892 capituli
1903 1858 1958 1890 ge-

1220 1901 1339 1934 neralis
1356 1901 1530 1935 celebratio
1551 1901 1729 1944 praescribi
1747 1906 1780 1934 et
1798 1900 1957 1943 assignari

1220 1955 1333 1989 soleat.

1263 2007 1277 2050 §j
1301 2007 1332 2040 3.
1359 2006 1435 2040 Cum
1460 2013 1576 2047 autem,
1603 2007 1687 2040 sicut
1711 2006 1827 2039 eadem
1852 2017 1955 2050 expo-
1994 2013 2016 2033 ¹1¹
2031 2017 2056 2033 ⁶0
2078 2017 2152 2038 protu-

1220 2060 1292 2093 sitio
1309 2060 1534 2104 subiungebat,
1554 2060 1729 2103 plurimum
1750 2060 1869 2092 reserat
1885 2039 2154 2102 pro.E?„53225323‚¹,³1-'3:

1710 2113 1715 2117 ‚
1772 2112 1778 2117 ,
1970 2095 2012 2112 tum
2025 2098 2065 2112 uun
2079 2091 2153 2112 habet.

1220 2119 1401 2146 curatorem
1428 2114 1616 2156 generalem
1647 2114 1797 2156 Capitulis
1823 2122 1959 2155 genera-

1221 2167 1304 2198 libus
1329 2166 1404 2198 dicti
1422 2165 1550 2198 Ordinis
1576 2166 1733 2197 interesse
1763 2165 1801 2197 ad
1820 2165 1959 2198 dandam

1221 2218 1300 2251 inibi
1326 2219 1590 2251 informationem
1608 2228 1719 2251 eorum
1738 2228 1819 2261 quae
1841 2217 1873 2249 in
1899 2217 1961 2250 Ro-

1223 2274 1317 2304 mana
1335 2271 1427 2304 Curia
1451 2271 1483 2303 in
1509 2271 1665 2304 sexennio
1684 2270 1734 2303 sui
1760 2270 1857 2303 officii
1883 2281 1961 2313 erga

1221 2324 1373 2356 Ordinem
1410 2323 1591 2356 huiusmodi
1630 2324 1711 2356 sacta
1746 2328 1776 2356 et
1806 2324 1962 2367 disposita

1222 2383 1304 2414 suut.
1325 2387 1425 2419 eaque
1452 2377 1489 2408 ad
1516 2377 1734 2409 universalem
1760 2376 1887 2409 Ordinis
1904 2387 1963 2409 no-

1223 2430 1322 2462 titiam
1339 2430 1369 2461 in
1388 2429 1510 2461 actibus
1528 2429 1759 2472 capitularibus
1772 2429 1961 2470 inserenda,

1222 2494 1282 2515 nec
1308 2488 1414 2515 tamen
1440 2493 1457 2515 a
1483 2488 1638 2526 tempore,
1662 2493 1725 2525 quo
1747 2483 1890 2526 capitula
1907 2493 1962 2525 ge-

1222 2536 1345 2569 neralia
1369 2536 1556 2568 huiusmodi
1579 2541 1668 2568 extra
1691 2535 1810 2568 Urbem
1836 2535 1963 2578 praedi-

1221 2594 1302 2622 ctam
1328 2590 1492 2622 eelebrata
1510 2593 1593 2629 sunt,
1615 2594 1846 2631 procuratores
1868 2599 1961 2632 gene-

1220 2643 1316 2684 rales,
1335 2641 1400 2676 sive
1418 2642 1529 2683 zelosi‚
1553 2642 1591 2675 ad
1619 2642 1675 2675 illa
1703 2642 1858 2676 accedere
1879 2652 1958 2676 con-
