2279 3260
459 218 525 252 7:34

413 281 477 314 ΧΗ.
506 279 687 313 Declaratio
711 281 799 324 quod
827 286 899 314 vota
925 281 956 313 in
981 280 1161 322 Congrcga-

502 334 588 366 tione
614 333 781 374 Missionis,
805 341 877 377 post
901 333 986 366 illius
1007 332 1159 376 apostoli-

501 396 570 419 cam
586 387 866 419 confirmationem
881 386 998 418 emissa
1015 393 1044 418 ct
1066 385 1159 419 emit-

501 439 609 479 tenda,
634 440 673 472 ab
691 440 761 472 aliis
782 450 877 483 quam
896 450 913 471 a
930 439 1065 472 Summo
1079 440 1159 472 Pon-

502 493 583 525 tilicc
608 499 639 525 et
662 492 829 536 superiore
847 492 988 534 generali
1011 492 1155 525 ciusdem

499 545 763 587 Congrcgatioms
797 545 828 577 iu
861 549 934 577 artu
959 544 1156 578 dimissionis

500 599 539 631 al·
573 598 686 631 cadem
724 597 979 639 Congrcgationc
1017 597 1101 630 licite
1126 603 1157 630 ct

501 651 604 684 valide
636 651 836 694 dispensari,
875 650 1069 683 commutari
1101 656 1156 683 aut

498 704 626 736 dissolri
653 714 716 736 non
743 703 877 746 possint,
905 702 957 735 60.

409 757 487 790 xttl.
505 757 713 790 Confirmatio
728 757 932 789 decretorum
948 756 978 789 S.
992 756 1027 789 R.
1042 756 1074 789 E.
1089 767 1155 789 ear-

497 809 612 842 (linalis
637 809 803 842 Ilarlicrini
833 810 863 841 in
891 810 1029 842 savorem
1056 810 1154 852 picto-

497 874 567 896 rum
586 870 616 896 et
630 863 766 897 aliorum
793 863 978 896 academiae
998 863 1028 896 S.
1050 863 1153 896 Lucae

497 916 638 958 legitime
652 922 901 958 aggregatorum
918 922 1153 957 emanatorum‚

495 980 554 1013 pro
571 970 736 1003 exactione
752 976 852 1010 tame,
869 969 1078 1013 eiusdemque
1092 979 1152 1013 pro

495 1023 621 1056 :innatis
645 1023 789 1055 decursis
814 1029 842 1055 ct
869 1032 932 1055 nou
963 1022 1075 1055 solutis
1101 1034 1168 1061 res

495 1076 659 1115 ductione,
688 1076 740 1108 (i'z‘.

511 1130 650 1162 Licentia
685 1136 718 1161 ut
745 1130 857 1162 fratres
888 1128 1020 1163 Ordinis
1050 1128 1149 1162 sancti

496 1183 652 1216 Francisci
668 1183 707 1215 de
721 1182 938 1220 Oleerrantia,
954 1182 1049 1215 etiam
1063 1192 1151 1225 pres-

494 1237 607 1280 byteri,
633 1236 812 1269 medicinae
838 1241 867 1268 et
892 1235 1075 1277 chirurgiae
1099 1246 1151 1278 pe-

494 1290 557 1326 riti,
575 1290 614 1322 (le
629 1299 762 1321 suorum
779 1288 983 1331 superiorum
1010 1288 1150 1328 licentia,

492 1350 575 1376 artes
601 1342 799 1379 huiusmodi,
822 1342 862 1374 ad
887 1342 1096 1375 commodum
1119 1348 1150 1375 et

490 1397 661 1429 utilitatem
697 1395 946 1428 christianorum
973 1395 1004 1428 in
1029 1396 1145 1428 Terra-

491 1456 600 1482 sancta
633 1448 836 1481 existentium
857 1475 864 1487 ,
899 1448 1023 1491 possint
1052 1459 1145 1482 exer-

490 1513 573 1540 cere,
603 1502 655 1534 06.

401 1557 461 1588 XV.
477 1556 640 1589 Indultum
656 1566 843 1589 concessum
858 1556 1001 1599 generali
1020 1562 1047 1589 et
1070 1557 1147 1589 deti-

489 1610 609 1642 nitorio
623 1609 887 1651 Congregationis
901 1610 1014 1643 Montis
1033 1609 1145 1642 Oliveti

491 1662 619 1695 Ordinis
643 1663 744 1695 sancti
769 1663 932 1696 Benedicti
948 1690 955 1701 ‚
983 1672 1042 1706 pro
1066 1669 1145 1696 tem-

489 1726 566 1759 pore
596 1716 827 1755 existentibus,
856 1716 967 1749 utendi
994 1716 1146 1749 facultate

491 1769 620 1802 creandi
635 1770 766 1803 abbates
781 1769 925 1802 titularcs
939 1769 984 1803 eis
998 1780 1056 1813 pcr
1073 1780 1146 1802 con-

489 1823 669 1856 stitutiones
682 1822 810 1856 Ordinis
827 1823 991 1862 attributa,
1008 1829 1067 1856 etc.
1089 1822 1144 1856 67.

504 1876 651 1910 Extensio
672 1876 889 1909 concessionis
907 1876 1004 1909 officii
1026 1883 1058 1909 et
1075 1876 1146 1909 mis-

488 1940 541 1962 sae
565 1930 598 1962 Β.
628 1929 729 1962 Rosae
747 1929 786 1962 de
804 1929 834 1962 S.
854 1929 952 1962 Maria
968 1928 1065 1962 Tertii
1085 1928 1144 1962 Or-

489 1983 571 2016 dinis
596 1983 696 2016 sancti
722 1982 880 2016 Dominici
909 1993 968 2026 pro
993 1983 1144 2017 universo

487 2037 573 2070 clero
605 2046 779 2078 regnorum
813 2036 991 2076 Potoniae‚
1027 2037 1142 2070 ducatu

486 2089 687 2125 Litliuaniae.
709 2095 783 2127 etc.‚
812 2088 864 2121 68.

398 2143 486 2176 xxti.
515 2142 724 2176 Confirmatio
745 2142 904 2186 privilegii
923 2143 1038 2176 Leonis
1054 2144 1080 2176 X
1101 2145 1144 2176 sa-

487 2206 560 2230 vore
578 2196 842 2238 Congregationis
859 2197 1069 2230 eremitarum
1085 2197 1143 2231 Ca-

485 2249 734 2282 maldulensium
766 2249 1045 2289 Montiscoronae,
1081 2257 1138 2290 ut,

484 2302 591 2335 invitis
625 2302 792 2335 monachis
827 2312 883 2335 seu
912 2302 1077 2342 eremitis,
1109 2303 1141 2337 in

485 2365 596 2389 eorum
612 2355 753 2388 ecclesiis
767 2355 909 2400 episcopi
927 2356 1073 2389 locorum
1088 2356 1142 2389 Or-

485 2409 600 2442 dinarii
634 2408 741 2441 divina
773 2408 929 2441 celebrari
967 2419 1033 2442 non
1066 2419 1141 2453 pos-

483 2462 556 2498 sint,
584 2461 637 2495 69.

396 2515 498 2548 xwtt.
526 2515 597 2548 Alia
622 2515 766 2548 extensio
791 2515 1007 2548 concessionis
1043 2514 1139 2548 officii

483 2575 514 2602 et
530 2568 646 2602 missae
665 2569 699 2602 B.
723 2568 826 2602 Rosae
842 2568 881 2602 de
897 2568 927 2602 S.
945 2568 1044 2601 Maria
1064 2569 1140 2601 Ter-

485 2622 518 2655 tii
543 2622 671 2655 Ordinis
696 2622 726 2656 S.
753 2622 911 2655 Dominici
942 2632 1002 2666 pro
1032 2622 1139 2664 regnis

407 1130 480 1161 ΧΠ.

399 1877 474 1909 ΧΠ,

1008 227 1186 251 Βῑ“1.[,ΛΠ11]Μ
1211 227 1315 251 nomn
1322 228 1335 251 h
1342 229 1362 251 M

1302 286 1334 313 et
1357 281 1509 315 dominiis
1532 283 1738 317 serenissimo
1763 283 1830 326 regi
1852 284 1958 318 catho-

1301 333 1363 367 lico
1394 335 1558 376 subiectis,
1585 347 1711 370 necnon
1737 343 1873 379 augusto
1897 338 1958 370 im-

1300 387 1442 429 peratori
1468 394 1498 421 et
1522 389 1633 423 domui
1665 390 1849 424 Austriacae
1865 417 1872 430 ‚
1901 390 1953 423 70.

1211 438 1288 472 XIX.
1300 438 1477 473 Confirmat
1491 441 1654 475 decretum
1670 443 1836 476 electionis
1850 444 1882 477 Β.
1898 444 1957 477 Ro-

1298 503 1352 526 sae
1365 492 1396 525 in
1412 494 1501 536 regni
1516 494 1652 527 Peruani
1667 502 1836 539 patronam
1851 508 1869 530 a
1883 497 1954 531 Cte-

1300 552 1408 579 mente
1427 547 1467 580 tx
1492 554 1690 588 minuatum,
1718 550 1805 592 quod
1830 551 1869 584 ad
1890 551 1954 584 sin-

1297 599 1388 641 gulas
1408 601 1602 643 provincias,
1626 612 1725 644 regna
1750 609 1781 635 et
1805 604 1954 646 regiones

1299 652 1520 686 terracfirmae
1546 654 1642 687 totius
1667 655 1854 696 Amet-icae,
1881 657 1954 690 Phi-

1298 705 1493 748 lippinarum
1509 713 1539 739 ct
1552 707 1714 741 Indiarum
1730 709 1883 749 extendit,
1898 709 1949 743 73.

1207 757 1272 790 XX.
1294 758 1496 801 Indulgentia
1514 759 1658 802 plenaria
1678 766 1834 804 perpetua
1853 761 1885 794 in
1905 772 1953 795 ec-

1297 811 1400 844 clesiis
1425 812 1557 845 fratrum
1578 818 1609 845 et
1626 813 1815 846 monialium
1830 815 1863 847 B.
1881 813 1952 847 Vir-

1295 864 1378 905 ginis
1402 865 1518 898 Mariae
1539 866 1578 899 de
1596 866 1702 898 Monte
1727 866 1872 900 Carmelo
1892 878 1952 910 pro

1296 916 1377 950 sesto
1401 917 1432 951 S.
1453 918 1568 952 Mariae
1594 920 1801 962 Magdalenae
1817 921 1857 954 de
1876 921 1952 953 Paz-

1295 969 1349 1009 zis,
1379 969 1430 1003 75.

1205 1021 1284 1055 XXI.
1311 1023 1494 1065 Decretum,
1523 1025 1610 1068 quod
1636 1031 1830 1069 procurator
1853 1036 1952 1069 gene-

1293 1077 1369 1109 ralis
1393 1087 1450 1110 seu
1474 1078 1598 1111 zelosus
1621 1079 1718 1113 totius
1742 1080 1869 1113 Ordinis
1894 1080 1950 1113 Mi-

1292 1130 1457 1164 nimorum
1479 1132 1670 1165 interveniat
1690 1133 1721 1165 in
1739 1133 1878 1167 comitiis
1894 1144 1950 1176 ge-

1292 1184 1458 1217 neralibus
1475 1185 1595 1229 ubique
1613 1186 1772 1226 locorum,
1789 1193 1820 1220 et
1836 1186 1869 1219 in
1887 1187 1949 1219 illis

1291 1236 1480 1279 suffragium
1506 1238 1597 1277 serat,
1626 1238 1678 1271 76.

1202 1288 1294 1322 XXII.
1335 1288 1514 1323 Confirmat
1553 1291 1746 1324 sententiam
1787 1292 1948 1325 Ordinarii

1291 1341 1481 1376 Giennensis
1498 1344 1595 1376 latam
1612 1355 1710 1388 super
1727 1345 1815 1378 cultu
1833 1345 1872 1378 ab
1894 1345 1950 1378 im-

1292 1396 1496 1428 memorabili
1516 1402 1662 1440 tempore
1680 1397 1822 1431 exhibito
1836 1404 1948 1433 sancto

1291 1447 1385 1481 Petro
1410 1449 1580 1483 Paschasio
1606 1450 1645 1483 de
1669 1450 1831 1491 Valentia,
1862 1462 1948 1485 mar-

1291 1501 1351 1544 tyri
1376 1501 1503 1535 Ordinis
1532 1503 1566 1536 B.
1594 1503 1712 1536 Mariae
1737 1504 1776 1537 de
1800 1505 1946 1539 Mercede

1290 1555 1525 1599 redemptionis
1553 1557 1766 1600 captivorum,
1793 1558 1946 1602 episcopo

1289 1607 1462 1642 Giennensi
1478 1636 1485 1649 ,
1519 1619 1557 1642 ac
1586 1610 1751 1643 decretum
1777 1621 1944 1644 sacrorum

1288 1661 1408 1695 rituum
1434 1663 1699 1705 Congregationis
1719 1664 1806 1696 illam
1832 1675 1947 1709 appro-

1289 1714 1380 1752 bans,
1409 1715 1461 1748 77.

1200 1767 1306 1801 XXIII.
1333 1768 1499 1802 Indultum
1532 1770 1572 1803 de
1605 1770 1700 1803 missa
1725 1777 1755 1804 et
1780 1770 1887 1805 officio
1912 1772 1944 1805 in

1288 1821 1433 1861 Polonia‚
1461 1823 1633 1856 Lithuania
1657 1830 1688 1857 et
1712 1824 1788 1857 alibi
1813 1835 1831 1857 a
1847 1825 1945 1868 patri-

1288 1875 1348 1908 bus
1372 1875 1540 1909 Societatis
1564 1876 1648 1916 Iesu,
1673 1883 1703 1910 et
1727 1877 1807 1918 aliis,
1828 1878 1861 1911 in
1886 1878 1945 1912 ho-

1286 1938 1400 1961 norem
1436 1928 1521 1962 beati
1557 1929 1703 1963 Stanislai
1730 1931 1867 1964 Kostkae
1892 1931 1944 1964 die

1287 1991 1345 2014 xm
1368 1983 1554 2016 novembris
1579 1984 1763 2024 recitandis,
1792 1983 1845 2017 80.

1197 2033 1301 2067 XXIV.
1329 2035 1498 2068 Decretum
1518 2043 1702 2069 emanatum
1719 2037 1751 2069 in
1770 2047 1944 2080 congrega·

1287 2088 1374 2121 tione
1399 2089 1540 2130 generali
1565 2096 1695 2122 sanctae
1719 2090 1885 2124 Romanae
1912 2098 1944 2124 et

1285 2142 1473 2175 universalis
1508 2142 1728 2185 Inquisitionis
1763 2143 1873 2177 habita
1908 2144 1941 2177 in

1285 2196 1404 2240 palatio
1429 2197 1606 2240 apostolico
1630 2197 1745 2230 Montis
1769 2197 1942 2236 Quirinalis

1284 2259 1394 2283 coram
1427 2250 1629 2283 sanctissimo
1665 2250 1798 2284 domino
1829 2257 1941 2286 nostro

1285 2303 1419 2336 domino
1443 2303 1605 2337 Clemente
1631 2303 1738 2336 divina
1770 2304 1941 2348 providen-

1286 2356 1326 2389 tia
1347 2357 1433 2400 Papa
1453 2357 1479 2389 X
1495 2367 1532 2389 ac
1549 2357 1811 2391 eminentissimis
1836 2364 1867 2391 et
1890 2368 1942 2392 re-

1284 2409 1523 2443 verendissimis
1548 2410 1688 2443 dominis
1706 2411 1737 2444 S.
1758 2411 1795 2444 R.
1818 2411 1852 2444 E.
1873 2422 1940 2445 car-

1284 2462 1445 2496 dinalibus
1459 2463 1491 2496 in
1507 2465 1572 2497 tota
1584 2464 1750 2507 republica
1765 2464 1940 2498 christiana

1283 2522 1396 2550 contra
1419 2516 1614 2550 haereticam
1632 2517 1824 2561 pravitatem
1842 2527 1940 2560 gene-

1282 2569 1403 2603 ralibus
1428 2569 1675 2613 inquisitoribus
1696 2580 1715 2603 a
1731 2572 1841 2604 sancta
1856 2571 1938 2605 Sede

1280 2622 1466 2666 Apostottca
1490 2623 1674 2667 specialiter
1691 2624 1862 2668 deputatis,
1879 2624 1934 2658 81.
