2279 3260
138 250 185 276 An.
204 250 231 275 C.
256 249 322 277 ¹075
546 212 560 232 Ι

331 299 547 343 indulgentias
571 300 707 344 perinde
733 305 999 343 consequantur,
1030 310 1065 331 ac

332 352 359 385 si
384 363 436 386 eas
461 363 571 386 coram
596 352 697 386 tribus
722 352 878 386 altaribus
911 358 946 385 ut
969 362 1066 395 supra

332 405 493 448 deputatis
510 405 635 446 dixerit,
654 406 800 439 indulsit.

166 472 178 492 Α
199 469 271 496 primis
287 474 322 488 ve-

139 503 205 522 speris
216 495 257 516 «¹1⁸5
270 500 322 515 mar·
353 510 358 515 .

139 549 323 595 iffssiiu‘h‘iii'ai'ssiis'
334 568 365 595 et
396 562 558 603 confessi,
591 564 644 607 qui
677 564 804 597 Ordinis
832 563 1002 597 ecclesiam
1035 569 1066 596 et

138 601 322 652 3i=issi³⁴ii¹ii2⁶³2isss
333 616 514 658 cappellam
530 616 579 649 vel
605 617 704 649 altare
730 616 1003 650 confraternitatis
1032 621 1067 648 ut

139 659 205 674 ''³⁰⁴''
333 678 432 710 supra
458 679 476 701 a
503 668 617 712 primis
646 669 789 712 vesperis
808 669 870 702 diei
895 668 1003 701 martis
1021 668 1066 701 di-

333 725 401 754 ctae
435 720 566 754 maioris
608 721 830 755 hebdomadae
870 732 972 764 usque
1007 731 1066 764 per

333 779 434 806 totum
479 773 563 807 diem
599 774 752 807 mercurii
796 774 979 806 immediate
1016 784 1066 805 se-

333 830 487 868 quentem
513 826 628 859 devote
652 826 856 859 visitaverint
881 825 1064 865 annuatim,

333 884 364 912 et
380 879 419 911 ad
445 879 632 912 earumdem
650 879 930 912 conservationem
953 890 1066 911 manus

333 931 538 974 porrexerint
561 931 737 964 adiutrices
763 932 814 973 (ex
840 931 965 964 indulto
991 931 1067 964 Gre-

333 983 415 1026 gorii
440 983 506 1016 XlII
530 983 714 1027 quinquies,
742 985 825 1025 etc),
840 984 929 1016 illam
954 994 1068 1026 perpe-

336 1035 397 1067 tuis
424 1036 620 1078 temporibus
644 1036 879 1078 indulgentiam
903 1041 935 1068 et
958 1047 1068 1079 pecca-

335 1092 440 1120 torum
464 1087 690 1120 remissionem
710 1089 884 1128 lucrantur,
903 1099 998 1131 quam
1023 1089 1068 1121 vi-

334 1141 465 1173 sitantes
490 1140 658 1173 ecclesiam
681 1140 712 1173 S.
739 1141 834 1173 Marci
860 1142 898 1174 de
926 1141 1067 1174 Venetiis

334 1192 582 1226 Castellanensis
607 1194 764 1226 dioecesis
790 1194 823 1226 in
850 1195 928 1227 festo
951 1195 1068 1227 Ascen-

336 1246 437 1279 sionis
460 1246 586 1280 Domini
619 1246 723 1280 Nostri
758 1248 828 1280 Iesu
856 1248 975 1281 Christi
1006 1258 1068 1280 an·-

336 1299 457 1331 nuatim
481 1300 728 1342 quomodolibet
740 1306 982 1344 consequuntur
999 1302 1068 1343 (Bo-

335 1351 473 1383 nifacius
499 1351 546 1391 lx,
572 1351 722 1385 Sincerae
751 1352 935 1393 devotionis,
962 1364 991 1386 1v
1017 1354 1069 1386 ka-

335 1403 449 1436 lendas
466 1403 582 1443 martii,
598 1404 804 1447 pontificatus
825 1416 910 1438 anno
932 1407 987 1449 lx).
1010 1406 1070 1439 Eo-

337 1455 409 1488 dem
435 1456 556 1499 pariter
581 1457 632 1489 die
657 1458 834 1498 mercurii,
864 1469 994 1492 necnon
1019 1459 1070 1492 die

336 1509 427 1549 iovis,
440 1514 472 1541 et
487 1509 538 1542 die
552 1510 678 1542 veneris
694 1510 916 1544 hebdomadae
931 1517 1070 1552 sanctae,

336 1562 472 1605 praefati
497 1562 674 1595 confratres
705 1573 780 1596 vere
811 1564 1015 1607 poenitentes
1041 1571 1072 1598 et

337 1615 497 1654 confessi,
531 1615 583 1657 qui
609 1615 722 1648 devote
749 1616 947 1649 visitaverint
972 1618 1072 1651 eccle-

337 1667 399 1700 sias
412 1667 541 1700 Ordinis
560 1673 590 1700 et
606 1669 787 1711 cappellam
808 1674 863 1701 aut
884 1670 981 1702 altare
996 1681 1072 1703 con-

338 1720 546 1753 fraternitatis
558 1726 594 1753 ut
609 1731 707 1764 supra
722 1722 896 1762 annuatim,
912 1728 943 1755 et
958 1733 1071 1755 manus

337 1773 544 1816 porrexerint
568 1773 742 1806 adiutrices
770 1774 831 1816 (ex
852 1775 977 1808 indulto
996 1775 1071 1808 Gre-

337 1825 417 1868 gorii
439 1826 504 1858 XIII
530 1826 710 1869 quinquies,
730 1832 789 1859 etc.
803 1828 823 1869 )‚
840 1838 856 1859 a
877 1831 981 1870 poena
1005 1834 1035 1861 et
1055 1840 1072 1861 a

336 1931 459 1964 centius
474 1931 519 1970 IV,
537 1931 707 1972 Quoniam,
724 1939 759 1965 ut
771 1944 879 1976 supra3
894 1945 987 1976 quam
1002 1946 1071 1968 con-

335 1983 519 2016 cessionem
537 1983 641 2016 Sixtus
657 1984 703 2024 lv,
717 1985 807 2018 Inter
820 1987 1025 2030 praecipuas,
1038 1994 1072 2020 ut
1091 1977 1092 2006 ἶ

335 2031 431 2076 inffa,
453 2036 687 2079 indulgentiam
699 2038 878 2080 plenariam
897 2040 1067 2083 nominat).

141 2095 326 2148 εεωῖιῖῑεῦωιίιῖἓῗ
381 2087 413 2120 7⁰
437 2088 472 2121 In
502 2089 650 2121 omnibus
684 2090 826 2123 sabbatis
859 2090 1071 2135 Quadragesi-

141 2148 326 2200 ffiggrsffleepilgg
337 2152 407 2174 mae
432 2142 607 2185 praedictis
624 2143 840 2177 confratribus
861 2156 935 2178 vere
959 2147 1071 2188 poeni-

142 2181 208 2222 naria.
338 2193 478 2227 tentibus
504 2200 535 2227 et
559 2195 733 2236 confessis,
758 2197 811 2239 qui
838 2198 992 2230 ecclesias
1015 2198 1070 2231 Or-

337 2246 422 2279 dinis
455 2251 487 2279 et
517 2249 698 2291 cappellam
727 2251 775 2282 vel
811 2251 910 2283 altare
943 2252 1070 2284 confra-

337 2297 499 2331 ternitatis
523 2304 558 2331 ut
581 2310 679 2343 supra
696 2301 842 2344 qualibet
866 2303 917 2335 die
943 2304 1068 2336 sabbati

336 2350 537 2393 singularum
554 2352 831 2387 hebdomadarum
855 2354 1069 2398 Quadragesi-

335 2414 407 2437 mae
440 2404 555 2438 devote
580 2405 777 2440 visitaverint
794 2409 970 2448 annuatim,
1001 2420 1070 2442 om-

335 2458 426 2490 niun]
457 2464 666 2501 peccatorum
697 2471 830 2494 suorum
858 2462 1010 2495 remissio
1038 2469 1070 2496 et

335 2511 429 2543 venia
453 2507 644 2544 conceditur
668 2513 785 2555 (sixtus
809 2514 856 2554 IV,
883 2515 962 2548 Cum
989 2515 1069 2558 inef—

336 2564 477 2607 fabilia,
511 2575 595 2598 anno
625 2566 856 2600 Incarnationis
886 2569 1069 2602 Doininicae
1090 2589 1092 2603 .
1113 2569 1261 2602 omnibus
1276 2575 1308 2602 et
1327 2569 1463 2611 singulis
1481 2569 1648 2611 utriusque
1662 2578 1754 2601 sexus

335 2626 506 2658 mentm&
524 2628 580 2651 xni
602 2618 753 2652 kalendas
770 2620 846 2661 iulii,
865 2621 1070 2664 pontificatus
1090 2625 1094 2665 ξ
1114 2622 1264 2655 [ratribus
1281 2622 1454 2666 praedictis
1471 2632 1543 2655 vere
1557 2620 1796 2665 poenitentibus
1813 2626 1846 2654 et

962 251 1104 275 CLEMENS
1126 252 1143 274 Χ
1168 252 1216 275 rP.

376 457 409 490 6⁰
425 458 460 490 ln
476 457 681 491 hebdomada
698 459 820 492 maiore
843 458 978 502 praefati
998 468 1066 490 cor·
1085 483 1086 487 ,

141 527 166 543 n,
193 527 258 547 usqua
287 510 524 552 perrigiatorum
548 511 727 544 confratres
751 522 827 544 vere
859 511 1065 555 poenitentes
1086 529 1087 539 η

1737 242 1800 277 559
1847 254 1896 278 An.
1913 251 1939 278 C.
1965 250 2031 278 ¹675

1085 308 1087 341 3
1106 310 1191 332 anuo
1207 300 1288 342 vul).
1306 299 1474 333 Praeterea
1487 300 1624 343 singulis
1639 301 1752 333 diebus
1765 300 1838 333 sab—

1085 380 1087 387 ,
1107 351 1170 383 bati
1198 351 1293 384 totius
1310 352 1395 393 anni,
1415 352 1529 385 iisdem
1548 363 1619 386 vere
1644 353 1841 395 poenitenti-

1105 404 1163 436 bus
1177 410 1208 437 et
1224 405 1379 438 confessis
1397 410 1489 448 atque
1508 408 1597 438 sacra
1613 406 1841 439 communione

1106 458 1253 499 refectis,
1282 459 1335 502 qui
1360 459 1532 492 ecclesiam
1558 459 1686 491 Ordinis
1713 464 1743 491 et
1768 470 1842 501 cap-

1106 512 1224 554 peltam
1243 513 1290 544 vel
1316 513 1416 545 altare
1441 511 1714 545 confraternitatis
1736 517 1769 543 ut
1790 521 1842 543 su-

1106 575 1166 607 pra
1190 566 1303 597 devote
1329 565 1534 605 visitaverint,
1553 571 1583 597 et
1604 565 1646 597 ibi
1672 575 1730 607 pro
1756 565 1841 597 chri-

1107 617 1284 650 stianorum
1309 618 1492 661 principum
1519 617 1701 655 concordia,
1730 617 1843 649 haere-

1107 679 1176 701 sum
1202 669 1481 712 exti1*patione‚ac
1505 675 1633 702 sanctae
1659 669 1765 701 Matris
1790 669 1844 701 Ec-

1107 720 1222 753 clesiae
1247 722 1440 754 exaltatione
1465 722 1533 764 pias
1558 722 1596 754 ad
1615 721 1714 753 Deum
1730 731 1842 764 preces

1108 773 1291 814 effuderint,
1311 784 1374 817 quo
1391 774 1443 807 die
1461 774 1701 817 praedictorum
1719 774 1749 806 id
1769 784 1842 815 ege-

1108 825 1182 866 rint,
1206 827 1351 868 plenaria
1377 827 1517 859 omnium
1538 832 1744 870 peccatorum
1769 837 1843 859 suo-

1109 890 1177 911 rnm
1193 879 1398 921 indulgentia
1416 885 1448 911 et
1463 879 1610 912 remissio
1628 878 1843 912 misericordi-

1110 937 1156 963 ter
1168 931 1201 963 in
1215 932 1350 964 Domino
1364 932 1553 965 conceditur
1567 931 1756 975 (Gregorius
1767 931 1846 972 XIII,-

1108 984 1294 1026 Inefflcbilia
1309 1011 1316 1025 ‚
1348 985 1399 1017 die
1423 996 1481 1018 xxv
1512 985 1648 1017 ianuarii
1672 995 1819 1018 notxxxn
1834 1011 1842 1024 ‚

1109 1036 1314 1079 pontificatus
1340 1047 1424 1070 anno
1443 1038 1488 1079 x).

1153 1088 1185 1122 80
1203 1089 1319 1122 lisdem
1343 1090 1572 1129 confratribus,
1589 1090 1690 1122 semel
1711 1090 1744 1122 in
1769 1089 1843 1128 vitzi,
1881 1102 1951 1124 Semel
1966 1102 2041 1123 invita

1855 1131 1875 1149 et
1901 1130 1920 1148 in
1949 1129 2039 1149 articul-7

1108 1146 1143 1173 ut
1159 1142 1377 1174 confessorem
1406 1142 1560 1175 idoneum
1589 1143 1772 1184 regularem
1797 1142 1845 1174 di·
1856 1156 1935 1184 monis¹
1953 1158 2041 1180 possunt

1109 1195 1150 1227 eti
1181 1194 1309 1227 Ordinis
1343 1194 1456 1237 (iuxta
1491 1194 1625 1227 Conona
1666 1182 2041 1236 Tridentinitlttss'lttfiui't't

1110 1248 1238 1280 decreta
1251 1247 1290 1279 ab
1308 1246 1476 1280 Ordinario
1491 1247 1732 1290 approbatum),
1750 1236 2041 1289 quemftiiii'g'ssimaiiiffi

1110 1299 1172 1342 ipsi
1197 1300 1368 1342 corrigiati,
1393 1306 1424 1333 et
1449 1311 1559 1333 eorum
1585 1300 1723 1343 quilibet
1747 1292 1922 1333 dum-'³³⁸³'

1111 1353 1153 1385 rit
1177 1353 1383 1395 eligendum,
1417 1353 1472 1396 qui
1504 1353 1590 1396 ipsos
1614 1354 1791 1386 confratres
1816 1359 1848 1386 et

1112 1416 1222 1438 eorum
1250 1405 1427 1448 quemlibet
1459 1406 1496 1438 ab
1526 1416 1636 1438 eorum
1665 1407 1849 1439 excessibus

1112 1464 1144 1490 et
1161 1458 1288 1490 delictis
1309 1459 1477 1490 absolvere
1496 1459 1650 1501 (exceptis
1672 1459 1798 1491 casibus
1816 1459 1848 1492 in

1112 1511 1202 1543 Bulla
1219 1510 1343 1543 Coenac
1361 1511 1522 1543 contentis
1539 1517 1570 1544 et
1583 1511 1710 1544 casibus
1724 1512 1849 1555 episco-

1091 1571 1092 1606 j
1112 1564 1161 1606 pis
1184 1564 1330 1596 locorum
1355 1564 1545 1604 reservatis,
1568 1574 1603 1596 ac
1627 1564 1697 1596 aliis
1721 1565 1759 1597 ad
1786 1565 1848 1597 for-

1112 1626 1195 1648 mam
1208 1615 1451 1649 Constitutionis
1469 1616 1692 1660 Quaecumque
1702 1616 1849 1650 Clemen-

1114 1669 1152 1701 tis
1175 1669 1263 1711 VIII),
1283 1674 1314 1701 et
1339 1669 1385 1701 eis
1405 1679 1464 1712 pro
1483 1669 1666 1702 commissis
1683 1670 1850 1712 poeniten-

1114 1721 1188 1754 tiam
1208 1722 1383 1754 salutarem
1409 1721 1590 1764 iniungere,
1612 1732 1648 1754 ac
1667 1722 1847 1765 plenariam

1114 1774 1257 1808 omnium
1281 1780 1484 1818 peccatorum
1517 1786 1647 1808 suorum
1685 1775 1850 1808 remissio-

1091 1856 1092 1861 ,
1113 1838 1188 1861 nem
1213 1828 1345 1870 elargiri
1370 1829 1483 1871 possit,
1514 1828 1689 1870 apostolica
1714 1829 1849 1861 auctori-

336 1879 431 1921 culpa
464 1878 716 1911 misericorditer
748 1881 932 1913 relaxantur
957 1874 1092 1923 (Inno-¹

1113 1886 1176 1913 tate
1190 1880 1378 1913 conceditur
1390 1886 1419 1912 et
1430 1880 1629 1922 indulgetur.
1642 1879 1741 1918 Quam
1753 1881 1849 1913 etiam

1113 1933 1145 1965 in
1170 1933 1303 1966 articulo
1329 1933 1442 1965 mortis
1475 1943 1549 1966 vere
1585 1933 1792 1976 poenitentes
1817 1939 1849 1967 et

1113 1985 1254 2018 confessi
1268 1985 1423 2028 consequi
1438 1990 1574 2028 possunt
1589 1985 1702 2028 (Iulius
1712 1985 1747 2025 ΙΙ,
1761 1986 1847 2018 Dum

1111 2040 1234 2081 fructus
1259 2039 1381 2078 uberes,
1400 2044 1434 2070 ut
1457 2039 1580 2081 supra).
1997 2075 2000 2078 ¹

1156 2089 1187 2122 9⁰
1207 2090 1388 2122 plenariam
1409 2100 1537 2133 quoque
1555 2090 1792 2133 indulgentiam
1812 2074 2042 2131 innofsssslmssssflbffi

1112 2143 1247 2176 articulo
1272 2143 1384 2176 mortis
1410 2143 1527 2176 lucrari
1558 2149 1693 2186 possunt
1716 2144 1847 2186 praedi-
1857 2127 2042 2179 iitiffi'ilg'mffiiissi

1112 2196 1153 2229 eti
1178 2196 1356 2229 confratres
1373 2223 1380 2236 ‚
1413 2196 1438 2228 si
1471 2206 1543 2229 vere
1576 2196 1781 2238 poenitentes
1815 2185 1922 2229 etnwa'

1111 2248 1248 2281 confessi
1273 2259 1390 2281 nomen
1407 2248 1477 2281 Iesu
1498 2259 1553 2282 ore
1574 2250 1622 2281 vel
1647 2249 1745 2281 corde
1762 2248 1847 2281 invo-

1112 2302 1253 2335 caverint
1267 2302 1453 2345 (Gregorius
1470 2303 1544 2342 xlll,
1559 2303 1598 2335 Ec
1615 2303 1643 2335 sc?
1657 2307 1797 2342 czmctae,
1813 2307 1848 2335 ut

1112 2366 1219 2399 supra,
1239 2360 1270 2388 et
1294 2355 1479 2396 Reclclituri,
1496 2356 1620 2399 pariter
1640 2361 1674 2387 ut
1698 2356 1822 2399 supra).

1243 2441 1295 2469 VI.
1311 2457 1350 2461 -
1368 2440 1407 2469 In
1428 2439 1702 2480 processionibus

1156 2517 1194 2549 Et
1213 2516 1246 2548 ⁴1⁰
1261 2516 1436 2558 Gregorius
1455 2516 1531 2554 XIII,
1549 2515 1601 2549 Ad
1617 2526 1664 2554 ea,
1686 2521 1842 2557 utsupra,
1896 2534 2040 2564 Interess,ent=·7

1772 2561 2039 2612 eon-gaasar&

1853 2614 1914 2634 nicae
1925 2614 2038 2635 cuiuslibet
