2279 3260
186 236 234 262 Λη.
251 235 280 261 c.
305 235 373 262 imo
419 225 482 257 tls

248 1710 377 1737 Amplissime

196 1738 285 1763 dai-ngat
296 1740 378 1758 contra-

380 284 428 315 nis
445 283 520 323 oris,
533 282 745 316 restitutionis
760 283 790 315 in
809 284 977 325 integrum,
989 282 1112 314 aliudve

380 336 605 379 quoslciunquc
631 336 719 376 iuris,
748 336 819 369 farti
847 337 896 368 vel
922 334 1043 377 gratiae
1068 344 1117 365 rc-

380 389 521 421 ruedium
547 389 696 421 intentari
722 389 771 421 vel
796 387 973 430 impetrari,
991 391 1044 418 aut
1064 384 1117 417 im-

380 447 516 484 petrato,
544 451 598 473 scu
625 440 721 473 etiam
748 445 845 479 motu,
864 438 997 471 scientia
1015 442 1046 469 et
1062 447 1118 479 po-

382 494 506 526 testatis
527 493 730 537 plenitudine
749 492 878 535 paribus
898 500 1050 523 concesso
1068 489 1116 520 vel

381 551 539 585 emanato,
556 545 739 588 quempiam
757 544 787 575 in
815 542 935 575 iudirio
961 542 1009 573 vel
1031 545 1118 572 extra

382 599 458 631 illud
485 598 529 629 uti
555 609 609 629 seu
637 607 671 629 se
701 596 809 628 iuvare
831 605 935 637 posse,
957 593 1011 625 sed
1034 593 1118 635 ipsas

381 656 569 694 praesentes
595 650 717 682 litteras
744 657 872 690 semper
898 646 1018 685 sirmas,
1043 645 1119 677 vali-

382 704 440 735 das
460 708 492 735 et
516 702 658 735 efficares
677 701 810 733 existere
831 704 858 731 et
880 699 958 738 sore,
980 707 1118 739 suosque

382 757 547 798 plenarios
574 760 605 786 et
629 754 774 794 integros
800 751 930 784 ell'rctus
955 749 1063 782 sortiri
1090 753 1116 781 et

384 808 542 846 (litium-0,
564 817 599 838 ac
623 806 661 838 ab
688 805 759 843 illis,
779 804 816 836 ad
843 814 923 846 quos
949 806 1073 845 spectat
1089 806 1121 833 ct

383 871 442 903 pro
468 865 610 901 tempore
636 858 908 900 quandocumque
935 854 1131 898 spectabit,-

383 912 615 944 iuviolabiliter
640 910 821 949 observari,
857 909 967 951 sicque
995 913 1026 940 et
1054 917 1119 939 non

380 946 477 998 kaliter
502 964 534 996 in
561 962 745 1006 praemissis
776 961 925 1000 censeri,
952 966 1045 1003 atque
1077 943 1143 993 ital

382 1014 442 1061 per
467 1026 685 1059 quoscumque
716 1015 840 1048 iudices
876 1013 1058 1046 ordinarios
1090 1017 1121 1044 et

385 1071 568 1111 delegatos,
599 1069 693 1101 etiam
715 1077 884 1100 causarum
909 1066 1016 1109 palatii
1049 1075 1123 1107 apo-

384 1122 489 1155 stolici
522 1121 701 1160 auditores,
728 1131 763 1152 ae
784 1120 815 1152 S.
843 1119 880 1151 P..
908 1119 941 1151 E.
976 1118 1123 1150 cardina—

383 1177 451 1215 les,
478 1175 572 1207 etiam
607 1174 646 1206 de
682 1174 782 1205 latere
816 1173 940 1213 legatos
973 1176 1005 1203 et
1033 1170 1123 1202 Sedis

385 1228 547 1271 praefatae
580 1225 736 1265 nuncios,
761 1225 842 1257 alios
878 1225 925 1256 vel
962 1222 1125 1266 quoslibet

386 1290 585 1323 quacumque
619 1277 871 1322 praeeminentia
904 1281 935 1308 et
966 1280 1123 1318 potestate

386 1334 557 1374 fungentes
591 1336 623 1363 et
644 1332 825 1369 suncturos,
863 1329 991 1361 sublata
1021 1328 1067 1359 eis
1095 1332 1126 1358 et

387 1396 499 1418 eorum
522 1384 655 1417 cuilibet
679 1383 789 1426 quavis
829 1382 925 1415 aliter
960 1379 1123 1413 iudicandi

387 1444 419 1471 et
442 1436 675 1481 interpretandi
695 1437 845 1468 facultate
868 1440 899 1467 et
924 1433 1124 1472 auctoritate,

387 1490 521 1524 iudicari
551 1495 582 1522 et
614 1489 739 1522 deliniri
767 1489 905 1528 debere,
930 1497 966 1519 ac
1000 1486 1125 1518 irritum

387 1550 419 1577 et
442 1544 536 1576 inane
562 1542 586 1574 si
613 1552 702 1574 secus
728 1551 826 1584 super
852 1540 902 1572 liis
923 1548 1125 1581 aquoquam,

388 1596 499 1640 quavis
514 1594 721 1634 auctoritate,
741 1594 880 1626 scienter
904 1593 952 1624 vel
978 1592 1129 1634 ignoran—

389 1656 451 1689 ter,
479 1648 653 1691 contigerit
677 1646 839 1679 attentari.

433 1704 447 1744 ξ
472 1701 502 1733 5.
530 1700 599 1732 Non
625 1699 838 1738 obstantibus,
865 1702 1021 1740 quatenus
1046 1706 1128 1739 opus

390 1755 452 1794 sit,
478 1755 589 1786 nostra
618 1757 649 1784 et
681 1751 894 1784 cancellariae
932 1749 1128 1793 apostolicae

390 1807 501 1848 regula
526 1806 564 1837 de
589 1804 658 1836 iure
684 1803 832 1847 quaesito
865 1813 929 1835 non
961 1801 1127 1840 tollendo,

392 1860 529 1901 aliisque
550 1857 746 1900 apostolicis,
776 1867 811 1888 ac
831 1856 863 1888 in
888 1855 1128 1888 universalibus

391 1911 709 1955 provincialibusque
736 1915 767 1942 et
791 1909 997 1952 synodalibus
1022 1907 1129 1940 conci—

392 1965 443 1996 liis
469 1964 584 2003 editis,
612 1962 817 2004 generalibus
850 1962 899 1993 vel
925 1960 1127 2003 specialibus,

394 2015 707 2053 constitutionibus,
745 2024 873 2046 necnon
919 2013 1129 2045 ecclesiarum

396 2070 619 2113 praefatarum,
639 2072 670 2099 et
686 2066 755 2099 aliis
777 2065 952 2108 quibusvis,
972 2065 1066 2098 etiam
1084 2066 1132 2098 iu-

397 2127 564 2161 ramento,
591 2120 835 2153 confirmatione
867 2119 1055 2161 apostolica,
1082 2120 1131 2151 vel

397 2175 507 2218 quavis
532 2173 681 2206 firmitate
712 2172 773 2204 alia
798 2171 954 2204 roboratis
971 2198 978 2211 ,
1004 2171 1131 2203 statutis

397 2232 429 2259 et
453 2226 759 2263 consuetudinilms,
785 2224 963 2267 privilegiis
989 2234 1130 2267 quoque,

396 2279 527 2311 indultis
552 2283 583 2311 et
606 2278 721 2310 litteris
753 2277 953 2320 apostolicis,
979 2277 1038 2309 sub
1064 2275 1133 2318 qui-

395 2333 594 2374 buscumque
608 2331 780 2363 verborum
793 2330 961 2363 tenoribus
971 2335 1001 2362 et
1013 2329 1132 2369 formis,

397 2397 431 2418 ac
457 2397 528 2417 etun
548 2384 713 2427 quibusvis
735 2384 829 2416 etiam
855 2383 1131 2425 derogatoriarum

398 2437 621 2479 derogatoriis,
639 2436 776 2479 aliisque
798 2436 1024 2469 efficacissimis
1043 2442 1073 2468 et
1086 2436 1134 2468 in-

397 2492 500 2524 soluis-
527 2491 685 2529 clausulis,
713 2489 982 2531 irritantilmsque
1008 2495 1039 2521 et
1064 2489 1134 2521 aliis

401 2544 547 2582 decretis,
574 2543 605 2575 in
631 2553 750 2585 genere
767 2543 816 2574 vel
847 2542 877 2573 in
895 2541 1012 2584 speeie,
1039 2541 1134 2574 etiam

401 2603 491 2630 motu
522 2596 617 2629 simili
650 2606 685 2628 ac
709 2594 976 2628 consistorialiter
1001 2600 1032 2627 et
1056 2594 1133 2627 alias

965 234 1143 257 nt'l,t.¹ttttttttt
1170 233 1319 257 nummum

1157 279 1401 323 quomodolibet
1418 281 1448 313 in
1475 280 1672 313 contrarium
1699 277 1894 323 praemisso-

1157 343 1228 365 rum
1254 334 1426 373 concessis,
1453 334 1560 373 editis,
1587 333 1689 373 sactis,
1716 342 1752 364 ac
1771 330 1893 374 pluries

1158 384 1291 424 iteratis,
1311 391 1342 418 et
1359 386 1626 428 quantiscumque
1644 385 1764 417 vicibus
1782 393 1896 426 appro-

1159 437 1257 477 batis,
1284 437 1481 469 confirmatis
1515 443 1546 470 et
1574 436 1751 476 innovatis·‚
1779 435 1896 478 quibus

1160 489 1307 520 omnibus
1326 494 1358 521 et
1375 489 1520 531 singulis,
1539 490 1664 522 etiamsi
1690 499 1748 532 pro
1766 488 1895 521 illorum

1161 541 1332 573 sufficienti
1349 542 1559 583 derogatione
1578 542 1617 574 de
1634 541 1697 574 illis
1719 550 1896 582 eorumque

1162 593 1237 626 totis
1271 593 1436 625 tenoribus
1468 594 1635 636 specialis,
1661 593 1817 636 specifica,
1844 601 1898 625 ex-

1162 656 1272 688 pressa
1291 651 1322 677 et
1339 645 1512 685 individua,
1531 656 1567 678 ac
1593 646 1631 678 de
1655 646 1754 677 verbo
1772 645 1810 678 ad
1829 655 1898 676 ver-

1162 698 1245 736 bum,
1265 708 1328 729 non
1347 704 1453 730 autem
1473 708 1531 740 per
1555 699 1711 730 clausulas
1729 699 1897 739 generales

1163 750 1247 782 idem
1273 749 1504 792 iinportautes,
1530 750 1650 782 mentio
1676 760 1732 781 seu
1765 749 1897 791 quaevis

1163 803 1224 835 alia
1249 802 1414 845 expressio
1446 802 1597 834 habenda
1629 807 1681 834 ant
1706 801 1810 844 aliqua
1836 801 1898 833 alia

1163 854 1318 898 exquisita
1347 855 1448 886 forma
1472 855 1511 887 ad
1537 855 1599 887 hoc
1624 854 1780 887 servanda
1805 853 1896 892 soret,

1164 913 1293 940 tenores
1320 907 1522 947 huiusmodi,
1550 918 1585 939 ac
1605 907 1629 939 si
1656 907 1694 939 de
1727 907 1826 939 verbo
1859 906 1896 938 ad

1164 960 1304 998 verbum,
1330 959 1411 992 niliil
1437 959 1567 1002 penitus
1594 959 1711 992 omisso
1737 964 1769 991 et
1799 959 1899 990 forma

1164 1013 1195 1044 in
1221 1013 1284 1045 illis
1308 1012 1421 1044 tradita
1439 1012 1618 1051 observata,
1639 1011 1901 1054 exprimerentur

1142 1092 1144 1106 ,-
1165 1069 1197 1096 et
1221 1065 1452 1103 insererentur,
1473 1064 1698 1107 praesentibus
1723 1073 1780 1106 pro
1802 1063 1899 1105 plene

1165 1122 1197 1148 et
1221 1117 1416 1148 sufficienter
1440 1115 1601 1159 expressis
1628 1121 1660 1147 et
1689 1114 1818 1147 insertis
1844 1114 1900 1145 ha-

1166 1170 1289 1208 bentes,
1308 1169 1371 1201 illis
1389 1168 1465 1200 alias
1486 1168 1517 1199 in
1536 1178 1594 1199 suo
1616 1167 1732 1200 robore
1753 1176 1901 1209 perman-

1166 1222 1262 1261 suris,
1297 1222 1334 1253 ad
1368 1220 1619 1264 praemissorum
1650 1219 1809 1258 ellectum,
1840 1219 1901 1250 hac

1168 1275 1233 1306 vice
1249 1274 1422 1313 dumtaxat,
1439 1273 1625 1316 specialiter
1639 1278 1671 1304 et
1684 1281 1835 1314 expresse
1850 1271 1903 1303 de-

1167 1337 1324 1369 rogamus,
1340 1332 1372 1358 et
1385 1327 1574 1367 derogatum
1590 1335 1661 1357 esse
1674 1325 1840 1364 volnmus;
1855 1333 1902 1355 ce·

1168 1380 1308 1422 terisque
1326 1379 1493 1411 contrariis
1510 1378 1778 1421 quibuscumque.

1211 1433 1322 1464 Datum
1348 1432 1490 1470 Romae,
1517 1431 1601 1474 apud
1627 1430 1658 1463 S.
1686 1430 1815 1462 Mariam
1841 1426 1904 1461 Ma-

1169 1486 1279 1523 iorem,
1301 1486 1360 1517 suli
1397 1486 1515 1517 annulo
1541 1483 1723 1523 Piscatoris,
1754 1483 1804 1515 die
1840 1492 1903 1515 xxii

1171 1538 1350 1571 decembris
1381 1547 1532 1577 nincexx,
1566 1535 1774 1580 pontificatus
1803 1534 1905 1567 nostri

1171 1602 1255 1624 anno
1278 1602 1299 1623 1.

1573 1642 1596 1675 l.
1619 1641 1654 1675 G.
1677 1641 1817 1675 Stusms.

1206 1714 1263 1740 Dat.
1281 1713 1323 1740 die
1339 1714 1373 1740 ⁶22
1387 1713 1539 1740 decembris
1558 1712 1634 1747 1670,
1651 1711 1747 1747 pontif.
1765 1718 1836 1737 anuo
1852 1716 1871 1737 1.

1208 1786 1371 1819 Reyislrala
1379 1785 1418 1812 “in
1434 1785 1540 1811 secret.
1556 1783 1707 1817 Breuium,
1723 1783 1752 1808 in
1770 1782 1819 1809 lib.
1836 1788 1843 1807 1
1863 1781 1909 1809 di-

1171 1838 1326 1863 versorum,
1345 1831 1396 1864 sol.
1418 1829 1479 1856 461.

1481 1958 1596 1991 LXVII.

1152 2060 1153 2063 ,
1175 2032 1218 2064 De
1234 2032 1388 2064 erectione
1400 2035 1429 2063 et
1442 2029 1586 2062 custodia
1612 2028 1908 2070 nzmzuscriptormn.

1217 2084 1358 2116 archivii
1382 2083 1530 2115 dalariae
1554 2082 1590 2114 in
1613 2081 1746 2113 aedibus
1766 2080 1909 2112 eiusdem

1217 2136 1366 2179 eriyendi
1379 2135 1399 2168 ¹.

1401 2217 1533 2243 clemens
1555 2216 1632 2249 Papa
1652 2215 1686 2249 X,

1373 2261 1454 2286 Motu
1488 2260 1624 2293 proprio,
1659 2262 1715 2286 etc.

1220 2331 1379 2363 Admonet
1410 2340 1468 2361 nos
1495 2339 1571 2361 cura
1595 2328 1765 2371 pastoralis
1790 2328 1885 2361 officii
1901 2355 1908 2368 ‚

1177 2384 1268 2416 nobis
1292 2383 1414 2415 meritis·
1433 2382 1509 2414 lieet
1525 2381 1704 2424 imparibus
1723 2381 1829 2413 divina
1847 2381 1913 2414 dis-

1176 2435 1336 2478 positione
1369 2434 1545 2473 commissi,
1571 2439 1605 2465 ut
1634 2434 1672 2466 ad
1708 2444 1745 2466 ea
1771 2434 1914 2466 libenter

1177 2488 1392 2527 intendamus,
1418 2497 1475 2529 per
1500 2497 1579 2529 quae
1595 2487 1754 2522 ‹Datariac
1781 2492 1911 2519 nostrae

1178 2541 1388 2584 aposwlirae,
1415 2551 1431 2572 a
1457 2551 1518 2582 qua
1543 2539 1664 2581 gratiae
1691 2545 1820 2573 nostrae
1840 2550 1914 2583 pro-

1215 2604 1222 2628 1
1248 2601 1320 2628 Nune
1340 2601 1458 2637 primum
1478 2601 1560 2627 edita.

1908 224 1957 253 λη.
1977 226 2005 253 C.
2023 222 2092 254 1670

1948 2334 2073 2357 Exordium.
