2279 3260
231 254 268 279 Au
299 255 326 280 (ἶ.
355 256 416 281 ΙΝἾῈ

251 1050 322 1075 Noqun

225 1092 228 1094 t
251 1091 255 1094 >
319 1090 322 1094 ⁴
372 1084 374 1094 Ι
386 1084 389 1094 4

225 1102 274 1126 quid
297 1103 406 1128 pram-nm

225 1129 298 1153 possit.

464 247 527 279 ῗῖἳυ

425 303 655 336 beneficiorum
673 314 950 346 quoriuncumque
969 313 1026 345 per
1051 313 1107 333 vos
1133 306 1164 331 ct
1183 340 1184 345 1

424 362 564 388 vestrum
601 356 779 398 quemlibet
816 355 993 398 respective
1024 364 1106 385 nuuc
1132 349 1185 385 et'

422 420 480 452 pro
507 415 650 451 tempore
670 410 876 441 obtentorum
899 413 930 439 et
948 407 977 439 in
996 411 1160 449 posterum

420 462 682 499 obtinentloriun,
711 461 758 492 vel
791 461 869 492 aliasv
895 470 1096 502 ‹piaclumpie
1123 458 1160 489 (le

420 517 515 547 mulsa
544 520 668 546 vestros
683 524 746 545 nou
767 512 916 551 feceritis,
933 512 988 543 sed
1008 512 1080 543 illos
1096 522 1161 543 ma-

421 568 448 599 h·
482 573 576 609 atque
604 566 745 599 indebite
773 564 996 608 perceperitis,
1026 569 1058 596 ct,
1078 574 1160 606 pro-

421 626 533 662 pterea
552 619 589 651 ad
609 619 740 651 illorum
760 617 1159 649 restitutioiwmGamerae

422 677 550 704 nostrae
577 671 793 713 Almstolicae,
818 680 873 701 seu
901 669 1104 701 monasteriis
1130 673 1162 700 et

423 724 588 757 beneflciis
630 725 678 755 vel
712 723 850 755 l'abricae
876 722 1072 765 praedictis,
1108 726 1161 753 aut

420 776 608 818 cuicumque
634 775 724 807 alteri
748 785 907 817 personae
934 775 982 806 vel
1013 775 1084 806 loco
1119 774 1161 805 sa—

420 828 567 860 ciendam
587 827 770 864 teneamini,
791 827 964 859 dummodo
990 837 1086 869 super
1112 826 1161 858 his

418 892 515 913 causa
551 880 657 923 vobisv
678 879 855 912 viventibus
888 879 1068 922 respective
1096 890 1160 911 non

419 933 514 966 suerit
538 932 733 975 introducta)
756 932 919 965 molestari
946 937 977 964 et
1002 931 1161 974 inquieta-

419 987 444 1018 ri
471 997 567 1029 posse
593 991 648 1018 aut
674 986 803 1017 debere.

463 1041 478 1082 ἓ
502 1039 555 1071 11.
577 1039 709 1071 Necnon
733 1038 954 1077 camerarium,
973 1049 1026 1070 seu
1049 1049 1161 1081 proca-

419 1092 594 1125 merarium
610 1118 617 1132 ‚
648 1091 886 1123 thesaurarium
902 1118 909 1131 ,
936 1091 1159 1133 praesidentes

419 1144 564 1184 clericos,
592 1148 735 1186 agentes,
761 1144 972 1184 collectores,
999 1144 1160 1176 subcelle-

419 1204 537 1237 ctores,
552 1197 802 1237 commissarios,
817 1197 999 1239 deputatos,
1011 1202 1064 1228 aut
1077 1196 1157 1229 alios

417 1250 609 1293 praedictos,
623 1260 640 1281 a
652 1249 828 1292 quidquam
839 1249 936 1288 robis,
948 1254 1003 1281 aut
1016 1254 1157 1281 vestrum

418 1303 586 1347 quolibet,
618 1313 676 1335 seu
710 1302 819 1335 restris
850 1307 882 1334 et
908 1302 1082 1334 cuiuslibet
1106 1313 1158 1334 ve-

415 1361 518 1388 strum
543 1355 740 1388 haeredibus
764 1355 942 1398 praedietis
969 1360 1032 1387 tam
1051 1355 1090 1387 ab
1109 1355 1157 1386 in-

417 1413 532 1441 testato
558 1419 653 1451 quam
678 1418 714 1439 ex
740 1412 948 1447 testamento,
979 1408 1154 1455 legatariis,

415 1461 605 1500 donatariis,
625 1466 679 1493 aut
701 1460 772 1492 aliis
798 1461 830 1492 in
849 1471 986 1503 quorum
1013 1463 1154 1494 savorem

415 1513 607 1556 dispositum
634 1512 731 1545 suerit
747 1539 754 1553 ,
781 1518 835 1544 aut
859 1512 913 1555 qui
939 1513 977 1545 ab
1003 1514 1155 1546 intestato

414 1571 448 1598 ut
466 1566 647 1608 praefertur
675 1565 860 1605 succedent,
876 1565 1045 1598 occasione
1063 1577 1156 1609 prae-

413 1619 599 1658 missorum,
617 1629 673 1651 seu
695 1619 972 1661 sequestrationis,
992 1619 1156 1662 disseque-

414 1671 593 1711 strationis,
613 1670 889 1710 excamerationis,
908 1671 1078 1714 propinae,
1099 1682 1153 1704 seu

413 1724 608 1766 trigesimae,
636 1723 880 1763 transactionis,
908 1725 955 1756 vel
982 1724 1154 1757 cuiuslibet

413 1777 543 1810 alterius
570 1776 740 1819 pactionis,
765 1782 819 1809 aut
843 1777 978 1809 aliorum
1004 1788 1154 1820 quorum-

413 1840 552 1872 cumque
572 1829 686 1861 iurium
703 1831 751 1862 vel
770 1830 927 1872 regalium
947 1830 992 1863 eis
1012 1832 1083 1863 loco
1105 1842 1153 1864 sa-

412 1882 484 1915 larii
509 1883 557 1914 vel
593 1881 752 1914 mercedis
790 1888 845 1914 aut.
876 1894 935 1926 pro
961 1884 1072 1916 labore
1102 1886 1151 1918 vel

412 1936 444 1967 in
463 1946 710 1978 recompensam
722 1936 970 1978 quomodolibet
983 1937 1150 1978 debitum¹,

412 1998 469 2020 seu
501 1988 596 2021 etiam
630 1991 724 2021 causa
760 1994 791 2021 et
822 1989 915 2022 titulo
941 2000 1078 2023 oneroso
1103 1992 1149 2023 eis

412 2041 625 2081 concessumff,
642 2043 691 2074 vel
706 2041 808 2081 aliter,
824 2048 1022 2084 competens,
1036 2043 1101 2076 sive
1116 2044 1150 2076 in

411 2096 506 2137 parva
531 2094 596 2127 sive
622 2094 652 2126 in
679 2096 794 2136 magna
815 2095 1001 2137 quantitate,
1023 2101 1147 2138 petere,

411 2147 569 2190 accipere,
587 2147 636 2179 vel
654 2147 867 2189 praetendere
888 2149 1069 2181 nullatenus
1093 2160 1151 2182 un-

412 2210 507 2242 quam
531 2210 638 2243 posse,
658 2200 713 2232 sed
739 2208 926 2242 praesentes
944 2201 1067 2234 litteras
1084 2203 1150 2235 sus-

410 2253 503 2285 ficere
530 2253 568 2285 ad
594 2252 740 2285 effectum
771 2253 882 2285 tuendi
915 2255 1090 2287 dominium
1119 2261 1150 2288 et

411 2305 651 2348 possessionem
697 2306 839 2338 omnium
880 2310 911 2338 et
949 2307 1148 2350 singulorum

410 2358 652 2401 praedictorum
677 2358 891 2399 haeredibus,
930 2360 1094 2402 legatariis
1119 2366 1149 2394 et

412 2411 574 2453 quibusxis
593 2410 663 2443 aliis
683 2411 842 2454 personis,
862 2412 894 2444 in
912 2423 1044 2455 quarum
1064 2414 1149 2446 savo-

410 2474 476 2496 rem
495 2474 553 2506 per
576 2463 645 2496 vos‘³
662 2474 720 2496 seu
738 2468 880 2496 vestrum
904 2465 1084 2507 quemlibet
1100 2477 1148 2498 re-

447 2543 457 2568 1
483 2542 611 2576 Legerem
632 2542 794 2569 debitorum
815 2542 853 2577 (n.
870 2545 918 2569 ΤΛ.

445 2587 462 2612 2
483 2587 569 2612 Etiam
590 2586 632 2612 hic
654 2586 771 2619 legerem
792 2595 988 2615 concessorum
1009 2589 1045 2622 (n.
1062 2589 1112 2621 T.).

446 2630 462 2660 3
482 2630 602 2657 Pessime
614 2629 678 2656 edit.
696 2630 774 2656 Main.
792 2630 854 2665 legit
869 2639 919 2657 nos
934 2640 982 2666 pro
999 2639 1044 2659 ros
1055 2633 1145 2668 (usn).

1008 256 1087 278 nl'Lt
1097 255 1186 276 tntt'tl
1213 254 1275 277 nm!
1285 254 1362 278 tNFM

1205 301 1343 343 spective
1370 302 1563 345 dispositum
1597 302 1712 342 suerit,
1750 303 1798 335 vel
1825 302 1877 345 qui
1903 302 1942 334 ab

1205 353 1357 387 intestato
1382 355 1566 387 succedent.

1248 407 1263 449 ξ
1288 406 1340 438 102.
1368 407 1479 450 Neque
1505 407 1599 440 etiam
1625 418 1661 439 ex
1688 418 1725 439 co
1753 408 1850 451 quod,
1879 412 1940 439 tam
1980 420 2058 440 ramum
2080 420 2135 440 :mna

1954 446 2135 466 acuamuinmun

1205 460 1334 492 condito
1357 465 1560 500 testamento,
1580 463 1627 493 vel
1648 462 1726 494 alias
1752 462 1835 494 inter
1856 461 1943 493 vivos
1954 473 2085 492 mmmmm
2095 480 2135 493 mu-

1182 523 1260 545 ¹seu
1285 513 1317 544 in
1353 512 1464 545 ultima
1490 515 1675 554 voluntate,
1714 526 1809 557 quam
1845 514 1942 547 etiam

1204 565 1293 597 nulla
1315 566 1363 597 vel
1390 565 1493 596 minus
1517 566 1621 597 valida
1652 571 1683 599 et
1708 567 1852 609 legitima
1883 567 1943 598 slis-

1204 617 1366 660 positione
1389 618 1477 658 saeta,
1512 623 1564 649 aut
1589 618 1685 650 etiam
1712 620 1750 651 ab
1780 620 1941 659 intestato,

1204 669 1382 712 quemlibet
1406 675 1565 710 vestrum,
1593 670 1623 702 in
1650 671 1816 713 praedicta
1841 672 1941 711 curia,

1204 728 1257 754 aut
1277 733 1477 765 quacumque
1495 723 1605 756 mundi
1624 728 1724 766 parte,
1744 730 1831 756 extra
1849 724 1944 756 bene-

1204 775 1291 815 tlcia,
1318 775 1415 807 etiam
1440 785 1546 807 curam
1572 775 1749 808 animarum
1775 776 1942 816 habentia,

1204 833 1235 859 et
1259 828 1465 870 personalem
1490 828 1696 860 residentiam
1723 828 1941 870 requirentia,

1203 880 1377 912 saecularia
1392 884 1423 912 et
1446 880 1632 922 quorumvis
1651 880 1806 912 Ordinum
1829 892 1864 912 ac
1882 881 1942 912 mi-

1203 932 1350 971 litiarum,
1370 932 1465 964 etiam
1488 933 1622 975 praefati
1647 933 1820 976 hospitalis
1841 934 1943 966 sancti

1203 984 1331 1017 loannis
1350 984 1647 1027 Hierosolymitani,
1672 985 1844 1027 regularia,
1864 991 1895 1018 et
1912 997 1943 1018 a·

1203 1038 1260 1070 lias
1286 1038 1563 1080 qualitercumque
1590 1037 1780 1081 qualiticata‚
1802 1049 1860 1082 per
1884 1050 1941 1073 vos

1203 1101 1259 1123 seu
1281 1095 1421 1123 restrum
1448 1090 1626 1133 quemlibet
1649 1091 1828 1134 respective
1852 1102 1938 1125 nunc

1203 1149 1234 1175 et
1258 1154 1318 1186 pro
1346 1148 1490 1186 tempore
1525 1143 1656 1176 obtenta
1681 1148 1712 1176 et
1742 1144 1939 1185 obtinenda,

1202 1197 1296 1229 etiam
1314 1207 1373 1239 pro
1391 1196 1565 1228 cuiuslibet
1584 1201 1725 1229 vestrum
1743 1198 1810 1230 sola
1825 1199 1938 1231 volun-

1202 1255 1263 1281 tate
1290 1255 1321 1282 et
1346 1250 1433 1281 nulla
1462 1249 1656 1281 subsistente
1682 1252 1775 1282 causa
1804 1260 1869 1282 non
1890 1261 1940 1283 re-

1200 1302 1341 1341 sidendi,
1361 1313 1415 1334 vos
1433 1312 1488 1334 seu
1514 1302 1692 1344 quemlibet
1719 1306 1861 1335 vestrum
1883 1304 1938 1335 de-

1199 1355 1314 1387 cedere
1339 1354 1512 1396 contigerit
1545 1354 1810 1397 (constitutionis
1837 1356 1937 1389 felicis

1199 1406 1433 1440 recordationis
1460 1407 1503 1439 Pii
1531 1407 1589 1439 Pr.
1617 1407 1652 1439 lv
1672 1408 1935 1450 praedecessoris

1199 1461 1298 1493 nostri
1332 1465 1445 1493 contra
1486 1471 1704 1504 quoscumque
1739 1461 1933 1505 episcopos,

1198 1513 1463 1556 archiepiscopos
1489 1524 1545 1545 scu
1572 1513 1651 1546 alios
1668 1515 1840 1556 praelatos,
1862 1525 1935 1547 nec-

1198 1577 1261 1599 non
1287 1566 1522 1609 parochialium
1548 1567 1757 1599 ecclesiarum
1780 1572 1933 1607 rectores,

1197 1620 1341 1662 aliosque
1366 1619 1527 1662 personali
1547 1619 1742 1652 residentiae
1764 1620 1933 1654 adstrictos

1197 1684 1231 1705 cx
1240 1678 1285 1705 tra
1294 1673 1382 1705 illam
1394 1673 1664 1715 quandocumque
1676 1673 1878 1712 decedentes,
1888 1684 1933 1706 vn

1197 1726 1350 1758 kalendas
1376 1725 1558 1757 decembris
1578 1724 1782 1768 pontificatus
1804 1726 1850 1758 sui
1877 1737 1932 1757 an-

1197 1789 1278 1818 nov,
1297 1779 1346 1811 vel
1365 1778 1428 1811 alio
1443 1778 1561 1810 veriori
1581 1783 1737 1821 tempore,
1756 1784 1930 1818 emtumtae,

1196 1836 1228 1863 et
1259 1831 1393 1864 aliarum
1426 1841 1704 1874 (punnincumque
1730 1831 1932 1863 constitutio-

1196 1894 1280 1923 num,
1307 1894 1343 1916 ac
1367 1894 1532 1915 sacrorum
1554 1894 1716 1915 canonum
1735 1887 1767 1915 et
1784 1883 1931 1915 decreto-

1195 1947 1264 1968 rum
1289 1936 1509 1976 conciliorum,
1531 1936 1625 1967 etiam
1646 1935 1858 1977 generalium,
1875 1941 1929 1968 aut

1193 1989 1256 2021 alio
1279 1999 1479 2031 ‹plocumque
1502 1988 1679 2030 praetextu)
1698 1989 1861 2021 molestari
1879 1990 1928 2021 vel

1192 2042 1362 2085 inquietari
1389 2052 1481 2084 posse
1507 2047 1560 2073 aut
1585 2042 1723 2081 debere,
1757 2041 1927 2085 minusque

1192 2100 1379 2138 praesentes
1405 2094 1462 2126 sub
1484 2093 1647 2137 praedicta
1666 2094 1711 2126 Pii
1731 2094 1766 2125 lv
1790 2096 1929 2137 praede-

1192 2147 1331 2180 cessoris
1357 2146 1458 2179 nostri
1485 2157 1584 2189 super
1608 2146 1837 2187 residentia,et
1857 2148 1927 2180 aliis

1191 2199 1380 2244 apostolicis
1397 2199 1693 2239 constitutionibus,
1711 2211 1746 2232 ac
1761 2211 1927 2234 sacrorum

1191 2263 1350 2287 canonum
1369 2257 1400 2285 et
1416 2253 1624 2285 conciliorum
1650 2253 1854 2296 synodalium
1877 2256 1927 2288 vel

1191 2306 1439 2350 provincialium
1465 2317 1500 2338 ac
1525 2307 1620 2338 etiam
1647 2307 1848 2348 generalium
1873 2308 1927 2341 de-

1191 2361 1296 2399 cretis,
1317 2370 1376 2392 nec
1394 2359 1489 2392 etiam
1507 2360 1565 2391 sul)
1584 2360 1750 2402 quibusvis
1775 2360 1926 2394 similium

1192 2415 1241 2447 vel
1260 2412 1460 2446 dissimilium
1479 2413 1720 2456 exemptionum
1739 2418 1770 2445 et
1796 2414 1927 2447 faculta-

1193 2471 1259 2498 tum
1285 2466 1485 2508 aliarumque
1512 2465 1687 2507 gratiarum
1712 2466 1926 2499 revocationi-

1191 2519 1261 2558 bus,
1287 2517 1566 2561 suspensionibus,
1586 2518 1843 2559 limitationilms,
1861 2530 1926 2552 mo-

1192 2570 1443 2611 dificationibus,
1471 2571 1745 2605 declarationibus
1771 2573 1925 2615 apostoli-

1191 2623 1243 2664 cis,
1270 2633 1305 2655 ac
1329 2623 1431 2656 dictae
1456 2623 1604 2657 Gamerae
1629 2626 1678 2658 vel
1703 2624 1774 2658 aliis
1798 2629 1924 2660 contra-

1948 253 1995 280 An.
2014 253 2041 280 C.
2066 254 2137 280 ⁴07⁰.)

1954 499 2079 523 msha,ouu
