2279 3260
98 219 146 246 An.
165 218 193 246 C.
216 218 284 246 1670

116 646 226 665 contraria
236 650 276 665 om-

94 678 130 692 nia
145 674 244 692 rcinuvot.

291 277 411 309 nesqne
449 276 480 299 et
517 267 661 307 singulus
697 266 776 297 iuris
813 271 844 297 et
880 266 952 297 sacti
989 277 1024 297 ac

290 319 530 351 solemnitatum
556 319 743 350 emissarum
776 323 807 350 ct
833 318 1024 350 omittenda-

288 382 366 411 rum,
394 382 521 403 necnon
547 371 786 411 substantiales,
806 371 951 413 aliosque
970 372 1024 402 ‹le-

288 424 389 455 sectus
407 434 641 466 quoscumque,
659 424 683 455 si
710 423 763 466 qui
790 423 1025 456 intervenerint

288 474 320 506 in
346 475 479 515 eisdem,
499 475 625 508 etiamsi
645 477 722 507 tales
748 476 812 507 sint
831 477 879 507 vel
907 475 1025 507 ruerint

289 526 373 568 quod
398 527 548 569 specialis
566 533 597 560 et
621 528 769 570 specifica
787 528 825 559 de
842 528 921 571 ipsis
938 538 1025 560 men—

289 579 331 611 tio
359 580 505 613 habenda
530 585 625 620 esset,
646 582 846 623 supplemus.

331 633 346 675 ἓ
368 632 415 665 10.
442 632 513 665 Non
545 633 752 665 obstantibus
778 633 971 676 praemissis,
990 643 1025 665 ac

288 684 513 717 Lateranensis
526 685 657 717 concilii
678 685 854 718 novissime
869 685 1024 718 celebrati

288 737 327 769 de
353 742 440 769 certo
465 737 664 769 notariorum
679 748 822 777 numero,
844 737 967 769 etiamsi
985 738 1023 770 ad

287 790 378 823 illum
403 791 548 823 nondum
573 791 747 823 deventum
770 790 877 830 suerit,
896 790 945 822 cui
967 800 1025 833 per

288 843 350 875 hoc
376 843 454 875 alias
480 843 672 885 derogatum
709 853 775 874 non
808 842 1023 881 intendimus,

287 906 323 928 ac
347 895 386 928 de
412 906 574 928 consensu
595 895 790 937 praestando
807 895 840 926 in
860 895 1025 937 pensioni-

287 948 356 987 bus,
374 952 406 980 et
429 947 595 990 quibusvis
621 947 690 979 aliis
713 947 808 979 etiam
834 957 893 989 per
917 957 976 979 nos
994 951 1026 979 et

287 1000 403 1033 Sedem
427 999 626 1042 praedictam
658 999 907 1042 quomodolibet
930 999 1024 1032 editis

288 1057 319 1085 et
332 1052 363 1084 in
382 1057 551 1095 posterum
567 1052 703 1084 edendis
726 1051 938 1084 cancellariae
953 1062 1025 1095 apo-

287 1105 419 1137 stolicae
444 1104 566 1147 regulis
593 1109 625 1136 et
649 1104 721 1136 stilo
744 1104 776 1136 in
795 1104 952 1136 similibus
975 1104 1025 1136 ha-

288 1162 398 1190 ctenus
424 1163 563 1197 servato,
591 1168 627 1189 ac
653 1156 723 1199 piae
749 1157 926 1189 memoriae
955 1156 1026 1189 Ale-

288 1210 400 1242 xandri
433 1210 537 1253 Papae
557 1210 614 1250 Vl,
643 1209 738 1242 etiam
764 1209 1025 1252 praedecessoris

288 1263 410 1303 nostri,
438 1262 563 1295 tertiam
588 1267 712 1305 partem
736 1262 897 1295 bonorum
923 1263 1026 1295 cccle-

288 1316 489 1348 siasticorum
515 1326 661 1348 camerae
696 1315 880 1358 praedictae
913 1315 1026 1347 deberi

287 1369 374 1401 inter
398 1368 460 1401 alia
485 1368 698 1410 disponente,
726 1378 854 1400 necnon
879 1368 1024 1400 eiusdem

288 1421 445 1454 Bonisacii
469 1421 574 1464 Papae
591 1420 655 1452 &⁷111
681 1421 777 1453 etiam
803 1421 1026 1463 praedecesso-

288 1474 332 1507 ris
358 1474 481 1514 nostri,
517 1484 576 1517 per
607 1484 701 1515 quam
731 1473 960 1506 concessiones
987 1474 1025 1506 de

289 1527 445 1560 fructibus
470 1527 501 1559 in
524 1526 668 1559 absentia
700 1526 923 1569 percipiendis
956 1527 1025 1559 sine

289 1579 515 1623 praefinitione
540 1579 696 1621 temporis
709 1578 779 1611 sieri
793 1579 1025 1621 prohibentur,

290 1644 326 1665 ac
351 1632 537 1674 quorumvis
555 1631 690 1664 aliorum
711 1631 929 1663 Romanorum
949 1631 1027 1663 Pon-

292 1684 413 1717 tificum
439 1684 729 1727 praedecessorum
754 1688 961 1724 nostrorum,
998 1683 1050 1716 et*

291 1737 454 1780 quibusvis
472 1736 543 1768 aliis
562 1735 762 1778 apostolicis,
782 1746 816 1767 ac
834 1735 882 1768 in¹
901 1736 1029 1769 univer·
1049 1744 1050 1780 ζ

290 1790 411 1822 salibus
437 1788 582 1821 conciliis
616 1788 729 1828 editis,
760 1789 955 1831 specialibus
980 1791 1027 1822 vel

291 1842 511 1884 generalibus,
534 1841 821 1874 constitutionilms
846 1847 877 1874 et
901 1841 1029 1874 ordina-
1048 1837 1050 1845 ’

292 1895 457 1935 tionibus,
485 1904 612 1926 necnon
645 1894 769 1936 legibus
794 1894 1028 1937 imperialibus,

292 1955 323 1981 et
351 1948 421 1981 aliis
445 1948 541 1980 etiam
572 1947 822 1990 municipalibus
848 1952 911 1980 tam
939 1948 1029 1981 Urbis

293 2012 388 2045 quam
418 2001 603 2044 quarunivis
640 2000 777 2033 aliarum
812 2000 975 2033 civitatum
1000 2007 1031 2034 et

292 2057 437 2089 locorum
458 2055 490 2086 in
507 2054 624 2097 quibus
642 2054 726 2086 cives
744 2054 911 2096 originarii
929 2055 1029 2087 creati

295 2160 466 2199 teriorum‚
491 2159 649 2192 Ordinum
674 2164 705 2191 et
738 2160 909 2202 hospitalis
939 2171 1031 2203 prae-

294 2214 382 2254 dica,
409 2224 536 2246 necnon
562 2212 751 2256 quorumvis
770 2214 982 2255 collegiorum
1000 2219 1032 2246 et

295 2266 475 2299 officiorum
502 2266 606 2298 dictae
632 2265 748 2305 curiae,
774 2276 811 2298 ae
835 2276 1031 2309 regnorum,

295 2320 535 2362 provinciarum
560 2325 592 2352 et
616 2319 710 2351 Urbis
736 2330 771 2352 ac
796 2319 931 2352 aliarum
963 2320 1032 2353 civi-

298 2379 397 2405 tatum
421 2377 453 2406 et
476 2374 634 2413 locorum,
660 2383 696 2405 ac
716 2372 900 2415 praedictae
926 2384 1032 2406 came-

295 2436 359 2465 rae,
375 2425 471 2458 etiam
489 2426 678 2466 iuramento,
698 2425 940 2458 confirmatione
959 2437 1034 2469 apo-

296 2479 417 2518 stolica,
432 2480 480 2511 vel
500 2479 608 2522 quavis
625 2478 776 2511 firmitate
809 2480 871 2512 alia
903 2480 1034 2513 robora-

297 2532 350 2571 tis,
378 2531 504 2564 statutis
528 2536 560 2564 et
583 2533 882 2573 consuetudinibus,
911 2533 1033 2565 stabili-

333 2595 344 2620 1
368 2593 464 2628 l'raep.
484 2594 516 2621 in
536 2600 585 2619 nos
604 2592 728 2619 addimus
747 2598 784 2627 (a.
806 2596 855 2628 T.).

383 2647 461 2675 Ball.
486 2648 565 2674 Rom.
582 2661 615 2666 —
635 2647 691 2673 Vol.
713 2647 814 2674 xrlll.
937 2658 942 2666 ¹
962 2650 994 2675 16

912 218 1053 242 crem-:NS
1077 220 1093 242 X
1119 220 1165 242 ΙΨ.

1706 211 1761 242 ’121

1068 266 1195 306 inentis,
1223 267 1331 298 usibus
1357 272 1388 297 vt
1414 268 1545 304 naturis,
1572 268 1695 299 etiamsi
1717 269 1753 298 dc
1773 267 1805 299 il-

1068 318 1106 349 lis
1132 318 1295 350 servandis
1320 324 1351 351 ct
1375 330 1436 350 non
1463 319 1672 361 impetrandi>⁴
1693 319 1805 350 litteris

1068 370 1253 412 apostolicis
1278 376 1389 402 contra
1415 382 1451 402 ca
1475 382 1533 403 nec
1561 371 1656 402 ctiam
1686 372 1724 402 ab
1743 371 1804 403 alio

1068 423 1118 454 vel
1155 422 1226 455 aliis
1257 423 1436 466 impetratis
1472 428 1527 455 aut
1558 423 1635 455 alias
1672 434 1805 465 quomo-

1070 475 1193 508 dolibet
1208 475 1373 508 concessis
1396 476 1517 508 utendo
1535 475 1596 518 ipsi
1622 475 1803 517 cappellani

1069 538 1128 570 pcr
1151 538 1184 560 sc
1209 529 1257 561 vel
1279 539 1391 560 corum
1412 533 1638 571 procuratores
1670 527 1806 569 praesti-

1070 571 1165 612 teiint
1189 581 1296 613 l'orsan
1323 581 1478 613 hactenns
1508 581 1555 612 vcl
1590 579 1805 622 imposterum

1070 643 1125 665 eos
1157 639 1323 675 praestare
1357 633 1530 675 contigerit
1564 632 1805 671 iuramentum,

1069 686 1248 728 privilegiis
1279 697 1432 729 quoque,
1459 685 1593 718 indultis
1621 690 1648 715 et
1688 684 1805 717 litteris

1068 738 1280 780 apostolicis,
1315 738 1405 771 dictis
1441 738 1610 777 ecclesiis,
1646 743 1808 769 monaste-

1068 791 1136 829 riis,
1164 790 1336 827 Ordinibus
1367 796 1398 823 et
1428 790 1583 832 hospitali
1617 790 1647 821 S.
1680 789 1807 821 loannis

1068 842 1361 885 lIierosolymitani,
1380 843 1578 885 illorumque
1593 841 1806 884 praesulibus,

1069 906 1125 927 seu
1149 894 1467 927 administratoribus
1494 899 1525 926 et
1552 894 1777 936 superioribus
1797 920 1806 933 ,

1069 958 1105 980 ac
1128 947 1296 989 magistris,
1324 946 1603 990 praeceptoribus,
1630 946 1808 989 prioribus,

1069 1000 1248 1039 militibus,
1274 1000 1370 1032 etiam
1406 999 1562 1038 antianis,
1590 998 1739 1041 capitulis
1777 1003 1809 1030 et

1069 1053 1295 1091 conventibus,
1315 1051 1496 1084 civitatibus
1517 1056 1548 1083 et
1564 1051 1651 1090 locis,
1670 1051 1807 1093 aliisque

1068 1106 1217 1149 personis
1233 1132 1241 1145 ,
1269 1105 1363 1137 etiam
1388 1103 1654 1147 particularibus,
1681 1114 1808 1135 necnon

1069 1158 1345 1201 archiepiscopis,
1374 1156 1538 1199 episcopis
1564 1162 1595 1188 et
1619 1156 1689 1188 aliis
1723 1157 1809 1188 loco-

1068 1222 1139 1243 rum
1164 1210 1352 1250 Ordinariis,
1378 1210 1474 1242 etiam
1494 1209 1640 1246 eiusdem
1660 1208 1691 1241 S.
1713 1209 1749 1241 R.
1772 1209 1805 1240 E.

1069 1264 1298 1302 cardinalibus,
1320 1274 1355 1295 ac
1378 1262 1482 1295 dictae
1500 1272 1645 1294 camerac
1664 1260 1809 1293 officiali—

1069 1318 1148 1358 bus,
1174 1316 1371 1358 illorumque
1397 1314 1566 1356 collegiis,
1593 1314 1652 1345 sub
1679 1313 1810 1356 quibus-

1070 1380 1208 1412 cumque
1235 1368 1401 1401 tenoribus
1434 1373 1466 1400 et
1497 1366 1606 1399 formis
1625 1393 1632 1406 ‚
1671 1378 1706 1398 ac
1736 1377 1810 1397 cum

1070 1423 1236 1467 quibusvis
1262 1421 1357 1454 etiam
1377 1420 1657 1463 derogatoriarum
1676 1420 1811 1461 deroga-

1070 1477 1137 1515 riis,
1167 1475 1303 1517 aliisque
1336 1473 1571 1506 efficacioribus
1608 1477 1640 1504 et
1671 1471 1810 1504 insolitis

1070 1529 1235 1568 clausulis,
1261 1527 1526 1569 irritantilmsque
1552 1531 1583 1558 et
1601 1526 1671 1558 aliis
1698 1526 1811 1557 decre-

1071 1583 1120 1623 tis,
1140 1592 1197 1624 per
1213 1591 1436 1623 quoscumque
1458 1580 1617 1612 Romanos
1640 1578 1810 1611 Pontifices

1071 1634 1344 1677 praedecessores
1378 1637 1529 1671 nostros,
1557 1642 1592 1663 ac
1618 1641 1676 1663 nos
1702 1635 1733 1663 et
1757 1630 1811 1662 Sc-

1072 1688 1143 1719 dcm
1168 1685 1381 1728 praedictam,
1410 1684 1505 1716 etiam
1531 1683 1809 1722 consistorialiter,

1072 1746 1104 1773 et
1122 1740 1160 1772 de
1179 1739 1323 1771 ciusdem
1340 1738 1371 1769 S.
1395 1737 1432 1769 R.
1453 1737 1487 1769 E.
1508 1736 1716 1769 cardinalium
1735 1747 1812 1769 con-

1072 1793 1166 1832 silio,
1192 1802 1227 1824 ac
1252 1801 1312 1834 per
1337 1790 1469 1822 modum
1500 1790 1609 1822 statuti
1638 1795 1669 1821 et
1694 1789 1813 1821 consti-

1073 1845 1206 1878 tuticnis
1230 1848 1473 1886 perpetuorum,
1492 1854 1527 1875 ac
1553 1847 1641 1874 motu
1659 1846 1691 1874 et
1710 1841 1813 1873 scicn-

1074 1898 1115 1930 tia
1140 1897 1278 1940 paribus,
1299 1896 1405 1938 deque
1426 1894 1621 1938 apostolicae
1640 1894 1812 1937 potestatis

1074 1950 1287 1994 plenitudine,
1313 1959 1348 1980 ac
1372 1948 1411 1980 ad
1436 1947 1654 1990 imperatoris,
1681 1957 1812 1989 regum,

1074 2004 1281 2046 reginarum,
1307 2002 1423 2034 ducum
1456 2006 1488 2034 et
1518 2000 1745 2033 marchionum
1779 2010 1815 2032 ac

1051 2082 1053 2099 3
1074 2059 1209 2090 alioruin
1234 2055 1419 2099 principum
1442 2054 1643 2091 instantiam,
1670 2064 1727 2086 seu
1744 2054 1815 2086 illo-

293 2114 375 2149 sunt,
394 2118 430 2141 ac
448 2106 629 2150 quarumvis
650 2107 876 2147 ecclesiarum,
900 2118 1031 2141 monas·
1051 2102 1053 2122 ³

1075 2122 1145 2143 rum
1169 2108 1490 2151 contemplationem,
1509 2108 1542 2140 in
1563 2118 1684 2150 genere
1704 2109 1755 2140 vel
1781 2107 1814 2139 in

1074 2163 1203 2206 specie,
1225 2167 1278 2194 aut
1305 2161 1384 2193 alias
1417 2161 1689 2203 quomodolibet,
1718 2160 1815 2193 etiam

1075 2216 1199 2249 iteratis
1224 2215 1354 2253 vicibus,
1373 2213 1548 2254 concessis,
1570 2213 1768 2246 confirmatis
1784 2219 1816 2246 et

1075 2269 1255 2309 innovatis,
1282 2274 1314 2301 et
1337 2268 1370 2300 in
1395 2272 1561 2311 posterum
1586 2266 1813 2307 concedendis,

1076 2322 1305 2355 confirmandis
1331 2327 1362 2354 et
1394 2320 1603 2353 innovandis:
1629 2319 1756 2352 etiamsi
1782 2320 1815 2351 in

1076 2376 1115 2408 iis
1135 2386 1171 2407 ac
1196 2374 1322 2407 statutis
1341 2379 1373 2406 et
1393 2372 1620 2406 stabilimentis
1638 2372 1814 2415 praedictis

1076 2433 1225 2461 caveatur
1250 2437 1406 2470 expresse
1438 2427 1489 2458 vel
1523 2425 1618 2458 tacite
1644 2425 1731 2468 quod
1759 2425 1816 2457 Ur-

1076 2481 1124 2514 bis
1149 2479 1280 2513 nonnisi
1305 2478 1487 2522 originariis
1509 2478 1632 2510 civibus
1653 2478 1814 2518 Romanis,

1076 2544 1113 2566 ac
1136 2532 1254 2565 civium
1272 2532 1462 2565 eorumdem
1479 2531 1563 2570 filiis,
1584 2531 1719 2563 aliarum
1738 2541 1814 2563 vero

1076 2585 1218 2631 partium
1241 2584 1402 2618 beneficia
1426 2583 1488 2616 nisi
1513 2594 1572 2627 per
1593 2593 1749 2626 personas
1778 2583 1816 2616 il-

1815 220 1861 243 Aa.
1876 219 1905 244 (J-

1932 216 1975 242 107
1984 222 1999 241 t,
