2279 3260
474 244 539 277 53:³4

433 301 516 333 inter
547 302 655 335 omnia
680 303 783 336 dictae
809 303 1075 346 congregationis
1099 315 1168 336 mo-

432 353 574 387 nasteria
599 354 629 386 in
656 355 740 388 dicta
762 356 907 399 proxime
929 355 1103 399 praeterita
1124 355 1168 388 sa-

431 411 512 439 etam
530 412 565 439 ut
581 408 769 451 praefertur,
788 409 871 441 dicta
895 409 1099 447 auctoritate,
1117 419 1169 441 ea-

429 460 574 509 rumdem
601 464 713 493 tenore
738 460 973 503 praesentium,
999 459 1170 492 conflrma-

244 252 292 278 An.
309 251 338 279 C.
362 253 429 280 ¹672

431 523 501 544 mus
527 517 559 544 et
583 513 820 555 approbamus,
847 523 881 544 ac
912 512 1190 554 unumquodque*

431 575 466 596 ex
501 565 592 597 dictis
626 566 831 598 monasteriis
863 576 952 598 suam
986 565 1168 609 portionem

432 617 577 649 eiusdem
593 622 681 649 taxae
696 618 781 649 iuxta
800 617 1044 660 repartitionem
1061 617 1169 650 huius-

433 669 519 701 modi
543 669 646 701 eidem
673 680 786 712 capsae
812 670 961 712 publicae
988 670 1080 702 annis
1105 670 1169 702 sin-

435 722 517 761 gulis
540 722 671 754 realiter
696 727 728 754 ct
744 732 813 753 cum
833 721 946 754 effectu
966 723 1092 755 solvere
1119 722 1170 754 de-

435 773 510 805 here
537 774 739 806 decernimus
765 779 796 807 ct
820 775 1024 807 ordinamus:

317 837 423 863 rrampa
479 837 507 858 v.
536 826 709 859 Praeterea
733 832 767 858 ut
791 827 878 859 Pauli
904 827 1030 860 litterae
1049 832 1077 859 et
1098 827 1170 860 Ale-

240 865 320 910 {11:31¹ss
336 865 423 910 1›ss¹.¹.i.¹³G
434 879 546 911 xandri
565 880 854 922 praedecessorum
869 881 1089 923 praefatorum
1108 881 1170 913 chi-

239 917 634 975 {and'lissfffstirogi—aptium
660 933 844 975 supradicta
874 933 1053 966 executioni
1080 944 1170 966 man-

239 968 390 1016 {ftisssslwffl
402 975 420 989 ’ῃ
433 984 558 1024 dentur,
577 985 728 1017 omnibus
746 990 778 1018 et
794 985 928 1028 singulis
946 986 1169 1029 superioribus

431 1038 701 1070 monasteriorum
739 1038 980 1081 provinciarum
1025 1039 1171 1072 Mediola-

432 1090 544 1123 nensis
581 1096 612 1123 et
643 1091 872 1132 Pedemontis,
902 1102 957 1124 seu
990 1092 1172 1125 Ducalinae

433 1148 649 1186 nuncupatae,
677 1144 919 1187 praefatarum,
947 1145 1060 1176 harum
1089 1145 1169 1177 serie
1192 1176 1193 1188 ,

433 1197 649 1240 praecipimus
675 1203 706 1230 et
730 1198 928 1239 mandamus,
946 1204 980 1230 ut
1004 1198 1088 1231 bona
1113 1205 1172 1230 sta-

434 1249 511 1281 bilia
545 1250 584 1282 ad
622 1260 734 1283 eorum
766 1251 963 1283 monasteria
994 1252 1171 1294 respective

434 1302 612 1344 spectantia
629 1303 779 1343 vendant,
797 1304 950 1346 pecunias
968 1304 1109 1345 desuper
1133 1303 1170 1335 ad

433 1365 564 1388 censum
583 1356 723 1398 capiant,
739 1356 865 1398 aliaque
884 1356 1000 1396 onmia,
1015 1367 1096 1399 quae
1115 1367 1172 1399 per

433 1408 556 1441 litteras
577 1414 607 1440 et
632 1408 885 1451 chirographum
912 1409 1099 1442 huiusmodi
1126 1420 1172 1442 or-

433 1460 598 1500 dinantur,
624 1461 802 1504 respective
836 1461 953 1494 saciant
984 1468 1016 1494 et
1039 1462 1171 1495 omnino

432 1520 653 1556 exequantur,
691 1525 762 1546 eum
789 1515 1039 1557 participatione
1064 1521 1170 1548 tamen

432 1566 555 1598 abbatis
580 1567 740 1609 generalis
774 1573 804 1599 et
833 1578 991 1600 consensu
1018 1567 1091 1600 dicti
1118 1567 1172 1601 Ca-

431 1619 490 1651 roli
512 1619 683 1652 cardinalis
712 1624 741 1651 et
761 1620 965 1662 protectoris,
987 1621 1024 1653 ad
1052 1621 1114 1653 hoc
1138 1626 1171 1652 ut

1009 257 1188 281 nULLAIuUM
1213 256 1363 282 ROMANUM

1950 259 2004 285 An.
2021 259 2050 285 C.
2074 258 2140 285 167⁶}

1255 315 1298 338 vi.
1325 305 1495 347 Ceterum,
1525 307 1550 340 si
1583 318 1624 340 ne
1650 308 1713 341 hoc
1739 307 1869 351 quidem
1894 317 1945 340 re·
1983 319 2004 339 tu
2023 318 2139 339 suns-amm

1210 357 1350 390 medium
1369 359 1515 400 sufficiat,
1533 360 1608 403 quia
1629 360 1738 393 forsan
1759 370 1822 393 non
1841 344 2139 400 adsiritssiiini‘ffiiif'”ia“n”3

1211 413 1259 441 tot
1282 410 1367 442 bona
1393 422 1474 454 quae
1499 412 1634 444 distrahi
1660 413 1811 455 possint,
1838 416 1892 444 aut
1915 399 2142 444 idfflssssffssffilss’ssf-'S

1211 461 1279 494 sieri
1304 473 1369 495 non
1395 463 1552 507 expediat,
1569 475 1607 497 co
1633 475 1705 497 casu
1730 464 1893 498 licentiam
1919 450 2143 497 et}l.'r‘i.”1{‚'.⁰'¹“¹'⁴⁴‘

1212 514 1397 548 facultatem
1428 515 1597 549 tribuimus
1630 518 1792 550 vendendi
1819 522 1851 550 et
1874 517 1950 550 alie-

1211 567 1308 599 nandi
1340 568 1401 600 duo
1434 579 1469 601 ex
1500 569 1705 602 monasteriis
1735 570 1951 612 praefatarum

1212 625 1244 652 et
1261 619 1395 652 aliarum
1414 620 1517 653 dictae
1536 620 1802 664 Congregationis
1821 622 1952 665 provin-

1212 672 1332 704 ciarum
1359 683 1433 705 aere
1459 673 1566 706 alieno
1592 684 1833 716 oppressarum,
1860 675 1885 707 si
1910 675 1953 708 ita

1212 735 1271 767 pro
1290 725 1428 758 utilitate
1446 725 1548 768 ipsius
1571 725 1838 768 Congregationis
1859 738 1955 770 expe-

1213 778 1282 810 dire
1310 778 1430 810 eisdem
1456 777 1570 811 Carolo
1596 779 1750 811 cardinali
1785 784 1817 811 et
1849 785 1955 822 prote-

1190 852 1192 860 1
1213 829 1345 861 ctoriae
1371 830 1476 861 abbati
1504 830 1658 872 generali,
1685 834 1809 863 matura
1835 831 1955 864 delibe-

1213 882 1340 915 ratione
1366 882 1512 925 praevia,
1540 883 1641 915 visum
1669 882 1785 923 suerit·,
1811 883 1954 926 pretium

1213 940 1321 967 autem
1348 934 1423 967 inde
1449 941 1685 978 proventurum
1711 936 1837 978 erogari
1863 937 1954 969 volu-

1213 998 1283 1020 mus
1301 987 1333 1020 in
1352 988 1581 1020 extinctionem
1605 988 1712 1031 primo
1737 989 1807 1021 loco
1832 989 1954 1022 debito-

1213 1051 1282 1073 rum
1300 1040 1500 1081 monasterii,
1520 1047 1552 1073 et
1570 1041 1749 1074 successive
1768 1042 1952 1085 provinciae

1214 1093 1246 1125 in
1271 1104 1333 1136 qua
1360 1093 1513 1125 alienatio
1538 1093 1620 1125 sacta
1644 1094 1754 1126 suerit:

1257 1156 1312 1179 vn.
1339 1146 1439 1178 Porro
1470 1146 1602 1179 abbates
1635 1147 1752 1179 locales
1784 1147 1817 1179 in
1842 1147 1952 1179 termi-
1989 1157 2147 1179 Antiatesttma-

1963 1185 1994 1205 les
2017 1186 2071 1204 intra
2094 1188 2148 1209 qua-

1214 1209 1255 1230 no
1281 1198 1486 1241 quadriennii
1510 1199 1655 1241 proxime
1681 1199 1806 1231 venturi
1836 1210 2147 1257 procu-arignissent&1«1³1¹3

1963 1244 1986 1257 Pe

1214 1257 1353 1284 ratorem
1381 1253 1565 1294 generalem
1599 1252 1701 1284 dictae
1723 1251 1952 1294 Congregatio-
1964 1264 2033 1309 3¹0⁰ssss
2060 1261 2146 1308 0:1⁶1?ss

1214 1304 1262 1336 nis
1299 1314 1334 1336 ac
1357 1305 1535 1347 praet'attnn
1569 1305 1718 1337 Carolum
1755 1305 1951 1337 cardinalem
1964 1316 2041 1342 plesse.

1192 1396 1193 1400 Ἰ
1215 1363 1243 1389 ct
1264 1362 1483 1399 protectorem
1503 1357 1658 1390 certiores
1684 1357 1819 1389 reddere
1847 1363 1878 1390 et
1894 1368 1954 1400 per

432 1672 601 1714 proprium
625 1672 876 1715 uniuscuiusque
902 1673 1091 1706 monasterii
1118 1674 1171 1706 de-
1192 1710 1193 1714 Ἰ

431 1724 534 1756 bitum
559 1723 700 1766 extingui
727 1725 837 1767 possit,
866 1730 960 1768 atque
979 1725 1022 1757 ita
1040 1724 1169 1769 eadem'

430 1777 555 1809 litterae
574 1782 606 1809 et
622 1777 891 1820 chirographum,
912 1778 948 1809 ea
967 1778 1067 1810 forma
1090 1789 1170 1821 quae
1192 1777 1193 1808 ζ

431 1829 647 1872 opportunior
675 1829 781 1869 suerit,
806 1830 990 1863 executioni
1022 1832 1193 1864 mandata:

432 1887 629 1923 remaneant,
648 1882 690 1914 ita
706 1887 741 1914 ut
763 1883 876 1915 saltem
903 1894 1013 1916 omnes
1038 1884 1172 1916 5010110-
1192 1900 1193 1903 ¹

432 1946 501 1975 nes,
529 1946 607 1979 quas
633 1945 746 1978 capsae
772 1935 921 1978 publicae
946 1936 979 1968 in
1008 1937 1072 1970 suis
1097 1948 1193 1980 pro-i

431 1987 544 2020 vinciis
570 1988 698 2027 faciunt,
725 1997 781 2019 seu
808 1988 914 2021 facere
940 1989 1069 2029 debent,
1096 1989 1170 2022 inde

433 2040 659 2080 retrahantur;
678 2050 713 2072 ac
731 2040 862 2072 eosdem
881 2041 1070 2084 superiores
1089 2042 1171 2075 obli-

433 2099 523 2135 gatos
550 2103 618 2125 esse
644 2093 789 2124 volumus
820 2093 859 2125 ad
876 2093 1107 2127 remittendum
1132 2097 1170 2128 ad

433 2146 577 2178 camdem
602 2155 727 2188 capsam
748 2145 912 2187 publicam
932 2151 1052 2178 tantam
1074 2158 1170 2190 pecu-
1191 2163 1192 2171 ¹

432 2199 503 2231 niae
521 2197 741 2241 quantitatem,
758 2208 848 2240 quae,
868 2198 906 2230 :nd
924 2198 1081 2231 rationem
1100 2210 1170 2242 qua-

433 2256 504 2283 tuor
528 2250 692 2283 annuatim
717 2261 776 2293 pro
802 2250 950 2293 quolibet
970 2253 1168 2293 centenario,

432 2303 565 2336 sufficiat
593 2304 631 2336 ad
657 2303 887 2336 extinctionem
921 2314 1043 2337 annuae
1081 2316 1170 2348 prae-

432 2357 580 2389 stationis
607 2356 739 2389 cuilibet
773 2357 969 2389 monasterio
1016 2358 1112 2390 etiam
1135 2359 1168 2391 in

431 2411 573 2453 praelata
604 2409 813 2452 repartitionc
856 2410 1056 2452 assignatae,
1083 2413 1168 2444 unde

433 2462 581 2505 capitalia
618 2462 806 2494 srancabilia
836 2467 867 2494 et
900 2463 1028 2495 residua
1061 2464 1166 2497 debita

432 2515 673 2557 extinguantur,
708 2521 803 2558 atque
837 2515 879 2547 ita
911 2526 1006 2558 capsa
1039 2517 1166 2559 publica

433 2568 616 2600 huiusmodi
644 2568 815 2599 liin-retur:

468 2630 477 2655 l
501 2628 569 2655 Edit
590 2629 660 2655 Main
694 2629 755 2665 legit
776 2630 889 2656 caedem
913 2632 947 2665 (u.
964 2637 979 2655 τ
993 2631 1011 2663 >.

1215 1415 1324 1442 notam
1342 1410 1523 1442 distinctam
1542 1411 1677 1444 edocere
1697 1411 1846 1450 debeant,
1866 1411 1950 1452 quod

1215 1468 1403 1505 praesentes
1415 1462 1636 1495 ordinationes
1651 1473 1721 1494 cum
1732 1462 1845 1496 effectu
1857 1463 1953 1495 adim-

1214 1515 1375 1557 pleverint
1407 1525 1465 1558 per
1502 1515 1734 1547 extinctionem
1771 1515 1953 1548 debitorum

1215 1568 1263 1599 vel
1282 1567 1411 1600 illorum
1430 1568 1656 1600 abductionem
1670 1568 1702 1600 in
1717 1579 1806 1600 suam
1826 1568 1954 1611 provin-

1215 1620 1308 1661 ciam,
1328 1620 1372 1653 ita
1388 1626 1423 1653 ut
1446 1621 1628 1663 supradicta
1646 1632 1741 1664 capsa
1759 1621 1889 1664 publica
1904 1632 1954 1654 ro-

1216 1684 1309 1705 mana
1323 1673 1425 1705 libera
1436 1679 1617 1713 remaneat;
1630 1674 1782 1717 alioquin,
1793 1679 1954 1707 transacto

1192 1761 1194 1769 ,
1215 1727 1430 1769 quadriennio
1457 1726 1650 1767 huiusmodi,
1689 1737 1747 1760 nec
1771 1727 1952 1770 adimpletis

1215 1779 1308 1812 dictis
1334 1779 1606 1820 ordinationibus,
1625 1791 1688 1812 non
1713 1780 1817 1823 possit
1840 1780 1873 1812 in
1897 1780 1954 1813 illo

1215 1833 1421 1873 monasterio,
1449 1834 1532 1876 quod
1552 1844 1674 1866 moram
1693 1834 1726 1866 in
1743 1834 1954 1876 adimplendo

1214 1883 1418 1924 commiserit,
1438 1884 1600 1927 acceptari
1622 1884 1792 1927 quisquam
1811 1884 1955 1921 adhabi-

1215 1942 1281 1969 tum
1305 1937 1452 1969 canonici
1469 1937 1627 1979 regularis
1644 1937 1693 1969 vel
1711 1937 1869 1977 conversi,
1892 1948 1953 1970 nec

1214 1990 1356 2023 deveniri
1375 1990 1413 2022 ad
1439 1989 1631 2022 electionem
1651 1990 1775 2022 abbatis
1800 1990 1953 2033 quamdiu

1215 2043 1335 2076 eisdem
1370 2043 1630 2076 ordinationibus
1663 2043 1861 2076 satisfactum
1886 2053 1953 2076 non

1214 2096 1333 2129 suerit:
1358 2097 1456 2128 abbas
1480 2106 1556 2129 vero
1583 2096 1712 2129 abbatia
1737 2102 1765 2129 et
1792 2097 1952 2139 gubernio

1214 2160 1250 2182 ac
1272 2159 1349 2182 voce
1374 2149 1478 2181 activa
1503 2153 1534 2181 et
1557 2149 1681 2192 passiva
1715 2149 1866 2192 omnique
1891 2150 1952 2183 alia

1213 2201 1434 2244 praerogativa
1457 2201 1599 2244 privatus
1624 2207 1801 2242 remaneat,
1828 2207 1860 2235 et
1884 2202 1951 2235 eius

1213 2256 1281 2287 loco
1306 2254 1455 2286 minister
1474 2264 1529 2286 seu
1548 2254 1745 2297 gubernator
1764 2256 1950 2288 monasterii

1212 2307 1352 2349 eligatur
1368 2317 1375 2347 ;
1394 2312 1619 2349 procuratores
1644 2318 1784 2351 quoque,
1812 2308 1865 2352 qui
1889 2319 1950 2352 pro

1212 2370 1322 2392 eorum
1346 2364 1437 2402 parte
1463 2359 1523 2391 sibi
1550 2359 1693 2392 iniuncta
1710 2371 1775 2393 non
1794 2361 1951 2404 adimple-

1211 2412 1323 2452 verint,
1350 2412 1570 2454 parisormiter
1592 2413 1706 2456 privati
1731 2419 1934 2447 remaneant:

1254 2475 1323 2498 v111.
1357 2465 1472 2508 Elapso
1499 2471 1604 2498 autem
1637 2466 1753 2499 codem
1779 2467 1949 2510 quadrien-
1986 2472 2035 2492 ¹²0ss
2063 2471 2141 2493 dictum

1968 2498 2128 2523 quadriennium

1211 2517 1274 2557 nio,
1293 2517 1441 2550 moderni
1461 2529 1514 2550 sen
1533 2529 1590 2561 pro
1609 2524 1756 2562 tempore
1775 2519 2141 2553 existentesabtfflsuwrssti*

1959 2554 1979 2571 et
2001 2551 2140 2571 defluum-uun

1210 2570 1308 2602 abbas
1345 2571 1505 2612 generalis
1532 2577 1563 2603 et
1598 2571 1817 2605 definitorium
1843 2571 2140 2623 diemo{iff'ii'rsnnniiiss

1210 2622 1476 2665 Congrcgationis
1496 2625 1719 2659 ordinationes
1737 2624 1993 2669 sup1·adicta.<,nes
2024 2629 2140 2657 adunetur·
