2279 3260
175 254 224 282 Au.
251 255 281 281 G.
301 255 366 282 1671

368 308 401 336 et
425 303 507 344 sore,
535 312 673 345 suosque
704 301 868 344 plenarios
904 305 935 333 et
959 300 1101 342 integros

368 356 499 389 effectus
523 355 629 388 sortiri
657 360 688 387 et
712 354 870 393 obtinere,
895 364 930 386 ac
956 353 1041 392 illis,
1063 354 1102 385 ad
1123 366 1124 376 ¹

367 420 447 453 quos
465 413 588 453 spectat
601 413 632 440 et
649 418 708 451 pro
726 412 871 449 tempore
885 407 1104 450 quandocum-

368 471 429 505 que
455 460 624 504 spectabit,
639 459 671 492 in
696 458 846 492 omnibus
868 464 899 491 ct
919 468 976 501 per
998 457 1104 490 omnia

370 578 407 599 ve
432 565 663 598 inviolabiliter
679 564 860 603 observari,

204 632 245 652 Nec
257 631 318 651 :iliter
329 631 359 650 iu-

178 657 359 688 dicaxripossodo-
389 672 394 676 .

177 687 251 705 evcnit.

371 728 403 755 et
417 724 590 765 delegatos,
610 722 707 754 etiam
726 732 895 753 causarum
911 721 1020 763 palatii
1035 730 1106 762 apo-

371 775 473 807 stolici
489 775 659 813 auditores,
677 785 711 806 ac
726 774 756 806 S.
777 774 813 806 lt.
833 774 864 806 E.
884 772 1106 811 camerarium,

372 834 403 861 et
428 828 508 860 alios
535 827 716 859 cardinales
742 826 838 859 etiam
865 826 904 858 de
931 826 1030 857 latere
1063 826 1108 857 le-

371 886 468 924 gatos
489 885 520 913 et
541 879 745 922 Apostolicae
764 878 854 910 Sedis
871 877 1013 916 nuncios,
1033 887 1108 909 uec-
1127 875 1128 890 ³

371 944 437 966 non
462 934 612 965 Gamerae
638 937 768 964 nostrae
787 930 992 973 Apostolicac
1018 940 1128 972 prae-=

374 987 516 1019 sidentes
550 985 706 1023 clerico&
742 983 859 1015 aliosve
892 982 1044 1014 officiales
1077 985 1109 1013 et

373 1039 550 1077 ministros,
576 1048 612 1069 ac
632 1035 798 1068 memorati
822 1034 1006 1077 hospitalis,
1033 1033 1108 1065 alia-

373 1101 509 1134 rumque
533 1089 721 1122 militiarum
753 1093 784 1120 et
815 1087 971 1119 Ordinum
996 1085 1108 1118 milita-

374 1144 457 1176 rium
484 1140 668 1175 huiusmodi
695 1151 826 1181 magnos
843 1139 1030 1180 magistros,
1049 1148 1107 1170 seu

374 1196 666 1233 administratores,
696 1198 893 1231 conventus,
921 1192 1055 1225 consilia
1078 1196 1109 1223 et

374 1249 547 1282 tribunalia
565 1256 799 1290 quaecumque,
811 1250 1001 1288 ceterosque
1017 1254 1110 1287 quos·
1129 1249 1131 1255 ⁸

373 1304 453 1337 libet
478 1311 680 1345 quacumque
712 1298 971 1342 praetuninentia
995 1303 1026 1330 et
1052 1308 1110 1340 po-

373 1361 486 1388 testate
513 1354 684 1396 fungentes
710 1357 741 1384 et
772 1351 958 1389 sunctmos,
986 1350 1132 1382 sublatal

374 1409 419 1441 eis
446 1413 477 1440 et
503 1417 616 1439 eorum
642 1405 775 1437 cuilibet
809 1403 930 1447 quavis
946 1404 1039 1436 aliter
1064 1403 1110 1435 iu-

375 1459 503 1493 dicandi
529 1464 561 1491 et
584 1457 819 1500 interpretandi
846 1457 996 1490 facultate
1015 1461 1047 1488 ct
1063 1466 1111 1487 au·
1132 1479 1133 1482 η

376 1512 530 1551 ctoritate,
556 1510 691 1543 iudicari
717 1515 748 1542 et
773 1509 899 1541 deliniri
922 1509 1050 1547 debere,
1077 1517 1111 1539 ac

377 1565 503 1598 irritum
532 1569 563 1596 et
585 1563 680 1595 inane
717 1561 742 1593 si
779 1572 869 1594 secus
897 1572 996 1604 super
1020 1560 1070 1592 his
1096 1570 1112 1591 a

379 1628 564 1661 quoquam,
599 1615 709 1659 quavis
735 1614 949 1654 auctoritate,
974 1613 1113 1646 scienter

380 1671 428 1703 vel
446 1670 644 1712 ignoranter,
660 1667 835 1709 contigerit
859 1666 1023 1699 attentari.

425 1724 440 1767 ἓ
464 1723 492 1756 5.
516 1721 584 1754 Non
610 1721 824 1760 obstantibus,
851 1725 1009 1763 quatenus
1033 1730 1114 1762 opus

381 1777 432 1817 sit,
444 1776 552 1809 nostra
568 1779 599 1806 et
616 1772 828 1806 cancellariae
850 1773 1047 1815 apostolicae
1066 1782 1116 1804 re-

382 1829 457 1871 gula
481 1828 519 1860 de
544 1826 615 1859 iure
642 1825 790 1869 quaesito
817 1835 881 1857 non
908 1825 1060 1864 tollendo,
1080 1835 1116 1856 ac

381 1880 484 1913 felicis
510 1877 746 1912 recordationis
772 1877 816 1909 Pii
840 1878 943 1920 Papae
968 1877 1004 1909 lv
1028 1887 1119 1920 prae-

381 1931 561 1966 decessoris
582 1930 681 1964 nostri
700 1931 737 1962 de
756 1929 865 1972 gratiis
885 1930 1118 1973 qualecumque

382 1987 537 2019 interesse
551 1984 702 2017 Gamerae
721 1984 908 2026 praedictae
923 1993 1120 2015 concernen-

386 2041 468 2072 tibus
503 2038 536 2070 in
568 2038 680 2070 eadem
716 2036 846 2068 camera
878 2036 963 2068 intra
997 2042 1118 2068 certum

387 2099 511 2134 tempus
547 2089 793 2134 praesentandis
826 2094 857 2121 et
888 2088 1118 2131 registrandis,

386 2145 429 2177 ita
452 2148 486 2176 ut
511 2147 696 2186 praesentes
728 2141 850 2173 litteras
882 2141 1002 2173 ibidem
1032 2151 1122 2183 prae-

211 1732 369 1761 Contrariorum

185 1761 306 1785 derogatio.

387 2196 506 2230 sentari
539 2201 570 2228 et
601 2195 767 2237 registrari
798 2205 962 2237 nunquam
988 2193 1145 2226 necesse*

387 2251 436 2289 sit,
456 2249 592 2292 aliisque
613 2247 821 2290 apostolicis,
843 2258 879 2279 ac
903 2247 935 2279 in
960 2247 1125 2279 universa-

387 2302 472 2335 libus
497 2300 814 2344 provincialibusspie
839 2300 985 2332 conciliis
1011 2300 1122 2340 editis,

388 2354 591 2397 generalibus
610 2355 658 2386 vel
673 2353 877 2396 specialibus,
893 2353 1125 2386 constitutioni-

387 2407 447 2439 bus
472 2412 500 2439 et
532 2406 807 2447 ordinationibus,
833 2417 961 2438 necnon
986 2406 1123 2448 legibus,

389 2459 486 2492 etiam
504 2459 725 2501 imperialibus
751 2464 782 2491 et
806 2459 1070 2502 municipalibus,
1091 2470 1126 2491 ac

391 2512 484 2545 Urbis
515 2517 546 2544 et
571 2522 843 2555 quarumcumque
876 2512 1124 2555 provinciarum,

392 2565 564 2603 civitatum,
581 2563 788 2607 oppidorum,
810 2570 969 2597 terrarum
990 2571 1019 2597 et
1039 2566 1128 2597 loco-

392 2628 471 2657 rum,
490 2627 618 2650 necnon
637 2617 712 2649 dicti
731 2617 909 2660 hospitalis,
927 2617 1127 2662 aliarumque

984 253 1125 276 CLEMENS
1147 253 1165 275 X
1191 253 1239 275 Pr.

414 620 429 663 ἓ
452 619 483 651 4.
511 618 624 661 Sicque
650 623 681 650 et
706 628 771 650 non
785 618 879 650 aliter
900 617 930 649 in
952 616 1126 660 praemis-¹

371 682 412 704 sis
437 682 495 714 per
519 681 739 713 quoscumque
772 669 896 702 iudices
926 668 1127 701 ordinarios

1145 299 1328 332 militiarum
1344 303 1374 330 et
1391 297 1544 330 Ordinum
1564 297 1758 337 militarium,
1778 308 1813 329 ac
1831 307 1880 329 ec-

1145 352 1323 391 clesiarum,
1340 350 1618 388 monasteriorum,
1634 350 1798 389 Ordinum,
1810 360 1881 382 con-

1146 404 1368 446 gregationum
1380 409 1411 436 ct
1429 405 1572 436 imorum
1590 403 1717 446 piorum
1731 412 1880 444 quorum-

1124 488 1125 491 ,
1146 457 1201 495 vis,
1212 456 1347 499 aliisquo
1359 456 1566 499 quibuslibet,
1579 455 1674 488 ctiam
1686 455 1880 494 iuramento,

369 513 556 558 plenissime
574 511 796 554 sullragari‚et
821 512 858 543 ab
885 511 930 543 cis
957 510 1126 551 respecti-i

1147 508 1388 541 confirmatione
1399 507 1588 551 apostolica,
1602 508 1649 539 vel
1665 507 1775 550 quavis
1789 505 1883 538 tirmi-

1148 565 1211 593 tate
1240 561 1301 593 alia
1328 560 1504 600 roboratis,
1531 560 1672 600 statutis,
1703 569 1882 602 eorumque

1148 612 1441 652 resorinationibus,
1469 618 1501 645 ct
1526 613 1616 645 novis
1634 611 1853 644 additionibus
1872 638 1879 650 ,

1148 664 1393 706 stabilimentis,
1415 665 1526 697 usibus
1553 670 1584 697 et
1608 664 1747 704 naturis,
1774 674 1810 696 ac
1836 674 1883 695 or-

1149 717 1368 750 dinationibus
1397 717 1635 760 capitularibus,
1665 716 1764 760 stylis,
1788 715 1885 748 etiam

1149 770 1351 812 quantumvis
1370 770 1565 809 inveteratis,
1584 770 1693 802 usibus
1712 774 1886 801 etconsue-

1150 822 1325 861 tudinibus,
1348 822 1444 854 ctiam
1459 821 1775 861 immemorabilibus,
1794 819 1886 863 privi-

1149 874 1242 915 legiis
1256 884 1403 916 quoque,
1431 874 1563 906 indultis
1580 878 1612 906 et
1630 873 1746 906 litteris
1761 877 1887 915 aposto-

1149 926 1218 958 licis
1236 926 1330 958 etiam
1357 926 1448 966 Urbi,
1475 926 1667 969 provinciis,
1693 925 1884 964 civitatibus,

1127 975 1129 1022 J
1150 978 1289 1020 oppidis,
1307 978 1400 1010 terris
1415 984 1445 1010 et
1460 979 1551 1018 locis,
1573 989 1609 1010 ac
1624 978 1784 1021 hospitali,
1804 977 1886 1010 aliis-

1151 1041 1211 1073 que
1235 1030 1357 1063 militiis
1391 1037 1422 1063 et
1446 1031 1635 1071 Ordinibus,
1662 1030 1887 1073 congregatio-

1151 1084 1253 1123 nibus,
1265 1083 1400 1126 aliisquc
1411 1084 1490 1116 locis
1506 1084 1680 1126 quibusvis,
1691 1083 1886 1126 illorumque

1151 1137 1329 1179 respective
1354 1136 1639 1169 communitatibus
1669 1141 1700 1169 et
1731 1135 1888 1168 universi-

1152 1189 1277 1228 tatibus,
1304 1189 1429 1231 magnis
1448 1189 1611 1231 magistris
1636 1194 1667 1221 et
1690 1187 1888 1220 administra-

1152 1242 1286 1282 toribus,
1311 1242 1536 1282 convcntibus‚
1554 1241 1702 1284 capitulis
1725 1241 1820 1274 etiam
1840 1252 1889 1284 ge-

1152 1295 1326 1334 neralibus,
1344 1294 1506 1333 fratribus,
1526 1294 1688 1333 militibus,
1715 1293 1887 1337 equitibus,

1152 1347 1316 1380 nobilibus
1349 1352 1381 1379 et
1412 1347 1482 1379 aliis
1507 1347 1656 1390 personis
1683 1346 1889 1389 quibuslibet,

1153 1400 1211 1432 sub
1237 1399 1493 1442 quibuscumque
1525 1400 1697 1431 verborum
1727 1399 1890 1431 tenoribus

1155 1457 1187 1485 et
1211 1452 1331 1491 formis,
1350 1462 1385 1483 ac
1406 1462 1478 1483 cum
1497 1450 1660 1494 quibusvis
1679 1451 1774 1483 etiam
1801 1451 1892 1483 dero-

1132 1509 1134 1545 ξ
1155 1505 1352 1547 gatoriarum
1378 1504 1600 1546 derogatoriis,
1625 1504 1758 1547 aliisque
1786 1503 1893 1536 et‘tica-

1155 1558 1310 1597 cioribus,
1337 1556 1568 1589 efficacissimis
1594 1562 1625 1589 et
1650 1557 1787 1589 insolitis
1814 1558 1893 1588 clau-

1157 1611 1255 1650 sulis,
1288 1610 1553 1653 irritantibusque
1581 1615 1613 1642 et
1647 1610 1718 1642 aliis
1740 1609 1892 1649 decretis,

1158 1664 1251 1696 etiam
1276 1669 1389 1703 motu,
1416 1663 1551 1695 scientia
1576 1668 1607 1695 et
1633 1663 1802 1705 potestatis
1828 1664 1897 1705 ple-

1158 1716 1303 1748 nitudine
1329 1716 1478 1759 paribus,
1504 1726 1539 1748 ac
1571 1715 1897 1756 consistorialiter,et.

1160 1769 1237 1802 alias
1265 1769 1508 1812 quomodolibet
1533 1768 1564 1800 in
1589 1768 1786 1801 contrarium
1806 1779 1898 1811 prae-

1159 1822 1331 1854 missorum
1358 1821 1527 1860 concessis,
1555 1820 1752 1854 confirmatis
1781 1826 1813 1853 et
1843 1832 1897 1863 ap-

1162 1875 1306 1918 probatis
1324 1902 1331 1915 ,
1358 1885 1393 1907 ac
1418 1875 1539 1918 pluries
1570 1880 1602 1907 et
1628 1874 1898 1917 quantiscumque

1163 1927 1285 1960 vicibus
1318 1928 1504 1967 innovatis;
1542 1927 1658 1970 quibus
1694 1927 1842 1959 omnibus
1867 1931 1899 1959 et

1163 1979 1310 2022 singulis,
1339 1980 1461 2012 etiamsi
1488 1990 1545 2022 pro
1571 1980 1699 2011 illorum
1726 1979 1898 2011 sufficienti

1164 2033 1373 2075 derogatione
1400 2033 1439 2065 de
1471 2032 1534 2065 illis
1560 2042 1737 2075 eorumque
1763 2032 1836 2065 totis
1859 2038 1898 2065 te-

1165 2085 1298 2118 noribus
1323 2085 1482 2128 specialis,
1504 2085 1663 2128 spccitica,
1691 2095 1844 2128 expressa
1868 2090 1900 2117 et

1165 2138 1342 2178 individua,
1370 2149 1406 2170 ac
1435 2138 1473 2170 de
1503 2138 1601 2170 verbo
1620 2138 1659 2170 ad
1676 2138 1817 2176 verbum,
1835 2148 1901 2170 non

1166 2196 1272 2224 autem
1293 2202 1350 2234 per
1366 2192 1527 2224 clausulas
1549 2191 1717 2233 generales
1741 2190 1827 2223 idem
1843 2190 1902 2223 im—

1167 2249 1343 2288 ponantes,
1371 2244 1491 2276 mentio
1529 2254 1587 2275 seu
1613 2243 1741 2286 quaevis
1765 2243 1827 2276 alia
1852 2254 1903 2275 ex-

1167 2298 1291 2340 pressio
1318 2297 1467 2329 habenda
1498 2301 1552 2329 aut
1579 2297 1686 2339 aliqua
1710 2296 1771 2329 alia
1796 2296 1904 2339 exqui-

1168 2351 1227 2383 sita
1245 2351 1344 2383 forma
1358 2351 1397 2383 ad
1416 2351 1478 2382 lioc
1495 2350 1649 2382 servanda
1669 2350 1755 2389 soret,
1774 2349 1903 2382 illorum

1169 2405 1314 2436 onmium*
1337 2410 1368 2436 et
1392 2404 1593 2446 singulorum
1615 2409 1754 2442 tenores,
1775 2403 1903 2441 formas,

1169 2469 1281 2491 causas
1315 2463 1347 2491 et
1380 2457 1567 2490 occasiones
1593 2456 1819 2500 praesentibus
1843 2466 1903 2499 pro

1171 2513 1266 2555 plene
1296 2516 1326 2543 et
1351 2510 1553 2543 sufficienter
1583 2521 1618 2542 ac
1644 2509 1845 2541 exactissime
1874 2514 1906 2541 et

1171 2563 1409 2597 accuratissime
1434 2562 1606 2606 expressis,
1637 2562 1776 2599 insertis,
1801 2571 1906 2593 serva-

1148 2617 1210 2661 ¹tis
1237 2622 1269 2649 et
1301 2615 1491 2660 specificatis
1521 2614 1697 2658 respective
1729 2614 1903 2655 babentes,

1885 248 1938 273 An.
1957 245 1986 272 C.
2010 245 2072 272 ¹671
