2279 3260
146 257 196 279 An.
217 254 247 280 C.
267 254 333 280 1572
969 256 1111 280 CLEMENS
1133 258 1150 280 Χ
1175 258 1222 281 ΡΡ.

340 313 421 345 quae
447 303 530 336 inter
553 304 715 346 parochos
751 303 886 335 civitatis
917 303 1072 335 Placenti-

339 366 398 388 nae
434 363 465 388 et
497 357 674 389 monachos
711 356 896 389 monasterii
929 356 960 388 S.
995 356 1072 389 Sixti

338 408 604 450 Congregationis
618 409 818 441 Cassinensis
831 408 958 441 Ordinis
970 408 1072 441 sancti

338 461 502 493 Benedicti
517 461 688 494 occasione
708 462 852 493 tuncrum
872 466 964 492 eram
981 471 1074 493 exor-

341 512 418 553 tae⁴,
447 519 543 556 prout
568 513 664 545 etiam
698 514 749 546 die
773 513 863 546 xvn‘3
893 513 1073 545 novembris

340 575 486 605 1100111111,
506 566 544 597 ad
566 565 752 598 instantiam
777 566 997 609 procuratoris
1023 576 1074 608 ge-

341 618 459 650 neralis
485 617 560 650 dicti
592 617 721 651 Ordinis
742 619 874 651 fratrum
899 618 1073 657 Minorurn,

340 669 563 702 declaraverat
586 671 739 713 parochis
754 697 761 710 ‚
792 671 846 713 11111
871 670 1075 702 associabant

339 723 494 755 cadavera
524 724 750 756 defunctorum
786 724 838 767 qui
872 724 902 755 in
930 722 1074 756 ecelesiis

338 775 535 817 regularium
560 777 809 819 sepeliebantur,
829 786 895 808 non
920 776 1018 808 licere
1040 776 1076 807 ea

339 828 511 860 occasione
537 829 663 871 ingredi
689 829 844 862 ecclesias
868 828 1074 871 regularium,

339 881 397 912 sed
422 881 460 913 ad
486 882 595 913 ianuas
625 882 767 925 ipsarum
794 882 1005 914 ecclesiarum
1030 881 1077 914 di-

339 933 467 966 mittere
493 934 612 966 debere
641 934 795 966 cadavera
820 934 1018 973 huiusmodi,
1046 938 1078 965 et

340 987 445 1017 solum
460 996 554 1028 posse
572 986 769 1018 benedicere
786 997 820 1018 ac
836 986 912 1018 dare
930 985 1076 1017 ultinnnn

340 1039 429 1078 vale,
455 1038 625 1081 officiaque
651 1044 683 1071 et
706 1039 768 1071 alia
792 1038 912 1078 nnmia,
939 1048 1021 1081 quae
1045 1038 1076 1070 in

342 1090 502 1123 similibus
527 1090 597 1124 fieri
623 1091 790 1131 solebant,
823 1091 941 1124 debere
967 1091 1036 1124 lieri
1061 1102 1078 1123 a

341 1144 544 1186 regularibus
564 1154 629 1177 non
653 1150 759 1177 autem
784 1156 801 1177 a
826 1144 1003 1187 parochis:

175 1206 332 1236 nimirum-ex·
386 1196 449 1239 5⁶2.
476 1196 513 1228 Et
537 1196 568 1228 in
586 1196 699 1229 eadem
718 1197 920 1240 expositione
948 1197 1080 1229 subinn-

148 1233 402 1288 {22¹,ss'00'503ssgffi101Q
437 1249 538 1291 quod,
564 1248 640 1281 licet
664 1250 827 1292 praefatae
854 1249 1080 1292 dispositiones

148 1291 201 1306 ‘⁰⁰¹'
342 1311 399 1333 5611
425 1301 662 1334 declarationes
686 1308 796 1335 essent
820 1302 899 1335 adeo
915 1302 1026 1341 iustae,
1050 1308 1081 1335 et

341 1353 519 1387 militarent
542 1354 675 1386 eaedem
700 1355 841 1387 rationes
873 1355 944 1388 illas
969 1355 1082 1387 obser-

340 1407 434 1439 vandi
456 1407 539 1439 circa
556 1407 711 1439 cadavera
733 1418 815 1450 quae
840 1408 1082 1451 sepeliebantur

339 1459 373 1491 in
391 1459 537 1492 ecclesiis
555 1460 726 1492 domorum
747 1466 779 1493 et
806 1461 1021 1503 collegiorum
1040 1461 1082 1493 di-

340 1517 409 1544 ctae
433 1511 599 1544 Societatis
617 1512 696 1551 Iesu,
715 1513 929 1546 nihilominus
956 1513 1081 1545 assidue

340 1564 571 1597 exoriebantur
602 1565 809 1607 gravissimae
842 1566 1025 1599 discordiae
1051 1571 1083 1598 et

340 1618 495 1650 scandala
519 1628 556 1650 ex
583 1628 621 1650 eo
647 1619 734 1661 quod
754 1619 890 1662 parochi
917 1619 981 1651 illis
1001 1624 1082 1651 stare

340 1671 474 1710 nollent,
493 1670 526 1702 in
544 1670 768 1712 gravissimum
787 1672 950 1713 praefatae
977 1671 1084 1703 80016-
1104 1685 1105 1695 1

341 1722 413 1754 tatis
438 1727 470 1754 et
494 1722 767 1763 christifidelium,
795 1723 850 1765 qui
868 1729 941 1766 post
959 1723 1083 1755 obitum

342 1785 399 1807 sua
422 1775 579 1807 cadavera
604 1775 636 1807 in
661 1775 761 1818 ipsius
785 1776 955 1808 Societatis
979 1777 1084 1809 eccle-

343 1827 397 1859 siis
410 1828 539 1871 sepeliri
553 1829 714 1868 volebant,
734 1829 982 1869 detrimentum,
999 1829 1085 1862 ideo-

343 1892 404 1924 que
429 1881 612 1924 supplicato
636 1887 671 1913 ut
695 1881 906 1924 Congregatio
939 1882 1083 1925 praefata

341 1934 522 1967 declararet
535 1934 719 1977 supradicta
739 1935 878 1975 decreta,
899 1945 955 1967 seu
975 1935 1082 1968 decla-

339 1985 495 2025 rationes,
522 1986 608 2018 circa
632 1987 788 2019 cadavera
815 1998 897 2030 quae
922 1987 953 2019 111
981 1988 1082 2020 eccle-

339 2038 395 2070 siis
421 2039 587 2072 domorum
613 2045 644 2072 et
681 2040 891 2082 collegiorum
918 2041 1079 2083 praefatae

340 2091 510 2124 Societatis
534 2092 604 2124 Iesu
622 2093 840 2136 sepelirentur
871 2093 1008 2136 perinde
1027 2094 1080 2126 ob-

341 2145 464 2177 servari
479 2145 611 2185 debere,
626 2156 662 2177 ac
676 2146 702 2177 si
720 2146 757 2178 ad
776 2146 961 2178 instantiam
980 2147 1079 2190 ipsius

343 2197 511 2229 Societatis
529 2203 754 2230 emanassent:

149 2258 288 2305 inrffipffim
309 2261 333 2278 ut
387 2250 401 2293 g
425 2249 456 2283 3.
483 2249 647 2282 Emanavit
669 2251 707 2282 ab
733 2251 844 2284 eadem
867 2252 1077 2285 cardinalium

271 2301 276 2306 '
343 2303 600 2345 Congregatione
619 2304 783 2336 decretum
805 2305 927 2337 tenoris
954 2305 1007 2348 qui
1033 2316 1079 2338 se-

345 2355 466 2398 quitur,
490 2354 660 2388 videlicet:

391 2420 404 2439 (1
433 2408 529 2440 Sacra
560 2408 774 2451 Congregatio
808 2410 1077 2444 eminentissimo-

339 2471 410 2494 rum
425 2461 455 2494 S.
471 2462 508 2493 R.
520 2461 555 2494 E.
572 2462 784 2495 cardinalium
802 2464 939 2506 negotiis
956 2470 987 2497 et
1002 2476 1077 2498 eon-

377 2543 387 2567 1
405 2540 496 2567 Tertia
511 2541 656 2567 declaratio
667 2550 719 2569 nou
736 2547 785 2575 est,
801 2547 827 2569 ut
844 2547 919 2577 puto,
931 2544 956 2569 111
972 2544 1075 2571 Bulla-

340 2586 403 2618 τίω·
419 2585 485 2612 duas
501 2594 588 2620 praec.
606 2586 689 2612 habes
704 2596 762 2621 sup.
780 2588 870 2623 112118
881 2594 907 2615 et
921 2589 972 2615 299
984 2591 1072 2624 (nm).

376 2630 394 2657 2
407 2631 474 2657 Vide
490 2639 571 2665 supra
585 2639 646 2666 pag.
658 2632 710 2658 300
721 2632 766 2658 ubi
782 2633 878 2666 legitur
894 2642 970 2663 nm
982 2634 1010 2668 (R
1024 2636 1072 2667 1.).

428 2685 507 2715 Ball.
531 2684 613 2711 Rom.
628 2700 663 2704 —
682 2685 743 2712 Vol.
760 2686 867 2716 XVIII.
904 2717 916 2734 l
1030 2689 1063 2717 42

1115 304 1342 337 sultationibus
1361 305 1589 348 episcoporum
1609 312 1640 338 et
1658 306 1856 348 regularium

1116 357 1308 399 praeposita,
1328 358 1465 389 oratoris
1485 358 1636 400 precibus
1656 358 1795 399 benigne
1814 358 1856 389 in'

1116 409 1261 450 dulgens‚
1287 409 1415 442 censuit
1431 410 1552 442 dandas
1570 420 1639 442 esse
1668 410 1784 452 petitas
1804 411 1857 442 de-

1116 462 1310 495 clarationes
1346 472 1442 505 saepe
1479 462 1558 495 alias
1589 462 1702 502 editas,
1739 472 1857 505 easque

1108 514 1213 546 uetiam
1236 514 1267 546 iu
1288 514 1506 557 praenarratis
1523 513 1669 546 ecclesiis
1687 513 1856 546 Societatis

1118 576 1188 598 es<e
1213 567 1443 607 observandas,
1468 566 1617 599 videlicet
1650 567 1801 609 parochis
1825 566 1857 598 in

1117 620 1333 653 associatione
1354 620 1419 652 sive
1445 620 1613 653 occasione
1632 619 1857 652 associationis

1118 672 1306 705 cadaverum
1329 683 1394 705 non
1419 672 1517 705 licere
1551 672 1677 714 ingredi
1703 671 1858 704 ecclesias

1119 724 1328 765 regularium,
1355 725 1412 757 sed
1435 725 1538 757 teneri
1566 724 1726 756 dimittere
1744 724 1858 756 eadem

1120 777 1278 809 cadavera
1296 778 1334 809 ad
1352 778 1481 810 ianuam
1500 777 1722 817 ecclesiarum,
1747 776 1858 819 ibique

1119 830 1221 861 solum
1240 840 1335 872 posse
1352 831 1547 863 benedicere
1565 835 1596 862 et
1616 830 1692 862 dare
1710 829 1859 862 ultimum

1119 883 1205 922 vale,
1232 882 1336 915 officia
1358 894 1435 916 vero
1460 888 1491 916 et
1526 883 1588 916 alia
1624 883 1745 922 munia,
1778 893 1860 925 quae

1120 935 1150 966 in
1166 935 1351 968 huiusmodi
1370 936 1558 968 ministeriis
1576 936 1724 968 adhiberi
1742 936 1858 974 solent,

1120 988 1159 1020 ab
1183 988 1260 1030 ipsis
1286 988 1488 1030 regularibus
1514 988 1624 1031 peragi
1645 989 1774 1026 debere,
1794 998 1860 1020 non

1122 1045 1228 1072 autem
1253 1051 1270 1072 a
1294 1041 1472 1083 parochis3
1493 1041 1667 1083 episcopos
1692 1051 1749 1073 seu
1769 1039 1862 1072 Ordi-

1122 1094 1231 1126 narios
1257 1094 1403 1126 locorum
1435 1094 1624 1136 permittere
1649 1104 1716 1126 non
1740 1094 1861 1126 debere

1123 1152 1157 1178 ut
1174 1147 1307 1190 parochi
1326 1147 1445 1189 aliique
1465 1147 1503 1179 de
1522 1147 1609 1179 clero
1628 1146 1784 1178 saeculari
1799 1157 1862 1178 ma-

1122 1198 1224 1231 iorem
1241 1200 1482 1242 eleemosynam
1507 1199 1568 1231 sibi
1586 1198 1716 1231 attribui
1742 1199 1862 1231 saciant

1124 1252 1162 1283 ab
1188 1252 1382 1284 haeredibus
1408 1252 1644 1291 defunctorum,
1671 1251 1725 1294 qui
1750 1251 1783 1283 in
1808 1262 1860 1285 ec-

1124 1304 1230 1337 clesiis
1250 1304 1447 1347 regularium
1474 1306 1675 1347 sepulturam
1701 1303 1761 1336 sibi
1787 1305 1862 1337 ele—

1124 1357 1238 1400 gerint,
1258 1368 1354 1400 quam
1371 1357 1540 1400 percipere
1557 1362 1693 1400 possent
1712 1357 1737 1389 si
1758 1357 1791 1389 in
1808 1368 1863 1400 pa-

1125 1409 1430 1443 106111111156115111111
1457 1410 1556 1454 ipsius
1581 1410 1660 1443 cleri
1687 1410 1862 1443 saecularis

1125 1464 1262 1496 ecclesia
1294 1463 1424 1506 sepeliri
1454 1463 1651 1502 voluissent·‚
1679 1463 1862 1495 functiones

1125 1517 1316 1549 suueralium
1338 1527 1436 1559 super
1454 1516 1612 1549 cadavera
1629 1516 1860 1555 defunctorum,

1126 1580 1207 1613 quae
1232 1570 1265 1602 in
1291 1569 1435 1602 ecclesiis
1475 1569 1670 1611 regularium
1707 1567 1865 1610 contingit

1126 1622 1266 1666 sepeliri,
1292 1628 1463 1665 postquam
1488 1622 1527 1654 ad
1553 1622 1682 1655 easdem
1708 1621 1862 1653 eeclesias

1126 1675 1349 1718 pervenerint,
1372 1675 1412 1707 ad
1433 1675 1520 1718 ipsos
1546 1674 1724 1716 regulares,
1742 1684 1807 1706 non
1824 1673 1863 1705 ad

1125 1728 1286 1770 parochos
1321 1728 1500 1771 pertinere.
1529 1726 1704 1760 Contrariis
1732 1726 1865 1769 quibus-

1126 1792 1261 1824 cumque
1295 1781 1379 1813 circa
1412 1780 1634 1823 suprascripta
1669 1779 1778 1812 omnia
1808 1779 1865 1812 mi-

1126 1833 1211 1866 nime
1231 1833 1444 1866 obstantibus.

1169 1887 1297 1926 Romae,
1319 1897 1350 1919 vt
1378 1886 1451 1918 maii
1477 1896 1640 1919 MDCLxxll.

1299 1939 1333 1971 F.
1362 1939 1400 1971 M.
1429 1939 1601 1971 cardinalis
1627 1939 1839 1972 Bumcmnxs.

1298 1992 1331 2025 C.
1360 1993 1398 2024 de
1420 1992 1454 2024 V.
1486 1992 1679 2034 archiepisc.
1707 1992 1862 2024 Athenar.

1211 2046 1295 2078 Loco
1320 2047 1343 2086 †
1368 2044 1465 2087 sigilli
1493 2057 1523 2077 n.

1166 2098 1180 2141 ἓ
1205 2097 1236 2130 [1.
1263 2098 1339 2129 Cum
1361 2103 1479 2139 autem,
1505 2097 1589 2130 sicut
1624 2099 1787 2141 praefatus
1812 2099 1864 2131 At-

1123 2150 1269 2193 plionsus
1288 2150 1381 2183 nobis
1400 2150 1536 2183 subinde
1557 2151 1674 2194 exponi
1693 2151 1777 2191 fecit,
1794 2152 1862 2195 ipse

1123 2205 1288 2237 decretum
1315 2204 1510 2244 huiusmodi,
1532 2215 1589 2247 pro
1616 2204 1751 2238 firmiori
1775 2205 1862 2237 illius

1122 2258 1327 2290 subsistentia
1344 2285 1351 2298 ‚
1379 2258 1577 2301 apostolicae
1608 2258 1863 2291 confirmationis

1122 2315 1251 2343 nostrae
1273 2310 1455 2353 patrocinio
1473 2310 1666 2343 communiri
1684 2321 1863 2354 summope-

1121 2373 1154 2395 re
1174 2363 1350 2396 desideret:
1370 2374 1439 2402 nos,
1455 2363 1629 2406 specialem
1644 2363 1706 2406 ipsi
1721 2363 1862 2406 Alplion-

1120 2425 1154 2447 so
1171 2415 1306 2457 gratiam
1321 2416 1427 2448 sacere
1443 2416 1597 2454 volentes,
1611 2426 1748 2458 eumque
1764 2426 1780 2447 a
1796 2415 1865 2458 qui-

1096 2489 1098 2510 1
1119 2468 1226 2500 busvis
1251 2468 1617 2508 exeomnntnicationis,
1640 2468 1862 2511 suspensionis

1120 2527 1150 2553 61
1176 2521 1349 2561 interdicti,
1376 2522 1513 2564 aliisque
1539 2521 1768 2554 ecclesiasticis
1788 2532 1862 2553 sen-

1120 2574 1249 2613 tentiis,
1274 2574 1419 2607 censuris
1444 2580 1476 2606 et
1498 2574 1612 2617 poenis
1628 2601 1635 2613 ,
1673 2585 1690 2606 a
1715 2574 1784 2606 inre
1809 2575 1859 2607 vel

1156 2637 1165 2661 1
1189 2635 1259 2662 Edit.
1279 2635 1356 2662 Mam.
1374 2636 1437 2672 legit
1457 2636 1532 2663 alias
1546 2636 1585 2669 (n.
1601 2635 1649 2669 T.)-

1758 248 1821 282 3029
1869 257 1916 282 An.
1935 257 1965 284 c.
1985 255 2050 282 1672

1889 2106 1994 2126 pontificis
2010 2112 2058 2127 cou-

1875 2133 1973 2153 firmatio.
