2279 3260
178 232 228 258 An.
247 231 275 258 Γ.
300 231 366 258 1674

212 2293 294 2314 inhibet
305 2292 373 2318 inqui-

187 2320 286 2340 S1t-1riluus
300 2319 372 2339 Portu-

187 2347 300 2371 gatti-mm:
310 2346 330 2366 iu
341 2351 374 2366 ru·

187 2373 254 2393 unca.

997 226 1138 251 CLEMENS
1160 228 1178 250 Χ
1204 227 1250 250 ΓΡ.

373 280 445 312 dem
471 278 722 312 christianorum
741 287 902 310 recursum
921 275 1107 309 huiusmodi

373 333 587 370 admittentes,
618 336 649 364 et
678 340 804 363 causam
827 334 857 362 et
884 340 994 361 causas
1016 339 1109 371 quas-

373 395 509 427 cumque
535 389 646 416 contra
671 392 726 416 eos
747 388 906 415 eteorum
933 381 1108 425 quemlibet

373 447 469 480 super
493 436 682 469 criminibus
705 441 737 469 ct.
762 435 887 468 delictis
909 436 946 468 ad
965 433 1108 467 Officium

373 489 595 533 Inquisitionis
641 489 825 522 huiusmodi
863 487 1110 532 quomodolibet.

373 542 602 585 spectantibus,
621 542 653 574 in
674 542 827 585 praestitis
849 542 959 575 aliisve
977 531 1119 584 quibus-¹

373 605 509 638 cumque
546 595 758 628 tribunalibus
794 595 1017 638 Inquisitionis
1058 593 1110 625 ad-

372 658 481 681 versus
520 648 715 681 haercticam
742 654 771 681 et
796 648 1006 691 apostaticam
1038 657 1109 689 pra-

354 700 502 733 ·vitatem
527 701 558 733 in
584 701 801 743 Portugalliae
827 706 858 734 et
883 700 1109 743 Algarbiorum

372 754 482 797 regnis
500 755 690 788 auctoritate
707 755 850 798 praefata
868 754 1036 793 institutis,
1054 762 1108 784 seu

375 818 486 841 eorum
523 808 645 851 aliquo,
672 808 829 841 hactenus
868 807 977 850 quovis
1013 804 1110 838 modo

373 865 477 893 motas
502 866 533 894 et
557 861 738 904 pendentes
773 860 933 903 (quarum
969 858 1111 891 omnium

375 918 406 945 et
429 913 626 955 singularum
662 917 779 945 suatum
805 918 836 946 et.
859 912 982 951 merita,
1009 910 1112 943 nomi-

373 977 479 1010 naque
505 971 536 999 et
559 966 763 1008 cognomina,
799 976 834 997 ac
859 965 1029 1008 qualitates
1065 963 1110 994 iu<

374 1020 490 1060 dicum,
515 1029 643 1052 necnon
663 1024 898 1057 accusatorum,
916 1017 1113 1050 denuncian-

374 1074 461 1112 tium,
476 1082 619 1110 reorum,
634 1072 836 1114 aliorumque
854 1069 1110 1113 collstigandum,

374 1131 408 1159 et
431 1125 493 1158 alia
525 1134 758 1168 quaecumque,
796 1124 890 1156 etiam
931 1122 1112 1166 specificam

374 1183 405 1211 et
429 1177 626 1210 individuam
650 1177 851 1209 mentionem
877 1182 908 1209 et
932 1174 1114 1219 expressio-

375 1241 448 1264 nem
469 1229 679 1273 requirentia,
695 1229 921 1272 praesentibus
939 1239 998 1272 pro
1016 1229 1113 1271 plene

377 1288 409 1316 et
432 1282 629 1315 sufficienter
668 1292 703 1314 ac
733 1282 936 1314 exactissime
968 1286 999 1314 et
1023 1291 1115 1313 accu-

375 1334 536 1367 ratissime
550 1333 711 1377 expressis
733 1339 764 1367 et
780 1333 974 1377 speciticatis
992 1334 1113 1366 babere

376 1388 554 1429 volumus),
581 1386 613 1418 in
639 1391 723 1419 statu
749 1392 781 1419 et
805 1386 952 1420 terminis
984 1387 1015 1419 in
1049 1387 1116 1429 qui-

376 1441 438 1473 bus
472 1440 512 1473 de
542 1440 703 1483 praesenti
743 1440 990 1483 quomodolibet
1025 1450 1117 1483 repe-

377 1493 516 1532 riuntur,
531 1492 570 1525 ad
595 1502 656 1525 nos
680 1498 711 1526 et
731 1492 845 1526 Sedem
866 1493 1043 1536 praefatam
1061 1493 1117 1525 ha-

378 1555 450 1578 rum
475 1545 557 1578 serie
591 1550 774 1585 avocantes,
813 1545 964 1588 ipsasque
1004 1555 1116 1577 causas

379 1609 452 1632 cum
477 1597 629 1631 omnibus
655 1604 686 1631 et
710 1598 845 1640 singulis
877 1598 1006 1631 illarum
1039 1598 1118 1631 inci-

380 1651 542 1690 dentibus,
570 1651 818 1693 emergentibus,
845 1651 976 1683 annexis
995 1656 1027 1684 et
1043 1661 1119 1684 con-

380 1704 482 1743 nexis,
509 1708 643 1747 totoque
681 1704 814 1746 negotio
849 1704 1034 1747 principali,
1059 1714 1119 1747 per

380 1756 676 1799 Congregationem
693 1800 699 1803 Α
716 1756 951 1789 venerabilium
985 1757 1118 1789 fratrum

380 1816 567 1843 nostrorum
592 1808 623 1841 S.
643 1809 680 1841 R.
704 1809 738 1841 E.
766 1809 980 1842 cardinalium
1004 1810 1037 1842 in
1055 1812 1120 1843 tota

380 1861 550 1905 republica
575 1861 755 1894 christiana
789 1862 992 1904 generalium
1016 1862 1120 1906 inqui-

381 1914 518 1947 sitorum
543 1914 696 1947 adversus
722 1914 922 1947 haereticam
940 1920 971 1947 et
995 1921 1120 1958 aposta-

380 1968 476 2000 ticam
514 1967 706 2010 pravitatem
753 1968 939 2001 huiusmodi
981 1979 998 2000 a
1037 1968 1119 2001 Sede

380 2017 526 2064 praefata
540 2020 780 2064 deputatorum,
796 2021 846 2053 cui
865 2021 995 2054 easdem
1010 2031 1120 2054 causas

382 2073 604 2106 commisimus
623 2078 655 2107 et
677 2073 952 2114 demandavimus,
968 2074 1073 2106 audiri
1089 2079 1121 2107 et

382 2127 548 2170 cognosci,
575 2127 693 2167 decidi,
720 2127 849 2171 fineque
876 2127 999 2168 debito,
1026 2133 1121 2170 prout

381 2180 461 2213 iuris
497 2180 601 2221 fuerit,
628 2180 793 2214 terminari
830 2181 950 2214 debere
986 2181 1120 2214 omnino

382 2233 547 2273 volentes;

427 2286 442 2329 ἓ
467 2285 498 2318 2
525 2285 610 2318 Motu
636 2287 782 2330 proprio,
801 2297 835 2320 ac
857 2297 892 2320 ex
914 2288 999 2320 certa
1015 2288 1120 2321 scien-

384 2339 426 2372 tia
449 2344 481 2372 et
504 2341 629 2372 matura
654 2340 893 2374 deliberarione
918 2342 1050 2382 nostris,
1070 2342 1121 2375 de-

383 2403 445 2436 que
471 2393 667 2435 apostolicae
690 2395 861 2437 potestatis
896 2395 1116 2438 plenitudine,

382 2445 576 2478 fraternitati
602 2450 684 2486 tuae,
703 2447 801 2480 frater
824 2447 918 2480 Petre
944 2447 1119 2491 archiepis-

382 2507 463 2540 cope
487 2497 659 2540 inquisitor
683 2500 852 2541 generalis,
874 2510 910 2533 ac
930 2500 1119 2533 discretioni

381 2555 515 2590 vestrae,
541 2550 598 2584 filii
624 2551 743 2595 reliqui
761 2552 980 2596 inquisitores,
1007 2553 1118 2586 harum

382 2603 466 2636 serie
492 2604 638 2637 districte
672 2605 867 2647 inhibemus,
888 2617 938 2647 ue,
965 2609 1061 2639 causa
1088 2613 1119 2639 et.

475 2666 552 2693 Bull.
578 2668 656 2692 Rom.
675 2682 707 2686 -—-
726 2668 782 2693 Vol.
804 2668 905 2695 XVIII.
1052 2672 1085 2696 (23

1790 217 1852 249 407

1152 275 1255 307 causis
1292 275 1474 307 huiusmodi
1507 276 1537 307 in
1568 275 1707 318 pras-sata
1741 275 1886 307 cardina-

1151 326 1229 359 lium
1269 327 1525 370 Congrcgatione
1566 328 1795 370 pendentibus,
1833 332 1886 358 aut,

1152 380 1230 412 alias
1255 380 1511 423 quomodolibet,
1535 380 1638 412 donec
1664 385 1695 410 et
1717 390 1885 422 quousque

1151 433 1302 476 specialis
1340 439 1371 466 et
1396 443 1548 476 expressa
1584 432 1726 475 desuper
1750 443 1767 464 a
1793 432 1885 463 nobis

1152 491 1182 518 et
1207 487 1318 519 cadem
1343 486 1425 520 Sede
1451 485 1580 519 licentia
1605 485 1696 518 vobis
1733 496 1886 517 concessa

1153 539 1254 577 fucrit,
1281 540 1318 573 ad
1340 540 1440 573 ullum
1466 540 1604 572 similem
1632 544 1749 576 actum,
1773 544 1808 569 ut
1833 549 1886 570 vo-

1152 591 1330 633 cant,fislci,
1353 593 1516 634 ullamque
1534 591 1799 635 publicationem,
1818 600 1889 633 pm-

1152 644 1381 686 mulgationem
1413 650 1466 675 aut
1483 642 1706 676 executionem
1732 653 1886 675 novarum

1151 698 1380 730 sententiarum
1391 708 1668 741 quarumcumque
1678 702 1789 729 contra
1800 707 1889 739 prae-

1154 749 1233 782 fatos
1272 750 1465 783 christianos
1502 760 1599 783 novos
1634 754 1668 781 ut
1703 748 1889 792 praefertur

1153 803 1324 846 inquisitos
1344 813 1399 835 seu
1429 808 1606 842 accusatos,
1634 803 1682 834 vel
1713 801 1889 834 denuncia-

1155 860 1203 888 tos
1229 862 1260 888 et
1295 856 1327 888 in
1354 856 1534 888 carceribus
1566 855 1737 898 praedictis
1774 855 1887 887 deten-

1155 914 1212 949 tos,
1239 914 1293 941 aut
1317 909 1447 942 illorum
1481 909 1632 952 aliquem,
1649 907 1800 940 devenire
1824 908 1890 939 ullo

1155 962 1251 995 modo
1277 962 1430 1001 audeatis,
1456 972 1561 1004 neque
1588 972 1654 1000 vos,
1669 966 1725 993 aut
1749 965 1889 992 vestrum

1155 1015 1280 1058 aliquis,
1306 1024 1361 1046 seu
1385 1014 1481 1046 vestri
1508 1019 1539 1046 et
1558 1018 1699 1046 vestrum
1718 1013 1893 1045 cuiuslibet

1154 1067 1333 1110 respective
1359 1066 1545 1105 consiliarii,
1571 1066 1792 1105 commissarii,
1819 1077 1893 1109 pro-

1156 1125 1321 1154 curatores
1357 1120 1507 1159 fiscalcs,
1534 1130 1730 1159 assessores,
1756 1119 1894 1157 notarii,

1156 1173 1302 1213 actuarii,
1329 1172 1494 1216 ceterique
1519 1172 1673 1205 officiales
1691 1177 1721 1204 et
1740 1172 1892 1211 ministri,

1157 1231 1269 1259 contra
1293 1227 1367 1259 illos
1399 1231 1453 1258 aut
1478 1236 1589 1258 eorum
1614 1225 1803 1268 quemlibet,
1823 1225 1896 1257 illo-

1157 1290 1268 1312 rumve
1293 1284 1325 1312 et
1355 1278 1527 1311 cuiuslibet
1563 1288 1675 1311 eorum
1715 1278 1894 1320 respective

1157 1334 1342 1373 advocatos,
1379 1336 1621 1375 procuratores,
1650 1330 1894 1368 sollicitatores,

1158 1390 1303 1429 agentes,
1330 1395 1386 1417 seu
1412 1384 1617 1427 negotiorum
1644 1388 1807 1426 gestores,
1844 1388 1896 1414 aut

1159 1439 1236 1472 alias
1262 1437 1511 1481 quomodolibet
1535 1447 1594 1480 pro
1617 1437 1661 1469 eis
1680 1436 1898 1469 intervenien-

1160 1497 1217 1531 tes,
1233 1490 1348 1534 quovis
1372 1490 1480 1529 modo,
1507 1489 1629 1521 directe
1653 1490 1702 1521 vel
1728 1488 1896 1527 indirecte,

1160 1554 1213 1577 seu
1239 1544 1316 1577 alias
1343 1542 1590 1586 quomodolibet
1626 1541 1799 1585 quicquam
1824 1541 1898 1573 novi

1161 1603 1319 1630 attentare
1354 1598 1403 1630 vel
1426 1596 1578 1629 innovare
1604 1595 1829 1639 praesumatis.

1205 1651 1219 1694 ἓ
1243 1651 1274 1684 3.
1301 1650 1363 1683 Nos
1390 1650 1475 1683 enim
1502 1650 1593 1682 vobis
1620 1654 1651 1681 et
1675 1653 1818 1681 vestrum
1833 1648 1898 1680 cui-
1938 1658 2095 1684 erm-mm„-

1910 1686 1959 1710 vipit
1981 1686 2000 1705 iu
2019 1689 2093 1705 ιιι-Ιιιιι·

1161 1705 1251 1745 libet,
1274 1707 1481 1746 vestrumque
1503 1708 1534 1735 et
1558 1702 1733 1735 cuiuslibet
1755 1706 1897 1734 vestrum
1915 1724 1916 1727 η

1162 1757 1340 1800 respective
1353 1755 1559 1795 consiliariis,
1575 1754 1813 1794 commissariis,
1828 1765 1896 1797 pro·
1910 1770 1941 1805 {1¹5¹

1161 1810 1362 1843 curatoribus
1386 1808 1557 1846 fiscalibus,
1585 1808 1815 1847 assessoribus,
1843 1800 1935 1839 no-ssiz
1983 1825 1991 1836 ³

1918 1845 2006 1863 ›art-ant.

1162 1863 1260 1902 tariis,
1287 1861 1447 1900 actuarii&
1484 1861 1669 1903 ceterisque
1707 1850 1916 1892 officialibus¹

1162 1921 1193 1948 et
1217 1915 1373 1947 ministris
1398 1913 1583 1958 praedictis,
1607 1918 1722 1946 tenore
1748 1923 1902 1956 praesen-

1163 1968 1253 2009 tium,
1277 1968 1309 2000 in
1330 1967 1447 2000 virtute
1472 1971 1599 1999 sanctae
1617 1966 1835 2005 obedientiae,
1856 1965 1903 1998 di-

1162 2022 1270 2054 stricte
1284 2020 1501 2064 praecipimus
1516 2024 1548 2053 et
1565 2019 1767 2058 mandamus,
1782 2024 1816 2051 ut
1834 2019 1903 2062 qui-

1162 2075 1361 2117 buscumque
1385 2073 1545 2106 mandatis
1587 2078 1618 2105 et
1642 2072 1902 2105 ordinationibus

1162 2133 1193 2161 et
1218 2125 1364 2161 decretis
1382 2127 1486 2160 dictae
1511 2126 1781 2169 Congregationis
1798 2126 1902 2157 cardi-

1162 2182 1295 2222 nalium,
1322 2181 1354 2213 in
1380 2182 1474 2213 causa
1499 2190 1555 2212 seu
1581 2179 1684 2212 causis
1715 2179 1903 2212 huiusmodi

1163 2235 1319 2267 hactenus
1347 2233 1457 2266 forsan
1483 2233 1641 2266 emanatis
1668 2237 1699 2265 et
1729 2232 1761 2265 in
1792 2239 1902 2276 poste-

1162 2297 1231 2319 rum
1255 2297 1358 2330 usque
1384 2286 1422 2319 ad
1459 2286 1556 2319 finem
1582 2291 1614 2318 et
1639 2286 1812 2318 terminum
1849 2297 1903 2319 ea-

1162 2341 1308 2373 rumdem
1333 2350 1501 2372 causarum
1533 2339 1782 2382 quomodolibet
1818 2350 1904 2371 cina-

1163 2394 1293 2435 naturis,
1319 2393 1407 2427 omni
1432 2395 1535 2432 mora,
1556 2393 1723 2431 dilatione,
1744 2393 1904 2434 ιρι-ἕνη·-

1163 2447 1298 2487 satione,
1326 2446 1583 2479 contradictione
1620 2451 1652 2478 et
1691 2445 1902 2488 oppositione

1162 2499 1351 2543 postpositis
1365 2505 1397 2532 et
1409 2499 1550 2536 remotis,
1569 2503 1731 2542 prompte,
1749 2498 1833 2529 sicut
1849 2498 1903 2530 de-

1163 2558 1253 2586 votos
1272 2552 1369 2585 huius
1384 2557 1516 2585 sanctae
1531 2551 1622 2584 Sedis
1636 2550 1718 2583 filios
1733 2550 1835 2590 decet,
1850 2560 1901 2592 pa-

1164 2607 1272 2647 reatis,
1306 2616 1367 2639 nec
1396 2606 1462 2647 illa,
1498 2615 1651 2639 eorumve
1677 2602 1899 2637 executionem

1901 227 1945 250 ln,
1961 226 1989 250 Γ..
2017 228 2034 249 lt
2048 224 2081 250 ’,ἰ

1920 1714 1995 1731 ancl-'tt‘
2045 1720 2048 1730 i
2067 1719 2070 1729 ι

1910 1738 1940 1757 ὼι
