2279 3260
164 245 214 273 An.
235 245 264 273 C.
282 245 355 273 1676

355 296 431 339 cipit
459 296 519 330 Ubi
542 296 692 339 qralt'ac',
720 300 788 334 etc„
822 306 906 328 anno
941 295 1088 341 lucarna-

355 348 449 382 tionis
476 349 661 382 Dominicae
693 358 818 382 motxxv
848 347 954 380 idibus
988 347 1086 386 iunii,

354 402 469 435 Paulus
513 413 586 435 vero
623 402 735 435 itidem
773 412 830 445 per
873 412 961 434 suam
998 401 1087 433 cuius

355 455 479 487 initium
518 455 713 487 monialium
745 456 869 495 statui,
897 459 965 493 clo„
996 454 1046 486 die
1072 465 1087 487 x

354 507 421 540 iulii
455 517 564 541 uncxit
598 508 776 551 respective
803 508 905 540 editas
931 507 1085 540 constitu-

355 560 458 594 tiones
483 560 641 594 similibus
668 561 881 594 incommodis
901 565 1087 603 01·›portuno

354 614 567 648 revocationis
592 615 792 648 licentiarum
825 613 1009 646 huiusmodi
1044 624 1088 646 re

353 667 459 701 medio
495 668 731 711 providerunt,
762 668 903 710 vestigiis
936 667 1088 699 inheren-

357 726 417 760 tes,
444 726 531 754 motu
557 721 700 764 proprio,
737 732 773 753 ac
804 731 840 753 ex
874 722 961 753 certa
986 719 1090 752 scien-

354 774 394 805 tiit
421 779 450 807 et
477 776 599 807 matura
624 773 859 807 deliberatione
886 773 1014 811 nostris,
1035 773 1087 805 de-

354 837 414 869 que
451 827 647 870 apostolicae.
679 826 849 869 potestatis
876 825 1087 868 plenitudine,

353 889 464 912 omnes
483 885 514 912 et
529 879 672 922 singulas
693 878 837 911 licentias
864 888 899 910 ac
924 877 1088 910 facultates

352 932 556 974 ingrediendi
582 931 787 970 monasteria,
816 931 929 963 domos
965 936 996 963 et
1021 931 1089 963 loca

353 985 559 1024 monialium,
586 985 617 1016 in
659 984 740 1016 dicta
767 984 851 1016 Urbe
888 994 924 1015 ac
949 983 980 1015 in
1023 985 1087 1015 tota

353 1038 442 1071 ltalia
467 1043 562 1081 atque
587 1037 702 1070 insulis
729 1036 836 1069 ltaliae
855 1036 1088 1077 fladiacentibus

352 1091 534 1130 existentia,
562 1089 737 1133 quibusvis,
764 1089 858 1122 etiam
897 1088 1086 1127 comitissis,

351 1143 593 1176 marchionissis
627 1148 657 1175 et
683 1141 828 1182 ducissis,
867 1147 898 1175 et
923 1142 993 1174 aliis
1019 1142 1089 1184 qni-

351 1195 570 1240 buscumque¹
589 1200 699 1235 status,
713 1195 831 1238 gradus
849 1201 879 1228 et
892 1195 1088 1228 conditionis

350 1249 539 1282 mulieribus
564 1249 595 1281 in
623 1250 709 1282 hunc
742 1259 843 1291 usqne
869 1248 954 1281 diem
980 1259 997 1280 a
1029 1248 1089 1281 Ro-

351 1302 453 1334 manis
471 1301 681 1335 Pontificibus
707 1301 1010 1345 praedecessoribus
1037 1312 1089 1334 no-

351 1354 433 1393 stris,
453 1364 488 1386 ac
501 1354 594 1387 etiam
608 1365 625 1386 a
642 1354 814 1393 nobis,sub
829 1354 1088 1397 quibuscumque

352 1407 524 1440 verborum
551 1407 660 1439 formis
685 1412 716 1440 et
742 1407 917 1446 tenoribus,
950 1417 985 1439 ac
1018 1418 1088 1440 cum

352 1460 516 1502 quibusvis
543 1461 640 1493 etiam
659 1461 940 1503 derogatoriarum
959 1461 1089 1503 deroga-

352 1513 451 1553 toriis‚
479 1513 615 1556 aliisque
641 1514 828 1546 fortioribus
855 1519 887 1546 et
904 1514 1090 1547 efficaciori-

351 1567 409 1599 bus
435 1577 471 1599 ae
496 1567 633 1600 insolitis
659 1568 831 1608 clausulis,
864 1577 991 1600 necnon
1019 1567 1090 1600 irri-

353 1619 494 1652 tantibus
521 1625 552 1653 et
577 1620 647 1653 aliis
673 1621 821 1662 decretis,
843 1621 880 1653 ad
901 1626 1024 1664 tempus
1040 1622 1088 1654 vel

352 1674 382 1706 in
409 1678 614 1716 perpetuum,
650 1685 705 1707 seu
741 1674 818 1707 alias
844 1675 1090 1718 quomodolibet

352 1737 527 1767 concessas,
555 1737 690 1769 quarum
716 1738 752 1760 ac
769 1727 948 1760 litterarum
965 1733 1090 1771 aposto-

352 1779 483 1811 licarum
517 1780 657 1822 desuper
690 1779 911 1822 expeditarum
947 1785 1087 1821 tenores,

351 1843 388 1864 ac
411 1831 435 1864 si
463 1832 501 1865 de
526 1832 624 1865 verbo
640 1832 678 1864 ad
705 1833 836 1865 verbnm
855 1833 1086 1873 insererentur,

351 1884 577 1928 praesentibus
620 1885 734 1917 haberi
768 1887 913 1918 volumus
943 1896 1004 1929 pro
1036 1897 1088 1919 ex-

350 1937 480 1980 pressis,
503 1938 689 1970 earumdeni
715 1943 829 1971 tenore
855 1939 1086 1982 praesentium,
1108 1961 1110 1969 .

350 2000 558 2031 revocamus,
592 2002 752 2024 cassamus
779 1997 810 2025 et
846 1992 1027 2034 irritamus,
1053 2004 1088 2026 ac

350 2048 522 2084 revocatas,
549 2049 689 2077 cassatas
709 2049 740 2077 et
756 2044 862 2078 irritas
881 2056 951 2078 esse
978 2047 1088 2079 decer·
1107 2061 1109 2070 =

350 2095 466 2136 nimus,
499 2096 687 2130 inhibentes
720 2098 858 2140 proinde
895 2099 1086 2132 nmlieribus

352 2207 505 2243 mierum,
538 2203 598 2236 sub
632 2204 976 2237 excommunicationis
1003 2206 1086 2238 latae

351 2255 530 2288 sententiae
555 2258 670 2299 poena,
690 2268 707 2290 a
725 2267 788 2300 qua
806 2258 937 2290 nonnisi
957 2270 973 2291 a
991 2259 1085 2291 nobis

353 2317 409 2340 seu
432 2307 575 2341 Romano
600 2309 762 2343 Pontefice
783 2321 842 2353 pro
862 2315 1006 2353 tempore
1025 2311 1087 2343 exi-

351 2365 469 2400 stente,
496 2366 724 2406 praeterquam
756 2362 788 2396 in
814 2363 927 2396 mortis
951 2364 1086 2397 articulo

351 2413 569 2455 constitutae,
605 2414 725 2449 absolvi
763 2416 909 2459 possint,
947 2426 987 2449 ne
1020 2427 1087 2449 mo-

351 2466 493 2499 nasteria
514 2466 677 2509 praedicta
695 2473 864 2511 praetextu
886 2469 1087 2502 licentiarum

386 2592 399 2618 1
421 2590 535 2618 Videtur
560 2590 703 2626 tegendum
729 2600 787 2621 esse
813 2593 1018 2631 cuiuscumque
1039 2603 1086 2631 pro

351 2635 576 2674 quibuscumque
595 2640 632 2671 (a.
654 2638 703 2671 13).

972 246 1114 270 CLEMENS
1137 248 1154 269 X
1180 248 1227 270 ΓΡ.

1107 2119 1109 2142 ¹,
1132 2105 1217 2131 teras
1242 2099 1281 2131 ad
1306 2099 1413 2132 onmia
1446 2100 1515 2132 loca
1551 2100 1681 2141 deferri,
1721 2103 1867 2135 volumus

351 2149 548 2192 praedictis,
581 2160 661 2193 quae
696 2150 796 2184 dictas
832 2151 978 2185 licentias
1005 2150 1108 2185 oliti-1

1760 241 1823 276 007
1871 252 1918 278 An.
1940 251 1966 278 c.
1993 250 2059 278 1676

1133 295 1315 328 huiusmodi
1342 296 1464 339 ingredi
1493 299 1630 331 audeant
1655 310 1708 331 seu
1736 310 1866 343 praesu-

1131 353 1230 389 mant,
1253 349 1395 392 ipsorum
1426 362 1501 383 vic-ro
1525 353 1792 385 monasteriorum
1815 355 1866 386 ab·

1132 402 1267 442 batissis,
1295 414 1349 435 seu
1376 404 1551 446 priorissis,
1572 416 1608 437 ac
1632 406 1864 448 superioribus,

1131 456 1187 487 snb
1214 457 1334 495 eadem,
1362 467 1397 489 ac
1423 457 1611 499 privationis
1638 468 1771 491 suorum
1798 460 1865 491 otii-

1128 508 1255 541 ciorum
1274 520 1355 552 quae
1374 510 1529 551 obtinent,
1546 515 1576 543 et
1594 511 1807 543 inhabilitatis
1825 513 1862 543 ad

1133 561 1185 593 illa
1212 561 1241 593 in
1276 567 1439 605 posterum
1469 563 1659 604 obtinenda,
1686 564 1756 607 ipso
1784 565 1864 597 sacto

1131 615 1200 647 sine
1226 615 1286 647 alia
1312 616 1530 649 declaratione
1561 616 1762 649 incurrendis
1788 628 1849 660 poc

1132 668 1191 707 nis,
1219 678 1258 701 ne
1285 669 1356 701 illas
1393 669 1423 701 in
1451 669 1646 702 monasteria
1678 669 1863 702 huiusmodi

1132 721 1347 762 introducere,
1374 733 1430 755 scu
1457 723 1639 763 admittere,
1660 728 1713 756 aut
1738 723 1863 766 ingredi

1131 774 1329 816 permittere,
1354 777 1402 808 vel
1427 776 1585 808 admissas
1618 787 1747 819 quoquo
1769 777 1864 809 inodo

1132 826 1273 859 retinere.
1309 827 1447 860 audeant
1479 828 1628 863 similiter
1660 830 1708 861 vel
1734 839 1865 872 praesu-

1131 884 1230 911 mant.

1175 932 1189 974 ξ
1213 931 1244 965 3.
1272 932 1426 971 Quocirca
1452 934 1576 967 dilectis
1602 934 1674 968 tiliis
1692 935 1813 968 nostris
1835 940 1867 968 et
1901 948 2064 969 rusticanum·-

1132 986 1335 1028 Apostolicae
1360 987 1450 1020 Sedis
1480 988 1617 1028 nunciis,
1643 999 1727 1021 nunc
1752 994 1783 1022 et
1808 976 2063 1032 pro'1¹1¹ta'1'1'2¹³1'i1¹i'1ilfi'f'

1134 1043 1276 1081 tempore
1310 1040 1533 1081 existentibus,
1567 1052 1603 1074 ac
1627 1042 1867 1075 venerabilibus

1133 1091 1286 1125 fratribus
1311 1093 1514 1137 patriarchis,
1541 1095 1806 1138 archiepiscopis,
1837 1106 1869 1128 e-

1132 1146 1285 1189 piscopis,
1324 1146 1457 1189 aliisque
1496 1148 1640 1180 locorum
1675 1147 1867 1188 Ordinariis‚

1132 1208 1259 1231 necnon
1273 1199 1430 1232 dictorum
1453 1200 1724 1233 monasteriorum
1745 1202 1869 1243 praela-

1134 1252 1172 1284 tis
1192 1257 1222 1285 et
1237 1252 1459 1296 superioribus
1478 1254 1593 1286 harum
1611 1254 1693 1286 serie
1711 1254 1869 1297 praecipi-

1132 1315 1201 1337 mus
1227 1310 1258 1337 et
1283 1305 1479 1346 mandamus,
1506 1311 1541 1338 ut
1568 1311 1756 1349 praesentes
1784 1307 1867 1340 litte-

1132 1368 1182 1390 ras
1207 1358 1366 1401 publicari
1393 1364 1423 1391 et
1440 1359 1616 1402 praemissa
1636 1359 1743 1392 omnia
1760 1360 1870 1393 obser-

1133 1410 1198 1443 vari
1233 1411 1382 1443 saciant:
1421 1412 1673 1445 contradictores
1710 1413 1871 1455 quoslibet

1133 1474 1168 1496 ac.
1194 1464 1379 1507 praemissis
1409 1475 1472 1497 non
1510 1470 1660 1508 parentes
1686 1476 1743 1508 per
1777 1476 1871 1509 prae-

1134 1516 1232 1549 dictas
1260 1522 1291 1549 ct
1323 1517 1401 1550 alias
1426 1519 1623 1558 sententias,
1654 1529 1806 1552 censuras
1839 1525 1870 1552 et

1132 1580 1254 1614 poenas
1276 1571 1518 1611 ecclesiasticas,
1540 1572 1668 1615 aliaque
1687 1578 1870 1615 opportuna

1132 1623 1210 1656 iuris
1235 1628 1266 1656 et
1284 1624 1355 1657 tacti
1374 1625 1528 1663 remedia,
1548 1625 1768 1668 appellatione
1786 1631 1872 1668 post-

1132 1677 1254 1720 posita,
1287 1678 1549 1720 compescendo,
1575 1677 1721 1710 invocato
1748 1678 1867 1719 etiam,

1134 1734 1290 1772 quatenus
1309 1740 1388 1773 opus
1405 1730 1510 1771 l'uerit,
1526 1729 1643 1762 anxilio
1661 1730 1785 1763 brachii
1804 1742 1871 1764 sae-

1133 1782 1261 1815 cularis.

1176 1836 1190 1878 ξ
1215 1835 1246 1867 lt.
1273 1835 1340 1867 Non
1378 1836 1581 1871 obstantibus
1612 1837 1806 1879 praemissis,
1833 1848 1870 1870 ac
1900 1848 2065 1867 ennomus-in-

1133 1888 1294 1931 quibusvis
1320 1889 1604 1922 constitutionilms
1630 1895 1661 1922 et
1693 1876 1948 1923 ordinatio-‘⁰³⁶¹'

1133 1940 1227 1972 nibus
1253 1941 1463 1983 apostolicis,
1490 1942 1672 1984 ceterisque
1698 1942 1869 1975 contrariis

1132 1993 1396 2036 quilmsmnnqne.

1174 2047 1188 2089 g
1213 2046 1243 2078 5.
1271 2046 1347 2084 Quia
1372 2057 1449 2079 vero
1475 2046 1606 2080 disticile
1632 2048 1714 2081 soret
1742 2049 1799 2081 has
1818 2049 1867 2081 lit-

1912 2058 2064 2085 Transumpto-

1878 2092 1923 2106 rum
1939 2086 1999 2106 fidus.

1131 2157 1163 2184 ut
1200 2162 1308 2184 earum
1348 2153 1569 2196 transumptis,
1609 2164 1663 2187 seu
1700 2156 1866 2199 exemplis,

1131 2204 1225 2237 etiani
1248 2205 1433 2248 impressis,
1469 2217 1566 2239 mann
1592 2207 1726 2240 alicuius
1751 2208 1868 2241 notarii

1131 2257 1252 2301 publici
1286 2258 1490 2302 subscriptis,
1519 2264 1550 2291 et
1575 2259 1683 2302 sigillo
1710 2271 1869 2303 personae

1131 2311 1162 2343 in
1180 2311 1397 2344 ecclesiastica
1412 2312 1568 2354 dignitate
1589 2313 1784 2347 constitutae
1805 2325 1868 2347 mu-

1130 2363 1214 2403 nitis,
1242 2364 1354 2397 eadem
1376 2375 1508 2407 prorsus
1535 2365 1623 2405 fides,
1651 2371 1715 2398 tam
1735 2367 1767 2399 in
1786 2367 1868 2400 iudi-

1130 2417 1178 2450 cio
1204 2427 1299 2460 quam
1335 2422 1424 2450 extra
1460 2418 1540 2451 illud
1578 2419 1745 2459 habeatur,
1784 2431 1867 2463 quae

1132 2471 1305 2504 haberetur
1329 2471 1408 2514 ipsis
1445 2472 1669 2515 praesentibus
1703 2473 1728 2505 si
1761 2473 1869 2507 forent

1131 2524 1296 2557 exhibitae
1321 2525 1371 2558 vel
1398 2530 1560 2559 ostensae.

1174 2577 1288 2610 Datum
1306 2578 1443 2619 Romae,
1469 2580 1553 2622 apud
1575 2579 1605 2611 S.
1622 2579 1752 2612 Mariam
1771 2580 1869 2614 Ma1o-

1131 2641 1210 2674 rem,
1244 2632 1302 2665 sub
1331 2634 1451 2666 annulo
1489 2633 1677 2674 Piscatoris,
1710 2633 1761 2667 die
1797 2644 1869 2668 xxlx
