2279 3260
194 234 241 260 Au.
261 232 288 259 (Σ.
313 234 379 263 1675

390 286 501 328 plures
529 286 642 320 fratres
666 285 739 319 laici
768 296 826 319 seu
859 287 1018 325 conversi,
1052 298 1126 329 pro-

391 339 481 383 priae
499 339 675 373 vocationis
701 339 805 379 obliti,
820 351 856 373 ae
878 340 1033 373 humilem
1054 351 1126 383 per-
1146 368 1147 382 J

392 392 470 425 taesi
492 392 713 425 conditionem
734 403 796 435 qua
817 393 958 435 regulari
984 403 1017 426 se
1038 404 1127 425 man-
1145 390 1148 436 J

391 445 541 488 ciparunt
572 445 760 485 doctrinae,
787 456 805 478 a
838 445 943 478 laicali
972 451 1054 478 statu
1087 437 1147 478 ad¹

390 498 574 532 clericalem
588 499 736 540 transire,
755 510 791 532 ac
811 500 850 532 ad
871 509 982 532 sacros
995 499 1147 538 ordines,

390 551 573 595 promoveri
598 551 796 595 impotenter
820 557 1027 598 pertentant,
1055 557 1087 585 et
1110 546 1148 598 uf

388 604 558 637 vilioribus
584 604 745 638 exercitiis
767 605 805 638 ad
831 605 913 637 sacri
939 604 1048 637 altaris
1074 604 1148 654 nii-J

388 656 522 690 nisteria
539 658 724 699 ascendere,
745 658 890 701 quinimo
908 657 1127 701 poenitentiae

389 710 649 743 eteucharistiae
676 716 876 744 sacramenta
900 710 1126 743 administrare
1146 706 1149 747 i

1015 239 1157 263 CLEMENS
1181 241 1195 263 Χ
1222 240 1269 264 [Ψ.

1805 231 1867 264 583

1167 287 1309 320 remedio
1335 298 1505 320 occurrero
1531 289 1570 321 dc
1604 288 1804 332 benignitate
1830 300 1903 332 apo-

1166 340 1278 373 stolicsi
1304 340 1520 383 dignaremur.

1210 394 1276 436 §3
1304 393 1365 427 Nos
1394 394 1498 436 igitur,
1518 394 1618 437 ipsius
1644 395 1799 428 Dominici
1829 406 1904 438 pro·
1972 407 2100 429 Pramum

1167 446 1322 479 curatoris
1355 447 1516 488 generalis
1549 446 1628 479 rotis
1661 446 1691 478 in
1719 433 2098 492 [meinissis{Jllls'232¹'filil'.'¹.'‚'.⁴.

1168 505 1322 541 quantum
1348 510 1419 531 cuni
1438 499 1571 532 Domino
1595 510 1764 542 possumus
1784 487 2098 533 lavora-51¹3.1lss,‘.'¹23'11?„.2‘¹.

1168 552 1276 585 bilitcr
1292 563 1435 585 annuere
1454 553 1612 591 volentes,
1632 563 1771 595 eumque
1798 564 1814 585 a
1835 553 1904 596 qui-
1917 541 2099 591 {132¹3„i,.‹.¹‘''¹¹*''⁰

1168 606 1275 638 busvis
1303 606 1654 646 excomrmmicationis,
1681 605 1904 649 suspensionis

1168 664 1199 691 ct
1225 659 1399 699 interdicti,
1419 659 1554 702 aliisque
1576 659 1806 692 ecclesiasticis
1833 670 1905 692 sen-

1170 711 1285 751 tentiis,
1304 711 1449 744 censuris
1467 717 1498 744 et
1515 712 1642 754 poenis,
1665 723 1681 744 a
1705 712 1774 745 iure
1800 714 1848 746 vel
1867 712 1906 744 ab

1914 242 1961 267 An.
1979 240 2005 267 C.
2029 241 2097 268 1675

389 774 514 796 necnon
540 764 720 797 animarum
740 774 851 797 euram
868 774 1018 796 exercere
1036 763 1129 796 mini-
1170 764 1310 805 bomine,
1337 764 1445 807 quavis
1472 765 1643 797 occasione
1672 766 1721 798 vel
1747 766 1840 798 causa
1864 766 1907 798 la-

388 827 440 849 me
466 822 639 857 verentur3
667 821 698 849 ct
724 816 798 860 quia
823 827 888 849 non
915 816 1007 849 facile
1032 816 1066 848 in
1091 818 1128 849 ea
1147 837 1148 861 J
1170 816 1220 856 tis,
1248 817 1273 849 si
1299 817 1417 860 quibus
1454 817 1702 860 quomodolibet
1738 818 1908 851 innodatus

388 869 564 913 provincia,
586 869 619 902 in
640 880 702 912 qua
721 874 882 912 tamquam
904 869 978 902 laici
996 869 1034 902 ad
1053 869 1128 902 reli·
1146 870 1148 910 J

389 923 520 965 gionem
545 923 676 956 admissi
703 923 842 962 suerunt,
871 923 933 955 voti
959 927 1127 965 compotes

387 975 458 1009 {ieri
488 981 633 1019 possunt,
664 975 738 1008 ideo
772 975 917 1008 nonnulli
952 986 1063 1008 eorum
1089 976 1127 1008 de

388 1030 461 1062 loco
487 1029 527 1061 ad
551 1030 669 1067 locum,
695 1038 731 1060 ac
757 1028 795 1060 de
814 1027 982 1070 provincia
1002 1028 1033 1060 in
1054 1038 1128 1071 pro-

388 1081 525 1113 vinciam
548 1085 701 1123 vagantes
726 1080 951 1123 commigrant,
975 1085 1007 1113 et
1028 1081 1128 1123 aliqui

388 1134 427 1166 ad
441 1134 631 1166 remotiores
649 1133 745 1166 etiam
758 1133 879 1166 insulas
898 1144 932 1166 se
947 1134 1125 1179 conserunt,
1147 1136 1149 1175 J

388 1191 483 1229 atque
502 1185 546 1218 ita
563 1196 660 1229 quam
677 1191 845 1228 nequeunt
861 1186 944 1229 apud
968 1186 1128 1229 legitimos

387 1239 573 1282 superiores
593 1249 667 1274 suos
686 1239 807 1272 laicalis
832 1250 947 1272 eorum
972 1239 1129 1272 conditio-

389 1291 438 1324 nis
462 1291 611 1325 conscios
637 1291 822 1324 facultatem
847 1292 1006 1331 obtinere,
1026 1298 1061 1324 ut
1086 1303 1129 1324 sa-

390 1344 452 1377 cris
471 1344 642 1376 initientur
662 1344 841 1384 ordinibus,
859 1345 1004 1379 eamdem
1023 1345 1061 1377 ab
1078 1356 1130 1377 ex-

389 1397 466 1430 teris
492 1396 623 1429 tandem
648 1407 712 1429 non
738 1397 806 1429 sine
827 1397 901 1430 dolo
923 1402 1126 1441 extorquent.

243 1458 379 1489 incnmmffla
434 1450 449 1492 ξ
474 1449 504 1482 2.
528 1449 605 1482 Cum
631 1454 748 1489 autem,
768 1449 852 1483 sicut
869 1450 985 1483 eadem
1003 1450 1130 1493 exposi-

193 1486 380 1541 ‘lflssssi‘ifflss‘l‘s'iii
392 1503 435 1536 tio
456 1502 684 1546 subiungebat,
710 1503 879 1536 innumera
911 1514 947 1536 ex
982 1504 1042 1536 liae
1067 1505 1129 1536 una

193 1539 338 1560 'mmmm'
393 1556 637 1589 inobservantia
671 1557 882 1589 suboriantur
914 1557 1128 1597 incommoda,

392 1610 657 1654 quandoquidem
676 1611 816 1643 decursu
835 1616 934 1653 temp<
946 1610 988 1644 ris
1005 1610 1132 1654 praedi-

389 1663 432 1695 cti
449 1663 565 1696 sratres
584 1663 665 1704 laici,
678 1674 733 1696 seu
750 1664 910 1704 conversi,
925 1664 987 1696 ium
1004 1670 1129 1698 utcum-

388 1726 450 1760 que
475 1716 515 1749 ad
536 1726 645 1749 sacros
670 1716 802 1749 ordines
823 1717 979 1759 promoti,
998 1717 1036 1749 ad
1054 1728 1128 1761 pro·
1148 1759 1149 1763 J

386 1769 473 1814 prias
490 1770 673 1813 provincias
700 1775 732 1803 et
756 1775 943 1810 conventus,
964 1771 994 1803 in
1013 1771 1128 1813 quibus

387 1822 512 1866 recepti
545 1823 684 1861 suerunt,
711 1822 934 1865 remigrantes,
956 1823 987 1855 in
1013 1823 1127 1856 iisdem
1148 1817 1149 1821 ¹

387 1876 592 1909 contendunt
624 1876 865 1919 aggregationis
891 1881 922 1909 et
946 1876 1124 1918 filiationis,

387 1933 421 1961 ut
455 1934 551 1961 antea
586 1929 786 1969 fruebantur,
812 1929 909 1972 potiri
946 1930 1125 1972 privilegio,

386 1982 473 2025 quod
498 1981 629 2024 quidem
655 1981 739 2014 iuste
765 1982 829 2014 illis
864 1993 881 2014 a
911 1982 1026 2015 ceteris
1051 1984 1127 2016 reli-

387 2033 484 2076 giosis
521 2034 702 2077 denegatur
740 2034 781 2067 ob
814 2035 990 2068 indebitam
1024 2040 1148 2068 status!

389 2087 599 2120 variationem
624 2093 656 2120 et
682 2088 822 2121 dedecus
847 2089 934 2131 quod
963 2089 1126 2132 religiosis

388 2139 521 2173 inurunt
545 2151 603 2184 per
627 2151 740 2174 eorum
761 2141 928 2182 inscitiam,
955 2153 1049 2185 quam
1078 2145 1125 2177 vel

389 2202 514 2226 sacrum
545 2192 710 2233 facientes,
732 2195 781 2226 vel
813 2194 955 2227 officium
980 2195 1124 2229 divinum

389 2245 549 2288 tegentes,
575 2247 623 2279 vel
649 2247 758 2280 altaris
782 2247 961 2281 ministeria
978 2259 1126 2282 exercen-

391 2304 514 2338 ies‚aut
537 2305 737 2332 sacramenta
762 2300 1025 2334 administrantes
1042 2308 1126 2345 pate-

390 2350 529 2392 faciunt,
563 2351 638 2385 inde
674 2363 749 2386 vero
783 2353 856 2386 lites
879 2359 910 2386 et
934 2355 1069 2388 dissidia
1092 2356 1124 2388 in

390 2404 600 2437 conventibus
626 2410 658 2438 et
682 2406 856 2449 provinciis
882 2407 1010 2440 Ordinis
1034 2419 1125 2451 prae-

391 2458 467 2491 dicti
493 2468 699 2492 succrescere
724 2460 917 2493 videantur:
942 2462 1035 2494 nobis
1052 2473 1125 2505 pro-

389 2516 501 2554 pterea
521 2511 623 2544 dictus
647 2511 831 2545 Dominicus
862 2520 1053 2556 procurator
1073 2526 1126 2557 ge-

388 2564 509 2597 neralis
534 2563 700 2597 humiliter
724 2566 896 2609 supplicari
919 2567 1001 2607 fecit,
1021 2573 1056 2599 ut
1080 2573 1126 2601 tot

387 2616 491 2659 malis
507 2627 546 2650 ne
564 2617 689 2651 radices
702 2618 796 2652 altius
814 2626 920 2662 agant,
938 2626 1123 2665 opportuno

1169 868 1288 910 existit,
1324 870 1361 902 ad
1389 869 1541 902 effectum
1572 871 1792 913 praesentium
1823 871 1909 904 dum-

1171 927 1254 954 taxat
1274 924 1551 965 consequendum,
1572 924 1687 956 harum
1703 924 1785 957 serie
1803 925 1909 957 absol-

1170 981 1279 1008 ventes
1305 980 1337 1008 ct
1362 976 1543 1009 absolutum
1563 977 1631 1009 sore
1650 983 1831 1018 censentes,
1851 978 1909 1010 hu-

1169 1028 1310 1061 iusmodi
1346 1029 1640 1072 supplicationibus
1679 1031 1834 1071 inclinati,
1868 1043 1909 1068 ne

1170 1081 1208 1114 de
1234 1087 1344 1114 cetero
1371 1083 1455 1114 ullus
1480 1083 1584 1122 frater,
1603 1084 1639 1115 ad
1659 1085 1842 1125 regularem
1863 1085 1909 1118 di-

1169 1135 1208 1167 cti
1229 1135 1357 1167 Ordinis
1375 1135 1519 1168 habitum
1538 1137 1623 1169 inter
1647 1137 1747 1169 laicos
1765 1148 1820 1170 scu
1839 1149 1909 1171 con-

1169 1199 1279 1221 versos
1305 1194 1456 1232 receptus
1481 1194 1512 1221 et
1538 1189 1706 1230 admissus,
1729 1191 1768 1223 ad
1793 1195 1909 1224 statum

1170 1242 1352 1274 clericalem
1370 1242 1402 1274 in
1422 1242 1536 1275 eodem
1554 1242 1674 1275 Ordine
1696 1247 1727 1275 et
1744 1244 1783 1276 ad
1801 1254 1909 1277 sacros

1170 1295 1302 1328 ordines
1346 1295 1527 1338 promoveri
1563 1296 1685 1335 valeat,
1721 1296 1781 1328 nisi
1819 1297 1909 1340 prius

1170 1354 1388 1391 opportunum
1414 1359 1511 1392 super
1532 1359 1571 1381 eo
1598 1348 1759 1387 indultum
1785 1350 1823 1382 ab
1850 1350 1910 1382 hac

1170 1403 1278 1434 sancta
1302 1401 1384 1434 Sede
1409 1401 1589 1444 Apostolica
1614 1403 1848 1446 repoitarerit,
1874 1413 1910 1438 ac

1171 1454 1266 1487 etiam
1293 1459 1356 1486 tam
1375 1465 1391 1486 a
1408 1454 1518 1497 priore
1536 1455 1727 1497 provinciali
1745 1466 1821 1488 suae
1840 1467 1909 1499 pro-

1171 1506 1295 1539 vinciae
1320 1517 1415 1549 quam
1441 1517 1457 1538 a
1482 1507 1592 1550 priore
1619 1508 1761 1549 generali
1778 1507 1908 1541 Ordinis

1171 1558 1326 1601 praedicti
1354 1559 1531 1602 respective
1559 1560 1743 1593 facultatem
1765 1560 1908 1604 desuper

1171 1612 1311 1654 petierit,
1338 1617 1371 1644 et
1395 1611 1426 1644 in
1452 1612 1581 1655 scriptis
1608 1612 1668 1644 sibi
1694 1613 1830 1646 concedi
1851 1613 1907 1646 ob-

1171 1664 1319 1704 tinuerit3
1342 1674 1401 1697 nec
1425 1665 1511 1697 ullus
1534 1665 1633 1698 frater
1657 1665 1784 1698 Ordinis
1802 1666 1907 1699 liuius-

1170 1717 1256 1750 modi
1282 1717 1313 1749 in
1339 1722 1419 1749 statu
1446 1717 1549 1750 laicali
1576 1720 1753 1761 professus,
1781 1719 1834 1762 qui
1860 1730 1908 1752 sa-

1169 1780 1241 1803 cros
1260 1770 1392 1803 ordines
1417 1770 1455 1803 de
1481 1781 1613 1803 suorum
1640 1771 1844 1814 superiorum
1869 1771 1906 1805 li-

1169 1823 1275 1856 centia
1300 1823 1497 1866 suscipiendi
1521 1824 1704 1857 facultatem
1730 1825 1768 1857 ab
1794 1825 1906 1858 eadem

1168 1877 1281 1910 Sancta
1307 1877 1388 1909 Sede
1415 1877 1605 1918 obtinuerit,
1625 1878 1781 1911 eiusmodi
1808 1879 1906 1912 sacul-

1170 1935 1230 1963 tate
1249 1930 1372 1973 perfrui
1391 1931 1504 1970 valeat,
1523 1930 1585 1963 nisi
1604 1931 1705 1974 petita
1721 1937 1753 1964 et
1772 1932 1905 1964 obtenta

1169 1983 1289 2025 pariter
1325 1987 1388 2015 tam
1424 1993 1441 2014 a
1467 1983 1575 2025 priore
1613 1984 1803 2026 provinciali
1828 1995 1904 2018 suae

1168 2035 1353 2078 provinciae
1380 2045 1475 2078 quam
1499 2046 1517 2067 a
1541 2036 1648 2079 priore
1679 2037 1823 2078 generali
1848 2037 1905 2070 Or-

1168 2088 1251 2122 dinis
1274 2088 1459 2121 huiusmodi
1484 2088 1626 2129 licentia,
1649 2090 1849 2133 servatisque
1874 2095 1905 2123 et

1167 2142 1353 2186 adimpletis
1370 2143 1520 2175 omnibus
1539 2149 1570 2176 et
1585 2143 1721 2185 singulis
1740 2144 1804 2177 illis
1823 2156 1903 2187 quae

1167 2195 1199 2227 in
1224 2195 1384 2228 eiusmodi
1409 2196 1544 2229 indultis
1569 2202 1602 2229 et
1632 2197 1748 2230 litteris
1774 2203 1903 2241 aposto-

1167 2249 1236 2282 licis
1257 2249 1398 2292 desuper
1423 2250 1583 2292 expeditis
1613 2250 1814 2294 praescripta
1843 2252 1904 2285 sue-

1167 2303 1241 2342 rint,
1266 2302 1458 2335 auctoritate
1480 2303 1667 2346 apostolica,
1687 2309 1799 2337 tenore
1817 2315 1905 2347 prae-

1167 2356 1314 2396 sentium,
1330 2356 1541 2399 prohibemus
1568 2362 1600 2390 et
1624 2357 1858 2391 interdicimus.

1211 2409 1225 2452 ξ
1248 2409 1280 2441 4.
1306 2409 1460 2442 Volentes
1500 2415 1531 2442 et
1566 2411 1679 2443 eadem
1712 2412 1902 2445 auctoritate
1916 2420 2100 2469 v&glosenassularg:

1168 2468 1357 2502 statuentes,
1376 2469 1417 2502 ut,
1434 2463 1488 2506 qui
1515 2474 1604 2496 secus
1630 2463 1766 2507 egerint,
1786 2476 1803 2497 a
1820 2470 1904 2498 statu
1917 2473 2034 2497 venientes,

1168 2515 1273 2549 laicali
1298 2516 1336 2548 ad
1359 2516 1541 2549 clericalem
1569 2522 1779 2557 transeuntes,
1814 2519 1906 2550 cleri-

1167 2570 1268 2603 calem
1295 2570 1518 2603 characterem
1543 2570 1770 2613 suscipientes,
1797 2573 1844 2603 vel
1870 2583 1903 2604 se

1168 2623 1207 2656 ad
1231 2633 1340 2656 sacros
1366 2622 1497 2656 ordines
1522 2623 1705 2666 promoveri
1740 2623 1905 2667 facientes,
