2279 3260
250 257 281 282 κη
315 257 343 282 α,
367 257 432 284 nm
480 249 544 282 ΒΨ]

278 2286 364 2306 ltlotiva.

437 308 654 351 praesentium
679 308 857 342 litterarum
875 307 1098 351 transumptis,
1117 316 1173 339 seu

438 360 603 404 exemplis,
622 361 715 394 etiam
738 362 910 405 impressis,
928 370 1023 393 manu
1042 358 1174 392 alicuius

438 413 554 445 notarii
569 414 688 457 publici
706 415 907 457 subscriptis,
930 418 962 445 et
980 412 1087 455 sigillo
1106 421 1176 454 per-

439 476 537 498 sonae
563 466 592 499 in
613 467 829 499 ecclesiastica
849 466 1003 509 dignitate
1023 464 1177 498 constitu-

440 524 489 552 tae
516 520 668 560 munitis,
696 521 807 553 cadem
839 530 970 563 prorsus
996 518 1076 551 sides
1108 517 1176 550 ubi-

441 583 501 616 que
535 574 682 605 locorum
716 578 745 605 et
772 572 915 614 gentium
943 571 974 603 in
1001 570 1120 603 iudicio
1146 575 1177 602 et

440 631 528 657 extra
564 625 642 658 illud
681 625 860 664 lialu‘nitur,
893 634 973 667 qliae
1003 624 1178 656 liabewtur

440 678 517 720 ipsis
553 678 778 720 praesentibus
816 677 841 709 si
880 678 986 709 forent
1015 676 1177 709 exhibitae

439 731 487 762 vel
513 736 673 763 ostensae.

484 783 596 815 Dutuui
623 783 756 822 Romae,
777 783 860 826 apud
880 782 910 815 S.
931 781 1062 815 Mariani
1081 781 1177 814 Maio-

440 847 519 876 rem,
545 836 604 867 sul]
637 838 757 869 annulo
787 836 971 877 Piscatoris,
990 836 1041 869 dic
1069 846 1097 869 tv
1123 836 1177 868 de-

440 890 578 922 cembris
613 899 791 930 unetxxiv,
830 889 1037 933 pontificatus
1074 890 1176 922 nostri

440 953 525 976 anno
550 953 580 975 V.

848 998 870 1030 1.
892 997 927 1030 G.
947 998 1086 1032 Stusics.

475 1061 532 1088 Dat.
551 1061 594 1087 die
611 1062 624 1088 A
645 1061 796 1088 decembris
819 1061 895 1094 167⁵,
917 1061 1014 1095 pontif.
1032 1068 1101 1087 anno
1116 1068 1142 1087 v.

474 1123 640 1157 Reyistrata
656 1123 687 1149 in
703 1122 867 1149 Sem-elarini
887 1122 1034 1156 Brevium,
1051 1121 1082 1148 in
1098 1122 1146 1149 lib.
1164 1128 1177 1147 v

440 1166 630 1200 diversorum,
651 1166 699 1200 fob.
723 1165 787 1192 271.

734 1311 859 1344 t'thx.

440 1386 614 1420 Indultum
639 1396 701 1428 quo
732 1385 936 1429 praecipitur
958 1386 1174 1428 patriarchis,

485 1439 733 1482 archiepiscopis
758 1443 786 1470 el
811 1439 976 1481 episcopis,
1005 1439 1179 1480 celerisque

488 1493 632 1525 locormn
658 1491 849 1524 (Ji-dinariis
884 1492 1024 1531 Italiae,
1060 1501 1177 1523 necnon

484 1544 705 1587 superioribus
743 1544 951 1585 yeueralibus
993 1544 1180 1586 quorumvis

487 1598 665 1637 Ordinum,
693 1598 979 1639 congsreqationum
1003 1601 1032 1629 et
1049 1597 1181 1628 institu-

488 1655 591 1683 torum
616 1650 832 1693 reqularium,
860 1654 896 1682 ul
919 1650 1035 1682 saltem
1055 1649 1182 1681 duabus

487 1705 608 1736 vicibus
632 1703 774 1746 quolibet
799 1713 896 1742 aimo,
924 1703 1091 1736 Adventus
1115 1703 1177 1735 sci-

489 1757 560 1788 lice!
578 1760 606 1788 et
625 1756 897 1798 Qundrayesimae
919 1755 1124 1798 temporibus,
1148 1755 1181 1787 in

487 1810 555 1841 susc
572 1809 754 1851 respeclz'ois
771 1809 921 1849 ecclesiis,
943 1813 1006 1841 tam
1023 1819 1080 1851 per
1098 1809 1183 1840 verbi

487 1862 547 1894 Dee?
571 1861 807 1904 praedicatores
835 1861 869 1893 in
899 1862 1000 1894 sacris
1024 1862 1181 1894 concioni-

489 1916 566 1955 bus,
594 1926 693 1958 quum
727 1916 760 1947 in
792 1915 871 1948 aliis
903 1916 1027 1948 actibus
1057 1920 1085 1948 el
1109 1916 1181 1958 suns-

488 1968 652 2009 ctc'onibus,
671 1968 936 2010 christifidelium
958 1969 1103 2001 miserius
1126 1968 1182 2002 sub

491 2023 703 2054 barbarorum
727 2024 878 2055 servitute
901 2023 1110 2055 cacistentium
1128 2034 1184 2066 po-

489 2076 566 2119 pulo
583 2076 723 2118 proponi
747 2080 867 2108 curent.

672 2155 807 2182 Clemens
827 2156 907 2189 Papa
927 2156 959 2187 X,

588 2201 624 2228 ad
641 2201 773 2227 futuram
794 2201 837 2227 rei
857 2201 1038 2228 memoriam.

490 2274 585 2315 Cum,
613 2273 696 2306 sicut
725 2272 861 2305 dilectus
887 2272 971 2305 silius
998 2273 1142 2307 Andreas
1167 2285 1183 2307 a

446 2328 615 2362 Niriz-itate
633 2327 749 2359 Beatae
771 2327 900 2366 Marffle,
917 2326 947 2359 in
970 2327 1112 2360 Romana
1129 2327 1184 2360 Cu-

446 2383 493 2415 ria
518 2385 710 2425 procurator
735 2379 895 2422 generalis
916 2379 1182 2422 Congregationis

447 2437 578 2468 t'rcitruxn
614 2433 887 2466 Disculrcntorum
912 2432 1051 2465 nationis
1088 2431 1206 2466 Galli-¹

446 2500 543 2521 ςειῃιιω
569 2487 696 2520 Ordinis
722 2485 774 2519 SS.
795 2485 960 2518 Trinitatis
987 2486 1183 2529 redemptio-

445 2542 494 2574 nis
510 2541 718 2584 captivorum,
733 2539 827 2571 nobis
847 2549 950 2581 nuper
967 2538 1082 2581 exponi
1097 2540 1182 2577 t'ecit,

447 2596 517 2638 ipse
553 2594 705 2626 dilectum
738 2593 859 2635 pariter
888 2591 987 2623 silium
1021 2591 1135 2623 Lucam
1167 2602 1181 2622 a

447 2650 478 2683 S.
506 2650 622 2682 Ioanne
647 2646 827 2679 ministrum
846 2645 976 2678 Liburni
1003 2644 1034 2676 in
1060 2644 1181 2676 Etruria
1203 2669 1204 2675 ,

1022 258 1100 283 nrm.
1108 258 1200 282 &RUVM
1226 257 1375 283 nottAxuM

1218 305 1361 339 eiusdem
1386 305 1648 351 Congregationis
1673 312 1703 339 et
1727 308 1882 342 actualem
1903 318 1952 341 re-

1219 358 1434 401 demptorem,
1457 359 1510 403 qui
1535 372 1551 392 a
1576 360 1709 393 biennio
1735 359 1862 393 circiter
1885 360 1953 393 Tri-

1219 410 1284 453 poli
1297 410 1433 452 Africae,
1446 412 1512 453 ubi,
1529 412 1595 445 Deo
1612 413 1745 453 favente,
1756 413 1956 457 captivorum

1219 462 1496 506 redemptionem,
1530 470 1687 507 quantum
1712 465 1771 497 sibi
1798 465 1954 509 possibile

1221 514 1340 555 suerat,
1367 515 1533 558 copiosam
1566 516 1702 557 fecerat,
1729 527 1795 550 non
1822 517 1891 550 sine
1917 519 1960 551 la-

1220 567 1334 610 crymis
1352 568 1550 601 referentem
1576 569 1735 602 audiverit
1761 576 1883 613 quanto
1903 581 1961 602 nu-

1219 630 1309 653 mero
1335 620 1401 653 illic
1424 620 1654 654 christifideles
1671 623 1731 655 sub
1750 623 1829 655 dura
1846 623 1960 656 barba-

1220 683 1328 706 rorum
1350 673 1504 706 servitute
1522 683 1593 706 cum
1615 673 1744 716 gemino
1762 675 1909 718 corporis
1928 681 1961 708 et

1221 726 1347 758 animae
1382 726 1525 769 periculo
1551 727 1778 767 detineantur,
1806 732 1838 760 et
1862 739 1957 771 quarn

1221 779 1370 822 gravibus
1384 778 1504 811 ibidem
1523 779 1685 812 aerumnis
1699 779 1824 812 assidue
1846 780 1959 813 conili-

1221 837 1365 873 ctentur,
1386 832 1459 876 quia
1476 842 1552 864 vero
1570 831 1620 864 his
1640 832 1852 875 temporibus,
1870 833 1959 866 resri-

1222 890 1373 928 gescente
1398 886 1574 918 multorum
1592 884 1760 925 charitate,
1778 885 1906 918 modica
1928 886 1960 918 in

1222 939 1447 983 redemptione
1474 939 1633 972 dictorum
1660 938 1858 981 captivorum
1885 940 1962 972 sub-

1222 992 1302 1025 sidia
1326 991 1545 1031 conseruntur,
1579 991 1655 1024 inde
1681 991 1800 1024 horum
1832 991 1962 1024 calami-

1223 1050 1301 1078 tates
1325 1050 1355 1078 et
1382 1044 1530 1088 pericula
1569 1044 1600 1076 in
1627 1043 1695 1076 dies
1719 1043 1960 1086 ingravescunt,

1222 1097 1325 1131 dictus
1338 1098 1480 1130 Andreas
1489 1102 1680 1140 procurator
1689 1096 1850 1140 generalis
1863 1097 1962 1129 cbris-

1223 1151 1391 1184 titideliurn
1414 1150 1570 1193 pietatem
1596 1150 1635 1182 ad
1660 1160 1742 1193 opus
1768 1150 1849 1182 adeo
1870 1150 1962 1193 pium

1222 1203 1351 1237 excitari
1371 1203 1548 1246 plurimum
1567 1203 1749 1236 desideret:

1265 1257 1280 1299 ἓ
1304 1257 1334 1289 t.
1355 1255 1427 1295 Nos,
1446 1255 1547 1298 ipsius
1572 1255 1721 1288 Andreae
1739 1254 1960 1298 procuratoris

1223 1309 1381 1353 generalis
1406 1309 1487 1341 votis
1513 1308 1574 1340 hae
1596 1308 1629 1340 in
1654 1318 1688 1340 re
1707 1312 1864 1351 quantum
1888 1318 1962 1341 cum

1222 1362 1357 1396 Domino
1381 1371 1553 1405 possumus
1577 1360 1717 1403 benigne
1743 1371 1886 1393 annuere
1910 1371 1963 1393 vo-

1223 1418 1339 1455 lentes,
1371 1424 1510 1457 eumque
1536 1424 1552 1446 a
1578 1413 1746 1457 quibusvis
1780 1423 1962 1446 excommu-

1224 1467 1407 1507 nicationis,
1450 1467 1674 1510 suspensionis
1717 1471 1748 1498 et
1787 1466 1961 1506 interdicti,

1224 1521 1360 1564 aliisque
1375 1519 1600 1553 ecclesiasticis
1614 1519 1796 1559 sententiis,
1814 1519 1961 1552 censuris

1225 1581 1256 1607 et
1280 1574 1404 1617 poenis,
1422 1584 1439 1606 a
1458 1573 1528 1606 iure
1553 1575 1602 1606 vel
1631 1573 1670 1605 ab
1688 1572 1831 1613 homine,
1851 1572 1962 1616 quavis

1225 1627 1393 1660 occasione
1413 1627 1461 1658 vel
1483 1628 1580 1658 causa
1598 1625 1679 1666 latis,
1705 1625 1730 1658 si
1749 1625 1864 1668 quibus
1882 1636 1963 1669 quo-

1227 1680 1406 1713 modolibet
1424 1679 1597 1712 innodatus
1619 1678 1734 1719 existit,
1756 1678 1795 1711 ad
1814 1677 1963 1712 effectum

1226 1733 1446 1778 praesentium
1479 1733 1643 1765 dumtaxat
1674 1732 1961 1776 consequendum,

1228 1789 1339 1820 barum
1371 1786 1456 1819 serie
1481 1786 1685 1819 absolventes
1716 1790 1748 1818 et
1777 1785 1963 1818 absolutum

1227 1843 1294 1874 t'ore
1319 1845 1497 1880 censentes,
1517 1839 1806 1883 supplicationibus
1824 1839 1892 1872 eius
1909 1849 1963 1872 no-

1226 1896 1312 1928 rnine
1338 1894 1430 1927 nobis
1456 1904 1554 1936 super
1578 1893 1640 1928 hoc
1664 1893 1833 1925 humiliter
1848 1903 1963 1936 porre-

1226 1949 1284 1981 ctis
1308 1947 1462 1987 inclinati,
1489 1947 1527 1979 de
1556 1945 1791 1979 venerabilium
1827 1945 1962 1978 fratrum

1226 2006 1412 2035 nostrorum
1437 2000 1468 2033 S.
1495 1999 1532 2032 R.
1563 1998 1597 2031 E.
1624 1998 1835 2031 cardinalium
1861 2008 1962 2040 nego-

1228 2055 1279 2088 tiis
1304 2060 1333 2088 et
1358 2053 1650 2087 consultationibus
1675 2052 1903 2095 episcoporum
1930 2058 1962 2085 et

1226 2107 1423 2151 regularium
1448 2104 1709 2149 praepositorum
1741 2105 1886 2145 consilio,
1910 2115 1963 2138 ve-

1228 2161 1425 2195 nerabilibus
1444 2159 1596 2192 fratribus
1614 2158 1820 2202 patriarchis,
1837 2157 1963 2191 archie-

1227 2215 1374 2259 piscopis,
1401 2212 1572 2256 episcopis,
1607 2212 1788 2255 ceterisque
1813 2213 1961 2245 locorum

1227 2268 1402 2302 ordinariis
1427 2265 1548 2305 ltaliae,
1579 2276 1707 2298 necnon
1739 2265 1863 2298 dilectis
1888 2265 1962 2298 filiis

1227 2321 1448 2367 superioribus
1475 2319 1680 2363 generalibus
1703 2320 1887 2363 quorumvis
1911 2319 1963 2353 Or-

1228 2377 1347 2415 dinum,
1369 2373 1657 2416 congregationum
1686 2379 1717 2405 et
1742 2372 1963 2406 institutorum

1228 2428 1434 2472 regularium,
1450 2428 1563 2459 harum
1578 2426 1668 2467 serie,
1679 2426 1870 2460 auctoritate
1887 2438 1963 2470 apo-

1227 2483 1350 2522 stolica,
1361 2480 1577 2525 praecipimus
1595 2485 1627 2513 et
1643 2480 1839 2520 mandamus,
1859 2485 1892 2512 ut
1906 2482 1963 2514 sal-

1230 2536 1292 2569 tem
1318 2535 1443 2568 duabus
1468 2533 1588 2566 vicibus
1613 2533 1760 2576 quolibet
1791 2543 1885 2572 anno,
1901 2532 1964 2565 Ad-

1230 2593 1340 2621 ventus
1378 2587 1503 2620 scilicet
1528 2592 1557 2619 et
1576 2586 1848 2628 Quadi-agesimo
1885 2591 1964 2618 tein-

1229 2642 1367 2686 poribus,
1387 2641 1417 2673 in
1439 2641 1503 2674 suis
1528 2639 1704 2683 respective
1730 2639 1884 2681 ecclesiis,
1899 2645 1963 2672 tzun

1962 258 2010 286 An.
2027 258 2055 285 C.
2078 257 2145 284 ¹675

1999 1266 2078 1286 Statuit
2096 1268 2120 1286 ut
2136 1267 2156 1287 in

1972 1293 2065 1313 rubrica.
