2279 3260
475 242 539 273 (398
1022 251 1197 275 aurianum
1227 251 1378 275 nouauuu

517 303 692 336 transferre
716 303 886 346 pensiones
906 304 945 336 ad
971 313 1128 336 summam
1155 308 1283 335 centum
1308 303 1513 345 ducatorum,
1532 304 1574 338 ‘26
1591 316 1611 338 α
1635 311 1665 338 et
1689 316 1772 349 seq.·,
1789 307 1973 342 eximuntur

516 366 533 388 a
558 355 669 398 spoliis
695 366 769 389 cum
794 356 943 389 facultate
964 354 1124 393 testandi,
1148 355 1191 388 27
1216 366 1237 388 α
1261 360 1292 388 et
1311 355 1342 395 1›;
1368 355 1509 399 ipsorum
1539 357 1704 402 privilegia
1728 364 1803 392 sunt
1827 366 1972 404 exempta

515 409 556 440 ab
581 408 796 442 insinuatione
814 409 844 442 in
863 418 1003 447 ramera,
1021 407 1062 440 97
1084 409 1123 448 b·‚
1150 408 1415 441 conclavistarum
1432 410 1650 451 predictorum
1675 417 1866 454 procurator
1882 423 1976 456 prae-

517 463 589 495 fatis
614 462 785 506 privilegiis
809 462 929 505 gaudet
954 467 1084 504 excepta
1110 461 1355 505 participatione
1380 461 1491 495 decem
1518 463 1657 496 millium
1682 469 1860 505 scutorum,
1880 465 1922 498 28
1941 476 1973 498 a.

427 514 614 548 Confessarii
642 521 787 558 tempore
811 514 942 547 lubilaei
969 514 1087 547 hahent
1112 515 1279 548 facultates
1316 514 1504 548 absolvendi
1537 526 1552 548 a
1587 516 1714 550 casibus
1744 518 1912 552 reservatis
1938 529 1976 551 ac

518 568 725 610 dispensandi
753 572 783 600 ct
807 567 1029 600 commutandi
1055 573 1146 608 vota,
1173 567 1216 600 54
1240 578 1279 608 α;
1305 569 1530 609 confessarius,
1550 570 1645 602 etiam
1671 571 1887 613 regularis‚in
1911 582 1976 605 una

518 621 655 654 dioecesi
678 620 888 663 approbatus,
915 630 980 653 non
1007 626 1112 664 potest
1132 621 1162 653 in
1187 620 1250 653 alia
1282 621 1497 655 confessiones
1529 621 1641 655 audire
1657 649 1664 662 ,
1691 622 1734 656 56
1759 624 1793 663 b·,
1817 626 1976 658 confessa-

517 675 583 707 rius
607 672 804 717 approbatus
829 673 869 705 ad
895 672 1072 706 audiendas
1089 672 1306 706 confessiones
1326 674 1551 713 saecularium,
1572 684 1635 708 non
1654 675 1843 719 intelligitur
1859 687 1977 720 appro-

519 728 611 759 batus
637 726 675 759 ad
697 726 877 759 audiendas
902 726 1119 759 confessiones
1149 726 1355 767 monialium,
1380 726 1420 759 57
1447 738 1486 767 a;
1512 728 1727 762 confessarius
1752 730 1851 763 semel
1876 729 1977 774 depu-

519 786 601 813 tatus
625 786 655 812 ct
680 779 878 822 approbatus
903 779 943 813 ad
968 779 1186 812 consessiones
1213 779 1405 813 monialium
1424 779 1517 813 debet
1532 781 1705 824 approbari
1733 782 1824 815 toties
1849 784 1976 826 quoties

518 833 735 876 deputationis
757 842 850 865 casus
877 832 1058 876 contigerit,
1089 833 1190 871 ibid.,·
1220 833 1430 866 confessarius
1459 833 1579 877 absque
1603 844 1685 866 nova
1717 834 1844 868 licentia
1872 842 1978 879 potest

527 886 640 929 quovis
675 893 821 930 tempore
846 886 1051 919 infirmorum
1077 887 1296 929 confessiones
1321 887 1452 927 audire,
1478 886 1519 919 57
1545 897 1582 924 α’,
1606 892 1732 921 tenetur
1755 893 1862 921 tamen
1886 900 1977 932 paro-

519 941 629 981 clium,
656 940 769 973 saltem
793 949 852 982 per
876 939 1069 983 scripturam
1102 939 1188 983 apud
1210 939 1314 983 ipsum
1340 938 1505 972 infirmum
1529 939 1788 984 relinquendam,
1808 942 1979 975 certiorem

519 993 654 1026 reddere
670 1020 677 1033 ,
710 993 751 1026 57
784 993 819 1033 [13
847 993 1059 1026 confessarius
1085 993 1243 1036 regularis
1269 994 1391 1036 absque
1417 994 1574 1036 temporis
1599 994 1824 1037 praefinitione
1849 995 1888 1027 ab
1914 996 1979 1039 epi-

518 1057 615 1090 scopo
633 1046 741 1089 (secus
766 1046 791 1079 si
818 1047 857 1079 ab
882 1047 950 1079 eius
975 1046 1092 1080 vicario
1110 1047 1157 1079 vel
1183 1046 1453 1088 antecessoribus)
1471 1047 1682 1090 approbatus,
1702 1048 1818 1080 iterum
1844 1048 1883 1080 ab
1909 1048 1978 1091 ipso

519 1110 584 1133 non
606 1106 653 1133 est
680 1099 910 1133 examinandus
936 1105 989 1133 aut
1014 1099 1258 1142 suspendendus
1283 1100 1406 1142 absque
1430 1109 1510 1132 nova
1536 1109 1630 1132 causa
1654 1099 1738 1142 ipsas
1764 1100 1978 1133 confessiones

519 1159 744 1194 concernente,
763 1152 805 1186 57
832 1154 860 1185 b.

429 1207 650 1241 Confessiones
675 1207 899 1247 saecularium,
912 1206 967 1249 qui
992 1206 1057 1239 sint
1080 1216 1152 1238 vere
1177 1205 1217 1237 de
1240 1204 1360 1237 familia
1384 1210 1415 1237 et
1440 1205 1584 1237 continui
1608 1205 1852 1243 commensales,
1867 1206 1979 1239 audire

519 1267 653 1303 possunt
677 1260 810 1303 praelati
834 1266 864 1292 ct
888 1261 1084 1293 confessores
1110 1257 1320 1301 regularium,
1348 1256 1388 1289 57
1414 1267 1453 1297 a·‚
1480 1257 1695 1290 confessiones
1728 1258 1766 1289 ad
1800 1258 1977 1291 audiendas

521 1314 629 1347 idonei
653 1319 708 1346 aut
733 1324 796 1346 non
830 1313 936 1346 idonei
961 1312 1078 1356 reperti
1111 1312 1294 1354 regulares,
1320 1309 1486 1353 quomodo
1522 1310 1560 1342 ad
1598 1320 1650 1343 eas
1675 1310 1715 1342 ab
1739 1310 1892 1354 episcopo
1916 1310 1980 1343 sint

520 1367 727 1407 admittendi,
754 1367 853 1407 z'bz'd.;
878 1377 895 1398 a
920 1365 1176 1399 confessionibus
1201 1363 1371 1397 audiendis
1395 1363 1527 1406 quando
1558 1362 1623 1396 sint
1646 1363 1862 1407 suspendendi
1887 1374 1981 1405 regu-

522 1421 613 1459 lares,
640 1419 680 1452 57
706 1419 740 1455 b:
766 1418 1003 1451 confessionum
1038 1417 1272 1450 audiendarum
1300 1417 1430 1449 facultas
1454 1426 1518 1449 non
1543 1422 1648 1460 potest
1674 1416 1713 1449 ab
1739 1417 1888 1460 episcopo
1913 1427 1980 1449 om-

520 1473 614 1506 nibus
631 1472 726 1505 simul
741 1472 882 1505 eiusdem
910 1477 1085 1504 conventus
1109 1470 1207 1503 adimi
1235 1470 1417 1503 inconsulta
1441 1469 1522 1503 Sede
1547 1469 1744 1513 Apostolica‚
1770 1468 1812 1503 58
1838 1481 1868 1501 a.

433 1525 683 1561 Confraternitas
708 1525 742 1557 Β.
772 1524 889 1557 Mariae
922 1523 961 1557 de
994 1524 1096 1557 Monte
1120 1523 1288 1563 Carmelo,
1313 1522 1380 1556 295
1404 1533 1441 1558 a:
1466 1522 1690 1566 indulgentiae
1721 1522 1781 1566 ipsi
1807 1532 1980 1556 concessae

519 1579 726 1622 ampliantur,
751 1577 815 1610 296
840 1578 868 1609 Ι).

432 1633 680 1667 Confraternitas
706 1632 965 1664 Cincturatorum
989 1631 1019 1664 S.
1043 1631 1214 1674 Augustini
1243 1637 1273 1664 et
1299 1631 1329 1664 S.
1358 1630 1500 1664 Monicac
1525 1630 1584 1663 sub
1616 1630 1820 1664 invocatione
1849 1630 1881 1662 B.
1913 1630 1981 1662 Vir-

519 1686 602 1729 ginis
628 1686 668 1718 de
693 1684 916 1718 Consolatione
941 1690 1046 1718 erecta
1072 1685 1236 1718 Bononiae
1260 1684 1292 1717 in
1317 1684 1453 1718 ecclesia
1479 1684 1509 1716 S.
1533 1683 1648 1721 lacobi,
1666 1683 1731 1717 552
1758 1684 1793 1719 h:
1814 1683 1981 1727 indulgen-

520 1742 582 1774 tiae
606 1739 822 1773 confratribus
847 1744 878 1771 et
903 1737 1130 1771 consororibus
1156 1748 1325 1772 concessae
1350 1739 1551 1775 referuntur,
1577 1736 1656 1769 ibid.
1684 1742 1715 1770 et
1738 1747 1824 1779 seq.;
1850 1737 1977 1769 confra-

522 1793 677 1827 ternitatis
717 1792 900 1835 praedictae
932 1794 1107 1825 confratres
1142 1791 1362 1825 benefactores
1394 1790 1592 1834 participant
1628 1790 1736 1823 onmia
1765 1790 1867 1829 bona,
1899 1800 1981 1833 quae

520 1848 603 1880 fiunt
641 1847 673 1880 in
709 1846 828 1879 Ordine
853 1846 883 1879 S.
909 1845 1078 1888 Augustini
1105 1851 1136 1877 et
1167 1845 1200 1877 in
1232 1849 1297 1878 tota
1326 1843 1468 1877 Ecclesia
1493 1843 1671 1883 militante,
1698 1842 1758 1876 561
1788 1854 1829 1882 α;
1858 1844 1982 1876 confra-

520 1900 661 1933 ternitati
687 1901 847 1943 praefatae
871 1898 1154 1932 communicantur
1171 1909 1283 1932 omnes
1301 1897 1523 1941 indulgentiae
1541 1896 1686 1930 eiusdem
1713 1896 1850 1935 Ordinis,
1869 1895 1929 1930 561
1953 1897 1979 1928 b.

432 1952 714 1987 Confraternitates
739 1954 819 1985 sacri
845 1952 1027 1995 Scapularis
1051 1952 1154 1985 ubivis
1180 1952 1322 1984 locorum
1355 1951 1521 1985 instituere
1549 1955 1684 1994 possunt
1715 1950 1897 1994 superiores
1929 1960 1983 1992 ge-

520 2007 645 2040 nerales
679 2006 921 2040 Carmelitarun]
937 2033 944 2047 ⁷
972 2004 1037 2038 408
1062 2016 1100 2045 (ις
1126 2005 1267 2049 ipsarum
1294 2005 1413 2038 erectio
1438 2005 1478 2038 de
1502 2003 1673 2049 praeterito
1691 2003 1850 2036 validatur
1875 2009 1902 2036 et
1926 2013 1983 2035 sa-

522 2065 639 2100 natur,
664 2059 730 2092 494
754 2059 770 2091 h
795 2064 826 2091 ct
848 2070 910 2103 seq.

434 2112 717 2147 Confraternitates
748 2112 1018 2155 Cliordigerorum
1039 2112 1160 2156 ubique
1186 2113 1310 2156 erigere
1330 2111 1423 2145 datur
1440 2111 1572 2145 facultas
1590 2110 1736 2144 ministro
1757 2110 1900 2153 generali
1921 2110 1983 2142 Mt-

520 2177 636 2200 norum
662 2165 941 2205 Conventualium,
967 2165 1032 2199 413
1058 2177 1099 2206 α;
1131 2171 1162 2199 et
1187 2166 1281 2199 etiam
1307 2165 1453 2198 ministro
1478 2164 1617 2208 generali
1651 2164 1690 2196 de
1717 2162 1924 2197 Observantia
1949 2163 1980 2196 in

521 2220 600 2253 locis
624 2219 680 2252 ubi
706 2229 770 2253 non
792 2219 856 2252 sint
876 2219 1029 2252 ecclesiae
1047 2219 1205 2252 Minorum
1224 2218 1502 2257 Conventualium‚
1529 2216 1593 2250 413
1619 2217 1635 2249 b
1660 2222 1691 2250 et
1714 2227 1775 2260 seq.

434 2273 715 2306 Confraternitates
745 2272 798 2305 SS.
833 2272 1048 2314 Sacramenti‚
1075 2273 1108 2305 B.
1134 2273 1247 2305 Mariae
1271 2271 1422 2315 Virginis,
1449 2276 1480 2304 et
1503 2270 1534 2304 S.
1563 2269 1773 2314 Iosephi,sub
1798 2269 1890 2303 titulo
1908 2270 1983 2303 Gre-

522 2326 570 2369 gis
597 2326 675 2359 Boni
698 2325 853 2365 Pastoris,
875 2326 1134 2369 supprimuntur,
1161 2325 1226 2359 440
1251 2325 1278 2358 b.

438 2378 695 2412 Confraternitati
731 2378 783 2411 SS.
817 2378 981 2411 Trinitatis
1021 2378 1248 2422 redemptionis
1284 2378 1483 2422 captivorum
1513 2377 1734 2421 indulgentiae
1766 2386 1933 2410 concessae
1966 2387 1984 2408 a

522 2433 622 2466 Paulo
647 2432 671 2464 V
697 2432 895 2472 referuntur,
912 2430 975 2465 387
994 2431 1010 2463 b
1035 2438 1063 2465 et
1089 2443 1173 2476 seq.;
1199 2438 1230 2466 et
1254 2432 1511 2471 confirmantur,
1541 2430 1606 2464 390
1638 2442 1677 2472 α’,
1702 2431 1824 2475 ubique
1849 2436 1983 2474 possunt

520 2486 599 2529 origi
637 2495 655 2518 a
687 2485 834 2519 ministro
868 2495 924 2518 seu
949 2492 1157 2529 procuratore
1183 2486 1322 2529 generali
1347 2485 1496 2525 Ordinis,
1523 2483 1581 2518 39t
1613 2495 1653 2525 α,
1677 2490 1709 2518 et
1732 2482 1796 2518 408
1821 2484 1838 2516 b
1863 2489 1894 2517 et
1918 2493 1979 2526 seq.

433 2538 710 2572 Confraternitatis
734 2538 786 2571 SS.
816 2538 939 2571 Rosarii
964 2538 1183 2582 indulgentiae
1206 2539 1381 2573 nonnullae
1407 2539 1445 2573 ad
1464 2548 1526 2573 non
1546 2539 1722 2573 confratres
1744 2544 1773 2572 et
1793 2547 1982 2572 consorores

522 2591 751 2634 extenduntur,
779 2591 844 2624 164
869 2602 889 2624 α
915 2597 946 2626 et
969 2602 1032 2636 seq.

568 2646 636 2687 (De
659 2646 709 2679 his
733 2645 1057 2688 confraternitatz'bus
1080 2647 1152 2679 vide
1173 2647 1272 2689 plura
1296 2646 1351 2680 sub
1377 2645 1464 2680 verbo
1489 2646 1741 2690 Indulgentiae).
