<?xml version="1.0" encoding="UTF-8"?>
<!DOCTYPE html PUBLIC "-//W3C//DTD XHTML 1.0 Transitional//EN"
    "http://www.w3.org/TR/xhtml1/DTD/xhtml1-transitional.dtd">
<html xmlns="http://www.w3.org/1999/xhtml" xml:lang="en" lang="en">
 <head>
  <title>
</title>
<meta http-equiv="Content-Type" content="text/html;charset=utf-8" />
  <meta name='ocr-system' content='tesseract 3.04.00' />
  <meta name='ocr-capabilities' content='ocr_page ocr_carea ocr_par ocr_line ocrx_word'/>
</head>
<body>
  <div class='ocr_page' id='page_1' title='image "./bullarumdiplomat18cath_0596.png"; bbox 0 0 2279 3260; ppageno 0'>
   <div class='ocr_carea' id='block_1_1' title="bbox 264 241 1210 274">
    <p class='ocr_par' dir='ltr' id='par_1_1' title="bbox 264 241 1210 274">
     <span class='ocr_line' id='line_1_1' title="bbox 264 241 1210 274; baseline -0.005 -1"><span class='ocrx_word' id='word_1_1' title='bbox 264 247 313 273; x_wconf 77' lang='lat' dir='ltr'>An.</span> <span class='ocrx_word' id='word_1_2' title='bbox 331 246 360 274; x_wconf 85' lang='lat' dir='ltr'>C.</span> <span class='ocrx_word' id='word_1_3' title='bbox 384 247 451 274; x_wconf 80' lang='lat'>1675</span> <span class='ocrx_word' id='word_1_4' title='bbox 497 241 560 271; x_wconf 67' lang='lat'>558</span> <span class='ocrx_word' id='word_1_5' title='bbox 1029 244 1210 271; x_wconf 62' lang='lat' dir='ltr'>muranum</span> 
     </span>
    </p>
   </div>
   <div class='ocr_carea' id='block_1_2' title="bbox 1233 244 2159 276">
    <p class='ocr_par' dir='ltr' id='par_1_2' title="bbox 1233 244 2159 276">
     <span class='ocr_line' id='line_1_2' title="bbox 1233 244 2159 276; baseline 0.008 -7"><span class='ocrx_word' id='word_1_6' title='bbox 1233 244 1384 271; x_wconf 69' lang='lat' dir='ltr'>ROMANUM</span> <span class='ocrx_word' id='word_1_7' title='bbox 1968 248 2023 275; x_wconf 90' lang='lat' dir='ltr'>An.</span> <span class='ocrx_word' id='word_1_8' title='bbox 2039 247 2068 276; x_wconf 84' lang='lat' dir='ltr'>C.</span> <span class='ocrx_word' id='word_1_9' title='bbox 2091 247 2159 276; x_wconf 80' lang='lat'>1675</span> 
     </span>
    </p>
   </div>
   <div class='ocr_carea' id='block_1_3' title="bbox 457 293 1966 339">
    <p class='ocr_par' dir='ltr' id='par_1_3' title="bbox 457 293 1966 339">
     <span class='ocr_line' id='line_1_3' title="bbox 457 293 1966 339; baseline 0.001 -12"><span class='ocrx_word' id='word_1_10' title='bbox 457 296 643 339; x_wconf 70' lang='lat' dir='ltr'><strong>eisdemque</strong></span> <span class='ocrx_word' id='word_1_11' title='bbox 664 305 736 328; x_wconf 91' lang='lat' dir='ltr'>vere</span> <span class='ocrx_word' id='word_1_12' title='bbox 757 295 1001 338; x_wconf 83' lang='lat' dir='ltr'>poenitentibus</span> <span class='ocrx_word' id='word_1_13' title='bbox 1019 299 1050 325; x_wconf 87' lang='lat' dir='ltr'>et</span> <span class='ocrx_word' id='word_1_14' title='bbox 1067 293 1193 325; x_wconf 85' lang='lat' dir='ltr'>confes·</span> <span class='ocrx_word' id='word_1_15' title='bbox 1233 293 1323 339; x_wconf 44' lang='lat'><em>821³.</em></span> <span class='ocrx_word' id='word_1_16' title='bbox 1351 294 1385 327; x_wconf 88' lang='grc' dir='ltr'>Ε.</span> <span class='ocrx_word' id='word_1_17' title='bbox 1416 299 1447 328; x_wconf 86' lang='lat' dir='ltr'>et</span> <span class='ocrx_word' id='word_1_18' title='bbox 1470 306 1530 339; x_wconf 85' lang='lat' dir='ltr'>pro</span> <span class='ocrx_word' id='word_1_19' title='bbox 1553 297 1682 330; x_wconf 87' lang='lat' dir='ltr'>Summo</span> <span class='ocrx_word' id='word_1_20' title='bbox 1714 296 1870 331; x_wconf 79' lang='lat' dir='ltr'>Pontifice</span> <span class='ocrx_word' id='word_1_21' title='bbox 1904 296 1966 330; x_wconf 92' lang='lat' dir='ltr'>dici</span> 
     </span>
    </p>
   </div>
   <div class='ocr_carea' id='block_1_4' title="bbox 263 346 1213 2652">
    <p class='ocr_par' dir='ltr' id='par_1_4' title="bbox 455 346 1213 859">
     <span class='ocr_line' id='line_1_4' title="bbox 456 346 1190 389; baseline -0.007 -8"><span class='ocrx_word' id='word_1_22' title='bbox 456 349 519 388; x_wconf 87' lang='lat' dir='ltr'>sis,</span> <span class='ocrx_word' id='word_1_23' title='bbox 551 349 581 381; x_wconf 92' lang='lat' dir='ltr'>in</span> <span class='ocrx_word' id='word_1_24' title='bbox 608 349 774 381; x_wconf 88' lang='lat' dir='ltr'>Nativitatc</span> <span class='ocrx_word' id='word_1_25' title='bbox 800 349 830 381; x_wconf 81' lang='lat' dir='ltr'>S.</span> <span class='ocrx_word' id='word_1_26' title='bbox 864 347 992 381; x_wconf 86' lang='lat' dir='ltr'>loannis</span> <span class='ocrx_word' id='word_1_27' title='bbox 1022 346 1190 389; x_wconf 80' lang='lat' dir='ltr'>Baptistae,</span> 
     </span>
     <span class='ocr_line' id='line_1_5' title="bbox 455 397 1192 445; baseline -0.007 -11"><span class='ocrx_word' id='word_1_28' title='bbox 455 412 584 435; x_wconf 88' lang='lat' dir='ltr'>necnon</span> <span class='ocrx_word' id='word_1_29' title='bbox 603 412 663 445; x_wconf 91' lang='lat' dir='ltr'>per</span> <span class='ocrx_word' id='word_1_30' title='bbox 681 401 824 434; x_wconf 78' lang='lat' dir='ltr'>ciusdem</span> <span class='ocrx_word' id='word_1_31' title='bbox 840 406 991 438; x_wconf 84' lang='lat' dir='ltr'>octavam,</span> <span class='ocrx_word' id='word_1_32' title='bbox 1012 405 1043 431; x_wconf 90' lang='lat' dir='ltr'>et</span> <span class='ocrx_word' id='word_1_33' title='bbox 1061 397 1192 430; x_wconf 85' lang='lat' dir='ltr'>celebri-</span> 
     </span>
     <span class='ocr_line' id='line_1_6' title="bbox 456 449 1188 497; baseline -0.008 -11"><span class='ocrx_word' id='word_1_34' title='bbox 456 460 518 486; x_wconf 80' lang='lat' dir='ltr'>tate</span> <span class='ocrx_word' id='word_1_35' title='bbox 544 454 711 497; x_wconf 67' lang='lat' dir='ltr'>praedicta</span> <span class='ocrx_word' id='word_1_36' title='bbox 739 453 885 485; x_wconf 86' lang='lat' dir='ltr'>Omnium</span> <span class='ocrx_word' id='word_1_37' title='bbox 912 452 1110 489; x_wconf 80' lang='lat' dir='ltr'>Sanctorum,</span> <span class='ocrx_word' id='word_1_38' title='bbox 1137 449 1188 492; x_wconf 82' lang='lat' dir='ltr'>qui</span> 
     </span>
     <span class='ocr_line' id='line_1_7' title="bbox 456 502 1191 539; baseline -0.008 0"><span class='ocrx_word' id='word_1_39' title='bbox 456 507 569 539; x_wconf 77' lang='lat' dir='ltr'>devote</span> <span class='ocrx_word' id='word_1_40' title='bbox 601 506 799 538; x_wconf 85' lang='lat' dir='ltr'>visitaverint</span> <span class='ocrx_word' id='word_1_41' title='bbox 835 503 986 537; x_wconf 77' lang='lat' dir='ltr'>ecclesias</span> <span class='ocrx_word' id='word_1_42' title='bbox 1011 502 1137 535; x_wconf 82' lang='lat' dir='ltr'>Ordinis</span> <span class='ocrx_word' id='word_1_43' title='bbox 1162 507 1191 534; x_wconf 88' lang='lat' dir='ltr'>et</span> 
     </span>
     <span class='ocr_line' id='line_1_8' title="bbox 455 555 1213 602; baseline -0.008 -11"><span class='ocrx_word' id='word_1_44' title='bbox 455 560 634 602; x_wconf 85' lang='lat' dir='ltr'>cappellam</span> <span class='ocrx_word' id='word_1_45' title='bbox 660 559 707 590; x_wconf 72' lang='lat' dir='ltr'>vel</span> <span class='ocrx_word' id='word_1_46' title='bbox 734 559 831 590; x_wconf 81' lang='lat' dir='ltr'>altare</span> <span class='ocrx_word' id='word_1_47' title='bbox 858 555 1130 589; x_wconf 67' lang='lat' dir='ltr'>confraternitatis</span> <span class='ocrx_word' id='word_1_48' title='bbox 1159 558 1213 586; x_wconf 79' lang='lat' dir='ltr'>utt</span> 
     </span>
     <span class='ocr_line' id='line_1_9' title="bbox 456 607 1193 656; baseline -0.007 -11"><span class='ocrx_word' id='word_1_49' title='bbox 456 623 552 656; x_wconf 83' lang='lat' dir='ltr'>supra</span> <span class='ocrx_word' id='word_1_50' title='bbox 578 611 765 649; x_wconf 86' lang='lat' dir='ltr'>aunuatim,</span> <span class='ocrx_word' id='word_1_51' title='bbox 795 616 823 641; x_wconf 81' lang='lat' dir='ltr'>et</span> <span class='ocrx_word' id='word_1_52' title='bbox 850 620 962 641; x_wconf 86' lang='lat' dir='ltr'>manus</span> <span class='ocrx_word' id='word_1_53' title='bbox 989 607 1193 651; x_wconf 67' lang='lat' dir='ltr'>porrexerint</span> 
     </span>
     <span class='ocr_line' id='line_1_10' title="bbox 457 660 1193 705; baseline -0.01 -7"><span class='ocrx_word' id='word_1_54' title='bbox 457 665 631 698; x_wconf 87' lang='lat' dir='ltr'>adiutrices</span> <span class='ocrx_word' id='word_1_55' title='bbox 645 664 701 705; x_wconf 86' lang='lat' dir='ltr'>(cx</span> <span class='ocrx_word' id='word_1_56' title='bbox 721 663 846 695; x_wconf 87' lang='lat' dir='ltr'>indulto</span> <span class='ocrx_word' id='word_1_57' title='bbox 861 661 1006 703; x_wconf 70' lang='lat' dir='ltr'>Gregorii</span> <span class='ocrx_word' id='word_1_58' title='bbox 1025 661 1089 693; x_wconf 75' lang='lat' dir='ltr'>XIII</span> <span class='ocrx_word' id='word_1_59' title='bbox 1106 660 1193 703; x_wconf 84' lang='lat' dir='ltr'>quin-</span> 
     </span>
     <span class='ocr_line' id='line_1_11' title="bbox 458 713 1192 761; baseline -0.007 -12"><span class='ocrx_word' id='word_1_60' title='bbox 458 718 562 761; x_wconf 80' lang='lat' dir='ltr'>quies,</span> <span class='ocrx_word' id='word_1_61' title='bbox 585 717 674 759; x_wconf 71' lang='lat' dir='ltr'>eto),</span> <span class='ocrx_word' id='word_1_62' title='bbox 698 715 785 748; x_wconf 84' lang='lat' dir='ltr'>mille</span> <span class='ocrx_word' id='word_1_63' title='bbox 812 713 886 746; x_wconf 88' lang='lat' dir='ltr'>anni</span> <span class='ocrx_word' id='word_1_64' title='bbox 906 718 936 745; x_wconf 89' lang='lat' dir='ltr'>et</span> <span class='ocrx_word' id='word_1_65' title='bbox 961 713 1094 745; x_wconf 88' lang='lat' dir='ltr'>totidem</span> <span class='ocrx_word' id='word_1_66' title='bbox 1115 723 1192 754; x_wconf 83' lang='lat' dir='ltr'>qua-</span> 
     </span>
     <span class='ocr_line' id='line_1_12' title="bbox 459 764 1193 811; baseline -0.01 -9"><span class='ocrx_word' id='word_1_67' title='bbox 459 771 620 811; x_wconf 80' lang='lat' dir='ltr'>dragenae</span> <span class='ocrx_word' id='word_1_68' title='bbox 645 766 899 800; x_wconf 69' lang='lat' dir='ltr'>misericorditer</span> <span class='ocrx_word' id='word_1_69' title='bbox 923 766 1107 798; x_wconf 76' lang='lat' dir='ltr'>relaxantur</span> <span class='ocrx_word' id='word_1_70' title='bbox 1129 764 1193 807; x_wconf 59' lang='lat' dir='ltr'>&lt;ln-</span> 
     </span>
     <span class='ocr_line' id='line_1_13' title="bbox 459 818 1015 859; baseline -0.007 -6"><span class='ocrx_word' id='word_1_71' title='bbox 459 820 630 853; x_wconf 80' lang='lat' dir='ltr'>uocentius</span> <span class='ocrx_word' id='word_1_72' title='bbox 655 820 699 859; x_wconf 80' lang='lat' dir='ltr'>IV,</span> <span class='ocrx_word' id='word_1_73' title='bbox 728 819 899 858; x_wconf 78' lang='lat' dir='ltr'>Onom&#39;am,</span> <span class='ocrx_word' id='word_1_74' title='bbox 925 818 1015 859; x_wconf 68' lang='lat' dir='ltr'>ete).</span> 
     </span>
    </p>

    <p class='ocr_par' dir='ltr' id='par_1_5' title="bbox 263 869 1195 1125">
     <span class='ocr_line' id='line_1_14' title="bbox 291 869 1194 913; baseline -0.008 -6"><span class='ocrx_word' id='word_1_75' title='bbox 291 886 304 907; x_wconf 71' lang='grc' dir='ltr'><strong>Α</strong></span> <span class='ocrx_word' id='word_1_76' title='bbox 322 886 372 906; x_wconf 66' lang='lat' dir='ltr'>soria</span> <span class='ocrx_word' id='word_1_77' title='bbox 390 887 447 905; x_wconf 56' lang='lat' dir='ltr'>saxa</span> <span class='ocrx_word' id='word_1_78' title='bbox 503 873 535 905; x_wconf 59' lang='lat'>⁶2⁸</span> <span class='ocrx_word' id='word_1_79' title='bbox 557 873 578 904; x_wconf 78' lang='grc' dir='ltr'>Α</span> <span class='ocrx_word' id='word_1_80' title='bbox 603 872 679 904; x_wconf 81' lang='lat' dir='ltr'>feria</span> <span class='ocrx_word' id='word_1_81' title='bbox 705 873 792 904; x_wconf 76' lang='lat' dir='ltr'>sexta</span> <span class='ocrx_word' id='word_1_82' title='bbox 817 876 889 913; x_wconf 85' lang='lat' dir='ltr'>post</span> <span class='ocrx_word' id='word_1_83' title='bbox 911 869 1103 903; x_wconf 80' lang='lat' dir='ltr'>dominicam</span> <span class='ocrx_word' id='word_1_84' title='bbox 1131 874 1194 903; x_wconf 72' lang='lat' dir='ltr'>ter-</span> 
     </span>
     <span class='ocr_line' id='line_1_15' title="bbox 264 912 1192 966; baseline -0.005 -8"><span class='ocrx_word' id='word_1_85' title='bbox 264 912 535 964; x_wconf 56' lang='lat' dir='ltr'>illE&#39;‘¹21¹t&#39;,3?iffl¹{.&#39;ss?uam</span> <span class='ocrx_word' id='word_1_86' title='bbox 562 924 834 966; x_wconf 71' lang='lat' dir='ltr'>Quadragesimae</span> <span class='ocrx_word' id='word_1_87' title='bbox 859 934 961 965; x_wconf 76' lang='lat' dir='ltr'>usque</span> <span class='ocrx_word' id='word_1_88' title='bbox 987 923 1026 955; x_wconf 91' lang='lat' dir='ltr'>ad</span> <span class='ocrx_word' id='word_1_89' title='bbox 1051 927 1192 954; x_wconf 89' lang='lat' dir='ltr'>octavam</span> 
     </span>
     <span class='ocr_line' id='line_1_16' title="bbox 263 964 1194 1018; baseline -0.005 -7"><span class='ocrx_word' id='word_1_90' title='bbox 263 964 447 1011; x_wconf 51' lang='lat' dir='ltr'>Zssffssfilss&#39;lissifss7</span> <span class='ocrx_word' id='word_1_91' title='bbox 461 977 720 1011; x_wconf 80' lang='lat' dir='ltr'>Resurrectionis</span> <span class='ocrx_word' id='word_1_92' title='bbox 729 976 931 1015; x_wconf 72' lang='lat' dir='ltr'>dominicam,</span> <span class='ocrx_word' id='word_1_93' title='bbox 942 974 1194 1018; x_wconf 82' lang='lat' dir='ltr'>praedictisvere</span> 
     </span>
     <span class='ocr_line' id='line_1_17' title="bbox 264 1017 1194 1073; baseline -0.003 -11"><span class='ocrx_word' id='word_1_94' title='bbox 264 1017 703 1073; x_wconf 56' lang='lat' dir='ltr'>252233331⁶255581poenitentibus</span> <span class='ocrx_word' id='word_1_95' title='bbox 736 1034 767 1060; x_wconf 90' lang='lat' dir='ltr'>et</span> <span class='ocrx_word' id='word_1_96' title='bbox 791 1029 966 1067; x_wconf 86' lang='lat' dir='ltr'>confessis,</span> <span class='ocrx_word' id='word_1_97' title='bbox 993 1028 1046 1070; x_wconf 78' lang='lat' dir='ltr'>qui</span> <span class='ocrx_word' id='word_1_98' title='bbox 1073 1027 1133 1059; x_wconf 80' lang='lat' dir='ltr'>side</span> <span class='ocrx_word' id='word_1_99' title='bbox 1159 1026 1194 1059; x_wconf 83' lang='lat' dir='ltr'>ac</span> 
     </span>
     <span class='ocr_line' id='line_1_18' title="bbox 264 1070 1195 1125; baseline -0.004 -10"><span class='ocrx_word' id='word_1_100' title='bbox 264 1070 447 1121; x_wconf 53' lang='lat' dir='ltr'>{Jit&#39;ssii&#39;lgili&#39;lssfffl</span> <span class='ocrx_word' id='word_1_101' title='bbox 460 1083 640 1115; x_wconf 73' lang='lat' dir='ltr'>reverentia</span> <span class='ocrx_word' id='word_1_102' title='bbox 659 1082 796 1125; x_wconf 87' lang='lat' dir='ltr'>praeviis</span> <span class='ocrx_word' id='word_1_103' title='bbox 818 1082 855 1113; x_wconf 91' lang='lat' dir='ltr'>ad</span> <span class='ocrx_word' id='word_1_104' title='bbox 874 1081 1007 1124; x_wconf 80' lang='lat' dir='ltr'>gratiam</span> <span class='ocrx_word' id='word_1_105' title='bbox 1027 1081 1195 1123; x_wconf 88' lang='lat' dir='ltr'>imploran—</span> 
     </span>
    </p>

    <p class='ocr_par' dir='ltr' id='par_1_6' title="bbox 457 1133 1196 1705">
     <span class='ocr_line' id='line_1_19' title="bbox 459 1133 1192 1177; baseline -0.007 -8"><span class='ocrx_word' id='word_1_106' title='bbox 459 1138 530 1169; x_wconf 86' lang='lat' dir='ltr'>dam</span> <span class='ocrx_word' id='word_1_107' title='bbox 562 1147 635 1169; x_wconf 90' lang='lat' dir='ltr'>cum</span> <span class='ocrx_word' id='word_1_108' title='bbox 661 1135 874 1177; x_wconf 76' lang='lat' dir='ltr'>eleemosynis</span> <span class='ocrx_word' id='word_1_109' title='bbox 899 1133 1096 1166; x_wconf 65' lang='lat' dir='ltr'>accesserint</span> <span class='ocrx_word' id='word_1_110' title='bbox 1132 1133 1192 1175; x_wconf 82' lang='lat' dir='ltr'>(ex</span> 
     </span>
     <span class='ocr_line' id='line_1_20' title="bbox 458 1189 1191 1232; baseline -0.007 -8"><span class='ocrx_word' id='word_1_111' title='bbox 458 1192 583 1224; x_wconf 91' lang='lat' dir='ltr'>indulto</span> <span class='ocrx_word' id='word_1_112' title='bbox 613 1190 756 1232; x_wconf 78' lang='lat' dir='ltr'>Gregorii</span> <span class='ocrx_word' id='word_1_113' title='bbox 784 1190 848 1222; x_wconf 80' lang='lat' dir='ltr'>XIII</span> <span class='ocrx_word' id='word_1_114' title='bbox 874 1189 1062 1232; x_wconf 80' lang='lat' dir='ltr'>quinquies,</span> <span class='ocrx_word' id='word_1_115' title='bbox 1089 1189 1191 1230; x_wconf 70' lang='lat' dir='ltr'>eto),</span> 
     </span>
     <span class='ocr_line' id='line_1_21' title="bbox 458 1241 1193 1286; baseline -0.005 -9"><span class='ocrx_word' id='word_1_116' title='bbox 458 1245 573 1278; x_wconf 83' lang='lat' dir='ltr'>diebus</span> <span class='ocrx_word' id='word_1_117' title='bbox 592 1244 729 1286; x_wconf 79' lang='lat' dir='ltr'>singulis</span> <span class='ocrx_word' id='word_1_118' title='bbox 749 1243 865 1286; x_wconf 85' lang='lat' dir='ltr'>quibus</span> <span class='ocrx_word' id='word_1_119' title='bbox 878 1242 1005 1275; x_wconf 80' lang='lat' dir='ltr'>Ordinis</span> <span class='ocrx_word' id='word_1_120' title='bbox 1024 1241 1193 1274; x_wconf 85' lang='lat' dir='ltr'>eeclesiam</span> 
     </span>
     <span class='ocr_line' id='line_1_22' title="bbox 457 1294 1194 1340; baseline -0.008 -10"><span class='ocrx_word' id='word_1_121' title='bbox 457 1303 489 1330; x_wconf 88' lang='lat' dir='ltr'>ct</span> <span class='ocrx_word' id='word_1_122' title='bbox 514 1298 697 1340; x_wconf 81' lang='lat' dir='ltr'>cappellam</span> <span class='ocrx_word' id='word_1_123' title='bbox 718 1297 767 1328; x_wconf 90' lang='lat' dir='ltr'>vel</span> <span class='ocrx_word' id='word_1_124' title='bbox 799 1296 895 1328; x_wconf 86' lang='lat' dir='ltr'>altare</span> <span class='ocrx_word' id='word_1_125' title='bbox 921 1294 1194 1327; x_wconf 76' lang='lat' dir='ltr'>confraternitatis</span> 
     </span>
     <span class='ocr_line' id='line_1_23' title="bbox 457 1347 1195 1393; baseline -0.005 -11"><span class='ocrx_word' id='word_1_126' title='bbox 457 1357 488 1383; x_wconf 84' lang='lat' dir='ltr'>ut</span> <span class='ocrx_word' id='word_1_127' title='bbox 507 1361 603 1393; x_wconf 90' lang='lat' dir='ltr'>supra</span> <span class='ocrx_word' id='word_1_128' title='bbox 620 1349 826 1385; x_wconf 79' lang='lat' dir='ltr'>visitaverint,</span> <span class='ocrx_word' id='word_1_129' title='bbox 846 1358 1002 1381; x_wconf 88' lang='lat' dir='ltr'>annorum</span> <span class='ocrx_word' id='word_1_130' title='bbox 1027 1347 1138 1379; x_wconf 81' lang='lat' dir='ltr'>decem</span> <span class='ocrx_word' id='word_1_131' title='bbox 1165 1352 1195 1379; x_wconf 88' lang='lat' dir='ltr'>et</span> 
     </span>
     <span class='ocr_line' id='line_1_24' title="bbox 457 1398 1195 1445; baseline -0.005 -11"><span class='ocrx_word' id='word_1_132' title='bbox 457 1407 584 1445; x_wconf 81' lang='lat' dir='ltr'>septem</span> <span class='ocrx_word' id='word_1_133' title='bbox 618 1406 649 1434; x_wconf 89' lang='lat' dir='ltr'>et</span> <span class='ocrx_word' id='word_1_134' title='bbox 682 1401 961 1443; x_wconf 80' lang='lat' dir='ltr'>quadragenarum</span> <span class='ocrx_word' id='word_1_135' title='bbox 992 1399 1122 1431; x_wconf 87' lang='lat' dir='ltr'>totidem</span> <span class='ocrx_word' id='word_1_136' title='bbox 1147 1398 1195 1430; x_wconf 91' lang='lat' dir='ltr'>in-</span> 
     </span>
     <span class='ocr_line' id='line_1_25' title="bbox 457 1451 1196 1496; baseline -0.008 -9"><span class='ocrx_word' id='word_1_137' title='bbox 457 1454 624 1496; x_wconf 75' lang='lat' dir='ltr'>dulgentia</span> <span class='ocrx_word' id='word_1_138' title='bbox 642 1453 840 1486; x_wconf 82' lang='lat' dir='ltr'>conceditur.</span> <span class='ocrx_word' id='word_1_139' title='bbox 859 1452 913 1493; x_wconf 81' lang='lat' dir='ltr'>(Ex</span> <span class='ocrx_word' id='word_1_140' title='bbox 934 1451 1047 1483; x_wconf 87' lang='lat' dir='ltr'>litteris</span> <span class='ocrx_word' id='word_1_141' title='bbox 1062 1451 1196 1482; x_wconf 84' lang='lat' dir='ltr'>authen-</span> 
     </span>
     <span class='ocr_line' id='line_1_26' title="bbox 457 1503 1195 1549; baseline -0.005 -11"><span class='ocrx_word' id='word_1_142' title='bbox 457 1507 527 1538; x_wconf 82' lang='lat' dir='ltr'>ticis</span> <span class='ocrx_word' id='word_1_143' title='bbox 549 1505 703 1549; x_wconf 72' lang='lat' dir='ltr'>Raynaldi</span> <span class='ocrx_word' id='word_1_144' title='bbox 723 1504 961 1547; x_wconf 80' lang='lat' dir='ltr'>archiepiscopi</span> <span class='ocrx_word' id='word_1_145' title='bbox 986 1503 1140 1542; x_wconf 82' lang='lat' dir='ltr'>Thebani,</span> <span class='ocrx_word' id='word_1_146' title='bbox 1159 1514 1195 1535; x_wconf 91' lang='lat' dir='ltr'>ac</span> 
     </span>
     <span class='ocr_line' id='line_1_27' title="bbox 458 1555 1196 1599; baseline -0.005 -8"><span class='ocrx_word' id='word_1_147' title='bbox 458 1559 489 1591; x_wconf 91' lang='lat' dir='ltr'>iu</span> <span class='ocrx_word' id='word_1_148' title='bbox 516 1559 600 1591; x_wconf 88' lang='lat' dir='ltr'>Urbe</span> <span class='ocrx_word' id='word_1_149' title='bbox 625 1558 736 1589; x_wconf 92' lang='lat' dir='ltr'>vicarii</span> <span class='ocrx_word' id='word_1_150' title='bbox 758 1556 920 1599; x_wconf 78' lang='lat' dir='ltr'>generalis</span> <span class='ocrx_word' id='word_1_151' title='bbox 945 1556 1115 1589; x_wconf 85' lang='lat' dir='ltr'>Clementis</span> <span class='ocrx_word' id='word_1_152' title='bbox 1140 1555 1196 1587; x_wconf 84' lang='lat' dir='ltr'>Pa-</span> 
     </span>
     <span class='ocr_line' id='line_1_28' title="bbox 459 1608 1195 1655; baseline -0.004 -11"><span class='ocrx_word' id='word_1_153' title='bbox 459 1623 519 1655; x_wconf 86' lang='lat' dir='ltr'>pae</span> <span class='ocrx_word' id='word_1_154' title='bbox 538 1611 569 1649; x_wconf 73' lang='lat' dir='ltr'>V,</span> <span class='ocrx_word' id='word_1_155' title='bbox 592 1621 676 1643; x_wconf 89' lang='lat' dir='ltr'>anno</span> <span class='ocrx_word' id='word_1_156' title='bbox 697 1620 822 1649; x_wconf 72' lang='lat' dir='ltr'>MCCCIX,</span> <span class='ocrx_word' id='word_1_157' title='bbox 837 1610 889 1642; x_wconf 90' lang='lat' dir='ltr'>die</span> <span class='ocrx_word' id='word_1_158' title='bbox 907 1619 967 1641; x_wconf 80' lang='lat' dir='ltr'>xxx</span> <span class='ocrx_word' id='word_1_159' title='bbox 984 1608 1102 1646; x_wconf 85' lang='lat' dir='ltr'>martii,</span> <span class='ocrx_word' id='word_1_160' title='bbox 1117 1608 1195 1641; x_wconf 84' lang='lat' dir='ltr'>eius-</span> 
     </span>
     <span class='ocr_line' id='line_1_29' title="bbox 461 1661 1142 1705; baseline -0.006 -8"><span class='ocrx_word' id='word_1_161' title='bbox 461 1665 534 1697; x_wconf 79' lang='lat' dir='ltr'>dem</span> <span class='ocrx_word' id='word_1_162' title='bbox 552 1663 726 1696; x_wconf 88' lang='lat' dir='ltr'>Clementis</span> <span class='ocrx_word' id='word_1_163' title='bbox 742 1661 950 1705; x_wconf 82' lang='lat' dir='ltr'>pontificatus</span> <span class='ocrx_word' id='word_1_164' title='bbox 975 1671 1060 1694; x_wconf 88' lang='lat' dir='ltr'>anno</span> <span class='ocrx_word' id='word_1_165' title='bbox 1085 1661 1142 1703; x_wconf 78' lang='lat' dir='ltr'>lv).</span> 
     </span>
    </p>

    <p class='ocr_par' dir='ltr' id='par_1_7' title="bbox 267 1714 1199 1907">
     <span class='ocr_line' id='line_1_30' title="bbox 279 1714 1198 1758; baseline -0.008 -6"><span class='ocrx_word' id='word_1_166' title='bbox 279 1754 283 1758; x_wconf 62' lang='grc'>,</span> <span class='ocrx_word' id='word_1_167' title='bbox 306 1727 321 1747; x_wconf 79' lang='grc' dir='ltr'>Α</span> <span class='ocrx_word' id='word_1_168' title='bbox 341 1727 450 1752; x_wconf 62' lang='lat' dir='ltr'>serumse-</span> <span class='ocrx_word' id='word_1_169' title='bbox 505 1717 538 1750; x_wconf 83' lang='lat'>3⁰</span> <span class='ocrx_word' id='word_1_170' title='bbox 567 1718 590 1748; x_wconf 90' lang='lat' dir='ltr'><strong>A</strong></span> <span class='ocrx_word' id='word_1_171' title='bbox 619 1716 782 1749; x_wconf 74' lang='lat' dir='ltr'>dominica</span> <span class='ocrx_word' id='word_1_172' title='bbox 806 1714 1069 1758; x_wconf 80' lang='lat' dir='ltr'>Septuagesimae</span> <span class='ocrx_word' id='word_1_173' title='bbox 1095 1714 1198 1747; x_wconf 79' lang='lat' dir='ltr'>inclu-</span> 
     </span>
     <span class='ocr_line' id='line_1_31' title="bbox 267 1751 1198 1811; baseline -0.001 -12"><span class='ocrx_word' id='word_1_174' title='bbox 267 1758 402 1808; x_wconf 50' lang='lat' dir='ltr'>ss&#39;c&#39;i&#39;aivziiiffue</span> <span class='ocrx_word' id='word_1_175' title='bbox 413 1751 450 1798; x_wconf 40' lang='grc' dir='ltr'>υἷιιλ</span> <span class='ocrx_word' id='word_1_176' title='bbox 462 1769 526 1801; x_wconf 85' lang='lat' dir='ltr'>sive</span> <span class='ocrx_word' id='word_1_177' title='bbox 557 1779 660 1811; x_wconf 87' lang='lat' dir='ltr'>usque</span> <span class='ocrx_word' id='word_1_178' title='bbox 688 1769 727 1800; x_wconf 86' lang='lat' dir='ltr'>ad</span> <span class='ocrx_word' id='word_1_179' title='bbox 759 1773 902 1800; x_wconf 85' lang='lat' dir='ltr'>octavam</span> <span class='ocrx_word' id='word_1_180' title='bbox 930 1767 1080 1805; x_wconf 78' lang='lat' dir='ltr'>Paschae,</span> <span class='ocrx_word' id='word_1_181' title='bbox 1106 1776 1198 1809; x_wconf 87' lang='lat' dir='ltr'>prae-</span> 
     </span>
     <span class='ocr_line' id='line_1_32' title="bbox 267 1806 1196 1863; baseline -0.001 -12"><span class='ocrx_word' id='word_1_182' title='bbox 267 1806 452 1852; x_wconf 44' lang='lat' dir='ltr'>{ctiiissst&#39;ss&#39;i&#39;emaiiss</span> <span class='ocrx_word' id='word_1_183' title='bbox 464 1821 556 1854; x_wconf 87' lang='lat' dir='ltr'>dictis</span> <span class='ocrx_word' id='word_1_184' title='bbox 570 1831 643 1853; x_wconf 86' lang='lat' dir='ltr'>vere</span> <span class='ocrx_word' id='word_1_185' title='bbox 659 1819 903 1863; x_wconf 87' lang='lat' dir='ltr'>poenitentibus</span> <span class='ocrx_word' id='word_1_186' title='bbox 922 1824 954 1851; x_wconf 85' lang='lat' dir='ltr'>et</span> <span class='ocrx_word' id='word_1_187' title='bbox 967 1818 1132 1857; x_wconf 85' lang='lat' dir='ltr'>confessis,</span> <span class='ocrx_word' id='word_1_188' title='bbox 1143 1818 1196 1861; x_wconf 87' lang='lat' dir='ltr'>qui</span> 
     </span>
     <span class='ocr_line' id='line_1_33' title="bbox 267 1858 1199 1907; baseline -0.002 -2"><span class='ocrx_word' id='word_1_189' title='bbox 267 1859 316 1905; x_wconf 44' lang='lat' dir='ltr'>fison.</span> <span class='ocrx_word' id='word_1_190' title='bbox 334 1858 579 1907; x_wconf 43' lang='lat' dir='ltr'>qu‘&#39;³¹¹‘³⁴*³‘&#39;dev*ote</span> <span class='ocrx_word' id='word_1_191' title='bbox 611 1873 811 1906; x_wconf 81' lang='lat' dir='ltr'>visitaverint</span> <span class='ocrx_word' id='word_1_192' title='bbox 834 1872 961 1905; x_wconf 85' lang='lat' dir='ltr'>Ordinis</span> <span class='ocrx_word' id='word_1_193' title='bbox 988 1871 1141 1904; x_wconf 83' lang='lat' dir='ltr'>ecelesias</span> <span class='ocrx_word' id='word_1_194' title='bbox 1167 1879 1199 1903; x_wconf 85' lang='lat' dir='ltr'>et</span> 
     </span>
    </p>

    <p class='ocr_par' dir='ltr' id='par_1_8' title="bbox 464 1924 1199 2231">
     <span class='ocr_line' id='line_1_34' title="bbox 465 1924 1198 1970; baseline -0.005 -10"><span class='ocrx_word' id='word_1_195' title='bbox 465 1927 645 1970; x_wconf 81' lang='lat' dir='ltr'>cappellam</span> <span class='ocrx_word' id='word_1_196' title='bbox 671 1927 719 1958; x_wconf 89' lang='lat' dir='ltr'>vel</span> <span class='ocrx_word' id='word_1_197' title='bbox 745 1927 844 1958; x_wconf 90' lang='lat' dir='ltr'>altare</span> <span class='ocrx_word' id='word_1_198' title='bbox 870 1924 1146 1958; x_wconf 84' lang='lat' dir='ltr'>confraternitatis</span> <span class='ocrx_word' id='word_1_199' title='bbox 1164 1929 1198 1956; x_wconf 87' lang='lat' dir='ltr'>ut</span> 
     </span>
     <span class='ocr_line' id='line_1_35' title="bbox 464 1977 1198 2022; baseline -0.003 -11"><span class='ocrx_word' id='word_1_200' title='bbox 464 1990 561 2022; x_wconf 86' lang='lat' dir='ltr'>supra</span> <span class='ocrx_word' id='word_1_201' title='bbox 586 1978 770 2017; x_wconf 88' lang='lat' dir='ltr'>annuatim,</span> <span class='ocrx_word' id='word_1_202' title='bbox 800 1983 831 2010; x_wconf 88' lang='lat' dir='ltr'>et</span> <span class='ocrx_word' id='word_1_203' title='bbox 854 1988 968 2010; x_wconf 83' lang='lat' dir='ltr'>manus</span> <span class='ocrx_word' id='word_1_204' title='bbox 993 1977 1198 2020; x_wconf 79' lang='lat' dir='ltr'>porrexerint</span> 
     </span>
     <span class='ocr_line' id='line_1_36' title="bbox 464 2029 1198 2073; baseline -0.004 -9"><span class='ocrx_word' id='word_1_205' title='bbox 464 2032 638 2065; x_wconf 85' lang='lat' dir='ltr'>adiutriees</span> <span class='ocrx_word' id='word_1_206' title='bbox 658 2035 707 2073; x_wconf 75' lang='lat' dir='ltr'>(ex</span> <span class='ocrx_word' id='word_1_207' title='bbox 720 2031 847 2063; x_wconf 88' lang='lat' dir='ltr'>indulto</span> <span class='ocrx_word' id='word_1_208' title='bbox 861 2029 1007 2072; x_wconf 83' lang='lat' dir='ltr'>Gregorii</span> <span class='ocrx_word' id='word_1_209' title='bbox 1026 2030 1092 2062; x_wconf 77' lang='lat' dir='ltr'>XIII</span> <span class='ocrx_word' id='word_1_210' title='bbox 1106 2030 1198 2073; x_wconf 86' lang='lat' dir='ltr'>quin-</span> 
     </span>
     <span class='ocr_line' id='line_1_37' title="bbox 465 2083 1199 2128; baseline -0.003 -11"><span class='ocrx_word' id='word_1_211' title='bbox 465 2086 568 2128; x_wconf 73' lang='lat' dir='ltr'>quies,</span> <span class='ocrx_word' id='word_1_212' title='bbox 590 2084 782 2126; x_wconf 85' lang='lat' dir='ltr'>etc.),1nille</span> <span class='ocrx_word' id='word_1_213' title='bbox 802 2083 875 2116; x_wconf 89' lang='lat' dir='ltr'>anni</span> <span class='ocrx_word' id='word_1_214' title='bbox 902 2088 933 2115; x_wconf 89' lang='lat' dir='ltr'>et</span> <span class='ocrx_word' id='word_1_215' title='bbox 963 2083 1097 2116; x_wconf 87' lang='lat' dir='ltr'>totidem</span> <span class='ocrx_word' id='word_1_216' title='bbox 1125 2094 1199 2126; x_wconf 88' lang='lat' dir='ltr'>qua-</span> 
     </span>
     <span class='ocr_line' id='line_1_38' title="bbox 468 2135 1199 2179; baseline -0.001 -10"><span class='ocrx_word' id='word_1_217' title='bbox 468 2137 631 2179; x_wconf 73' lang='lat' dir='ltr'>dragenae</span> <span class='ocrx_word' id='word_1_218' title='bbox 658 2135 912 2169; x_wconf 82' lang='lat' dir='ltr'>misericorditer</span> <span class='ocrx_word' id='word_1_219' title='bbox 932 2136 1118 2169; x_wconf 79' lang='lat' dir='ltr'>relaxantur</span> <span class='ocrx_word' id='word_1_220' title='bbox 1135 2136 1199 2178; x_wconf 83' lang='lat' dir='ltr'>(In-</span> 
     </span>
     <span class='ocr_line' id='line_1_39' title="bbox 466 2188 1122 2231; baseline -0.003 -9"><span class='ocrx_word' id='word_1_221' title='bbox 466 2189 638 2222; x_wconf 72' lang='lat' dir='ltr'>nocentius</span> <span class='ocrx_word' id='word_1_222' title='bbox 672 2189 719 2229; x_wconf 77' lang='lat' dir='ltr'>tV,</span> <span class='ocrx_word' id='word_1_223' title='bbox 749 2188 921 2229; x_wconf 60' lang='lat' dir='ltr'>Quoniam,</span> <span class='ocrx_word' id='word_1_224' title='bbox 940 2194 975 2221; x_wconf 88' lang='lat' dir='ltr'>ut</span> <span class='ocrx_word' id='word_1_225' title='bbox 999 2189 1122 2231; x_wconf 89' lang='lat' dir='ltr'>supra).</span> 
     </span>
    </p>

    <p class='ocr_par' dir='ltr' id='par_1_9' title="bbox 269 2241 1200 2434">
     <span class='ocr_line' id='line_1_40' title="bbox 292 2241 1199 2287; baseline 0.001 -15"><span class='ocrx_word' id='word_1_226' title='bbox 292 2251 412 2272; x_wconf 71' lang='lat' dir='ltr'>Orationem</span> <span class='ocrx_word' id='word_1_227' title='bbox 424 2254 455 2287; x_wconf 38' lang='lat'>³5³,-</span> <span class='ocrx_word' id='word_1_228' title='bbox 510 2242 543 2274; x_wconf 75' lang='lat'>4⁰</span> <span class='ocrx_word' id='word_1_229' title='bbox 566 2242 630 2274; x_wconf 88' lang='lat' dir='ltr'>Leo</span> <span class='ocrx_word' id='word_1_230' title='bbox 659 2241 694 2281; x_wconf 81' lang='lat' dir='ltr'>X,</span> <span class='ocrx_word' id='word_1_231' title='bbox 719 2241 799 2275; x_wconf 76' lang='lat' dir='ltr'>Cum</span> <span class='ocrx_word' id='word_1_232' title='bbox 826 2241 909 2273; x_wconf 78' lang='lat' dir='ltr'>sicut</span> <span class='ocrx_word' id='word_1_233' title='bbox 932 2241 1125 2284; x_wconf 74' lang='lat' dir='ltr'>accepimus,</span> <span class='ocrx_word' id='word_1_234' title='bbox 1148 2241 1199 2274; x_wconf 89' lang='lat' dir='ltr'>die</span> 
     </span>
     <span class='ocr_line' id='line_1_41' title="bbox 269 2281 1197 2351; baseline -0.002 -22"><span class='ocrx_word' id='word_1_235' title='bbox 269 2281 497 2351; x_wconf 41' lang='grc' dir='ltr'>Ξὲέὲῖἷὲἶῖῃεξὲῗξὲινι</span> <span class='ocrx_word' id='word_1_236' title='bbox 528 2294 663 2327; x_wconf 85' lang='lat' dir='ltr'>ianuarii</span> <span class='ocrx_word' id='word_1_237' title='bbox 692 2305 795 2334; x_wconf 71' lang='lat' dir='ltr'>MDXV,</span> <span class='ocrx_word' id='word_1_238' title='bbox 822 2294 1028 2337; x_wconf 81' lang='lat' dir='ltr'>pontificatus</span> <span class='ocrx_word' id='word_1_239' title='bbox 1054 2304 1137 2327; x_wconf 87' lang='lat' dir='ltr'>anno</span> <span class='ocrx_word' id='word_1_240' title='bbox 1162 2305 1197 2335; x_wconf 77' lang='grc' dir='ltr'>ΙΙ,</span> 
     </span>
     <span class='ocr_line' id='line_1_42' title="bbox 270 2346 1200 2389; baseline -0.003 -7"><span class='ocrx_word' id='word_1_241' title='bbox 270 2357 334 2377; x_wconf 65' lang='grc' dir='ltr'>ιῑὼτη</span> <span class='ocrx_word' id='word_1_242' title='bbox 365 2346 618 2382; x_wconf 51' lang='lat' dir='ltr'>subatra-omuibus</span> <span class='ocrx_word' id='word_1_243' title='bbox 642 2353 674 2380; x_wconf 89' lang='lat' dir='ltr'>et</span> <span class='ocrx_word' id='word_1_244' title='bbox 697 2347 831 2388; x_wconf 80' lang='lat' dir='ltr'>singulis</span> <span class='ocrx_word' id='word_1_245' title='bbox 852 2347 1097 2389; x_wconf 78' lang='lat' dir='ltr'>eorrigiatorum</span> <span class='ocrx_word' id='word_1_246' title='bbox 1124 2357 1200 2379; x_wconf 83' lang='lat' dir='ltr'>con-</span> 
     </span>
     <span class='ocr_line' id='line_1_43' title="bbox 271 2389 1199 2434; baseline -0.004 1"><span class='ocrx_word' id='word_1_247' title='bbox 271 2389 345 2408; x_wconf 50' lang='lat' dir='ltr'><strong>geme’</strong></span> <span class='ocrx_word' id='word_1_248' title='bbox 467 2401 620 2434; x_wconf 87' lang='lat' dir='ltr'>fratribus</span> <span class='ocrx_word' id='word_1_249' title='bbox 657 2400 688 2432; x_wconf 93' lang='lat' dir='ltr'>in</span> <span class='ocrx_word' id='word_1_250' title='bbox 726 2405 792 2432; x_wconf 81' lang='lat' dir='ltr'>toto</span> <span class='ocrx_word' id='word_1_251' title='bbox 833 2398 1081 2431; x_wconf 83' lang='lat' dir='ltr'>christianorum</span> <span class='ocrx_word' id='word_1_252' title='bbox 1121 2399 1199 2431; x_wconf 84' lang='lat' dir='ltr'>orbe</span> 
     </span>
    </p>

    <p class='ocr_par' dir='ltr' id='par_1_10' title="bbox 468 2451 1201 2652">
     <span class='ocr_line' id='line_1_44' title="bbox 468 2451 1200 2496; baseline -0.004 -10"><span class='ocrx_word' id='word_1_253' title='bbox 468 2453 660 2493; x_wconf 78' lang='lat' dir='ltr'>constitutis,</span> <span class='ocrx_word' id='word_1_254' title='bbox 688 2452 741 2496; x_wconf 85' lang='lat' dir='ltr'>qui</span> <span class='ocrx_word' id='word_1_255' title='bbox 768 2453 816 2485; x_wconf 87' lang='lat' dir='ltr'>vel</span> <span class='ocrx_word' id='word_1_256' title='bbox 835 2462 918 2494; x_wconf 80' lang='lat' dir='ltr'>quae</span> <span class='ocrx_word' id='word_1_257' title='bbox 947 2451 1128 2484; x_wconf 87' lang='lat' dir='ltr'>orationem</span> <span class='ocrx_word' id='word_1_258' title='bbox 1153 2462 1200 2483; x_wconf 83' lang='lat' dir='ltr'>se-</span> 
     </span>
     <span class='ocr_line' id='line_1_45' title="bbox 469 2503 1197 2539; baseline -0.005 0"><span class='ocrx_word' id='word_1_259' title='bbox 469 2507 606 2539; x_wconf 86' lang='lat' dir='ltr'>rotinam</span> <span class='ocrx_word' id='word_1_260' title='bbox 635 2510 820 2537; x_wconf 87' lang='lat' dir='ltr'>consuetam</span> <span class='ocrx_word' id='word_1_261' title='bbox 845 2504 962 2536; x_wconf 83' lang='lat' dir='ltr'>Ordine</span> <span class='ocrx_word' id='word_1_262' title='bbox 987 2503 1197 2536; x_wconf 88' lang='lat' dir='ltr'>Eremitarum</span> 
     </span>
     <span class='ocr_line' id='line_1_46' title="bbox 468 2556 1201 2600; baseline -0.007 -7"><span class='ocrx_word' id='word_1_263' title='bbox 468 2559 567 2593; x_wconf 79' lang='lat' dir='ltr'>sancti</span> <span class='ocrx_word' id='word_1_264' title='bbox 584 2557 750 2600; x_wconf 76' lang='lat' dir='ltr'>Augustini</span> <span class='ocrx_word' id='word_1_265' title='bbox 777 2557 909 2598; x_wconf 74' lang='lat' dir='ltr'>singulis</span> <span class='ocrx_word' id='word_1_266' title='bbox 935 2556 1046 2588; x_wconf 78' lang='lat' dir='ltr'>diebus</span> <span class='ocrx_word' id='word_1_267' title='bbox 1064 2556 1095 2587; x_wconf 92' lang='lat' dir='ltr'>in</span> <span class='ocrx_word' id='word_1_268' title='bbox 1117 2566 1201 2588; x_wconf 86' lang='lat' dir='ltr'>com-</span> 
     </span>
     <span class='ocr_line' id='line_1_47' title="bbox 469 2610 1199 2652; baseline -0.008 -7"><span class='ocrx_word' id='word_1_269' title='bbox 469 2613 579 2652; x_wconf 88' lang='lat' dir='ltr'>muni,</span> <span class='ocrx_word' id='word_1_270' title='bbox 604 2612 652 2644; x_wconf 92' lang='lat' dir='ltr'>vel</span> <span class='ocrx_word' id='word_1_271' title='bbox 685 2621 719 2643; x_wconf 89' lang='lat' dir='ltr'>ex</span> <span class='ocrx_word' id='word_1_272' title='bbox 750 2620 783 2643; x_wconf 86' lang='lat' dir='ltr'>se</span> <span class='ocrx_word' id='word_1_273' title='bbox 813 2610 993 2642; x_wconf 81' lang='lat' dir='ltr'>orationem</span> <span class='ocrx_word' id='word_1_274' title='bbox 1026 2618 1085 2652; x_wconf 90' lang='lat' dir='ltr'>pro</span> <span class='ocrx_word' id='word_1_275' title='bbox 1115 2614 1199 2641; x_wconf 87' lang='lat' dir='ltr'>statu</span> 
     </span>
    </p>
   </div>
   <div class='ocr_carea' id='block_1_5' title="bbox 1234 349 2163 2600">
    <p class='ocr_par' dir='ltr' id='par_1_11' title="bbox 1234 349 1969 549">
     <span class='ocr_line' id='line_1_48' title="bbox 1234 349 1968 393; baseline 0.007 -16"><span class='ocrx_word' id='word_1_276' title='bbox 1234 351 1431 388; x_wconf 86' lang='lat' dir='ltr'>consuetam,</span> <span class='ocrx_word' id='word_1_277' title='bbox 1455 349 1503 381; x_wconf 90' lang='lat' dir='ltr'>vel</span> <span class='ocrx_word' id='word_1_278' title='bbox 1532 360 1600 382; x_wconf 85' lang='lat' dir='ltr'>eam</span> <span class='ocrx_word' id='word_1_279' title='bbox 1626 360 1706 393; x_wconf 86' lang='lat' dir='ltr'>quae</span> <span class='ocrx_word' id='word_1_280' title='bbox 1729 349 1843 393; x_wconf 81' lang='lat' dir='ltr'>incipit</span> <span class='ocrx_word' id='word_1_281' title='bbox 1876 349 1968 382; x_wconf 70' lang='lat' dir='ltr'>Salve</span> 
     </span>
     <span class='ocr_line' id='line_1_49' title="bbox 1235 399 1969 446; baseline 0.005 -15"><span class='ocrx_word' id='word_1_282' title='bbox 1235 399 1357 441; x_wconf 68' lang='lat' dir='ltr'>Reqina</span> <span class='ocrx_word' id='word_1_283' title='bbox 1384 400 1497 433; x_wconf 89' lang='lat' dir='ltr'>devote</span> <span class='ocrx_word' id='word_1_284' title='bbox 1530 402 1690 442; x_wconf 82' lang='lat' dir='ltr'>dixerint,</span> <span class='ocrx_word' id='word_1_285' title='bbox 1717 408 1842 446; x_wconf 84' lang='lat' dir='ltr'>septem</span> <span class='ocrx_word' id='word_1_286' title='bbox 1868 412 1969 435; x_wconf 85' lang='lat' dir='ltr'>annos</span> 
     </span>
     <span class='ocr_line' id='line_1_50' title="bbox 1234 453 1969 499; baseline 0.007 -16"><span class='ocrx_word' id='word_1_287' title='bbox 1234 453 1272 484; x_wconf 83' lang='lat' dir='ltr'>de</span> <span class='ocrx_word' id='word_1_288' title='bbox 1299 454 1371 485; x_wconf 78' lang='lat' dir='ltr'>vera</span> <span class='ocrx_word' id='word_1_289' title='bbox 1396 453 1597 495; x_wconf 71' lang='lat' dir='ltr'>indulgentia</span> <span class='ocrx_word' id='word_1_290' title='bbox 1621 461 1653 487; x_wconf 85' lang='lat' dir='ltr'>et</span> <span class='ocrx_word' id='word_1_291' title='bbox 1679 455 1810 488; x_wconf 86' lang='lat' dir='ltr'>totidem</span> <span class='ocrx_word' id='word_1_292' title='bbox 1832 455 1969 499; x_wconf 87' lang='lat' dir='ltr'>quadra-</span> 
     </span>
     <span class='ocr_line' id='line_1_51' title="bbox 1234 506 1743 549; baseline 0.01 -14"><span class='ocrx_word' id='word_1_293' title='bbox 1234 515 1332 546; x_wconf 74' lang='lat' dir='ltr'>genas</span> <span class='ocrx_word' id='word_1_294' title='bbox 1357 506 1502 537; x_wconf 80' lang='lat' dir='ltr'>concedit</span> <span class='ocrx_word' id='word_1_295' title='bbox 1529 512 1560 538; x_wconf 90' lang='lat' dir='ltr'>et</span> <span class='ocrx_word' id='word_1_296' title='bbox 1584 508 1743 549; x_wconf 80' lang='lat' dir='ltr'>indulget.</span> 
     </span>
    </p>

    <p class='ocr_par' dir='ltr' id='par_1_12' title="bbox 1234 557 2163 2600">
     <span class='ocr_line' id='line_1_52' title="bbox 1278 557 2160 594; baseline 0.002 -5"><span class='ocrx_word' id='word_1_297' title='bbox 1278 557 1308 589; x_wconf 76' lang='lat'>5⁰</span> <span class='ocrx_word' id='word_1_298' title='bbox 1326 558 1441 590; x_wconf 81' lang='lat' dir='ltr'>Diebus</span> <span class='ocrx_word' id='word_1_299' title='bbox 1467 559 1616 591; x_wconf 86' lang='lat' dir='ltr'>stationis</span> <span class='ocrx_word' id='word_1_300' title='bbox 1638 560 1670 592; x_wconf 89' lang='lat' dir='ltr'>in</span> <span class='ocrx_word' id='word_1_301' title='bbox 1689 561 1809 594; x_wconf 85' lang='lat' dir='ltr'>missali</span> <span class='ocrx_word' id='word_1_302' title='bbox 1834 571 1966 594; x_wconf 85' lang='lat' dir='ltr'>romano</span> <span class='ocrx_word' id='word_1_303' title='bbox 2011 570 2094 591; x_wconf 63' lang='lat' dir='ltr'>Eisdem</span> <span class='ocrx_word' id='word_1_304' title='bbox 2119 571 2160 591; x_wconf 74' lang='lat' dir='ltr'>crn-</span> 
     </span>
     <span class='ocr_line' id='line_1_53' title="bbox 1235 599 2162 654; baseline 0.002 -13"><span class='ocrx_word' id='word_1_305' title='bbox 1235 610 1451 653; x_wconf 82' lang='lat' dir='ltr'>praescriptis,</span> <span class='ocrx_word' id='word_1_306' title='bbox 1467 611 1625 654; x_wconf 80' lang='lat' dir='ltr'>praedicti</span> <span class='ocrx_word' id='word_1_307' title='bbox 1642 612 1875 645; x_wconf 85' lang='lat' dir='ltr'>cincturarum¹</span> <span class='ocrx_word' id='word_1_308' title='bbox 1892 624 1967 646; x_wconf 91' lang='lat' dir='ltr'>con·</span> <span class='ocrx_word' id='word_1_309' title='bbox 1977 599 2162 643; x_wconf 52' lang='lat' dir='ltr'>siigiiiiirfflii&#39;iiiffi</span> 
     </span>
     <span class='ocr_line' id='line_1_54' title="bbox 1236 650 2163 706; baseline 0.002 -12"><span class='ocrx_word' id='word_1_310' title='bbox 1236 663 1359 703; x_wconf 85' lang='lat' dir='ltr'>fratres,</span> <span class='ocrx_word' id='word_1_311' title='bbox 1379 664 1431 706; x_wconf 81' lang='lat' dir='ltr'>qui</span> <span class='ocrx_word' id='word_1_312' title='bbox 1450 663 1578 696; x_wconf 85' lang='lat' dir='ltr'>contriti</span> <span class='ocrx_word' id='word_1_313' title='bbox 1604 669 1635 696; x_wconf 85' lang='lat' dir='ltr'>et</span> <span class='ocrx_word' id='word_1_314' title='bbox 1652 665 1789 698; x_wconf 80' lang='lat' dir='ltr'>confessi</span> <span class='ocrx_word' id='word_1_315' title='bbox 1811 665 1844 698; x_wconf 90' lang='lat' dir='ltr'>in</span> <span class='ocrx_word' id='word_1_316' title='bbox 1864 667 1968 699; x_wconf 84' lang='lat' dir='ltr'>eccle·</span> <span class='ocrx_word' id='word_1_317' title='bbox 1977 650 2163 697; x_wconf 50' lang='lat' dir='ltr'>&#39;Jiiziaa‘lm‘m‘</span> 
     </span>
     <span class='ocr_line' id='line_1_55' title="bbox 1234 715 1967 762; baseline 0.007 -15"><span class='ocrx_word' id='word_1_318' title='bbox 1234 715 1289 747; x_wconf 83' lang='lat' dir='ltr'>siis</span> <span class='ocrx_word' id='word_1_319' title='bbox 1309 715 1436 748; x_wconf 86' lang='lat' dir='ltr'>Ordinis</span> <span class='ocrx_word' id='word_1_320' title='bbox 1458 716 1593 759; x_wconf 80' lang='lat' dir='ltr'>singulis</span> <span class='ocrx_word' id='word_1_321' title='bbox 1614 717 1728 750; x_wconf 87' lang='lat' dir='ltr'>diebus</span> <span class='ocrx_word' id='word_1_322' title='bbox 1744 728 1804 761; x_wconf 89' lang='lat' dir='ltr'>pro</span> <span class='ocrx_word' id='word_1_323' title='bbox 1824 724 1967 762; x_wconf 87' lang='lat' dir='ltr'>tempore</span> 
     </span>
     <span class='ocr_line' id='line_1_56' title="bbox 1236 769 2090 811; baseline 0.009 -13"><span class='ocrx_word' id='word_1_324' title='bbox 1236 769 1503 811; x_wconf 80' lang='lat' dir='ltr'>quadragesimali</span> <span class='ocrx_word' id='word_1_325' title='bbox 1539 769 1734 802; x_wconf 84' lang='lat' dir='ltr'>visitaverint</span> <span class='ocrx_word' id='word_1_326' title='bbox 1759 771 1818 804; x_wconf 85' lang='lat' dir='ltr'>tria</span> <span class='ocrx_word' id='word_1_327' title='bbox 1847 772 1969 811; x_wconf 82' lang='lat' dir='ltr'>altaria,</span> <span class='ocrx_word' id='word_1_328' title='bbox 2077 788 2090 805; x_wconf 74' lang='grc' dir='ltr'><em>ο</em></span> 
     </span>
     <span class='ocr_line' id='line_1_57' title="bbox 1236 820 1972 862; baseline 0.007 -10"><span class='ocrx_word' id='word_1_329' title='bbox 1236 820 1360 853; x_wconf 81' lang='lat' dir='ltr'>scilicet</span> <span class='ocrx_word' id='word_1_330' title='bbox 1390 822 1490 854; x_wconf 83' lang='lat' dir='ltr'>altare</span> <span class='ocrx_word' id='word_1_331' title='bbox 1525 822 1814 862; x_wconf 85' lang='lat' dir='ltr'>confraternitatis,</span> <span class='ocrx_word' id='word_1_332' title='bbox 1848 828 1880 857; x_wconf 90' lang='lat' dir='ltr'>et</span> <span class='ocrx_word' id='word_1_333' title='bbox 1910 825 1972 858; x_wconf 85' lang='lat' dir='ltr'>alia</span> 
     </span>
     <span class='ocr_line' id='line_1_58' title="bbox 1237 873 1974 920; baseline 0.004 -14"><span class='ocrx_word' id='word_1_334' title='bbox 1237 873 1299 906; x_wconf 89' lang='lat' dir='ltr'>duo</span> <span class='ocrx_word' id='word_1_335' title='bbox 1318 884 1334 905; x_wconf 90' lang='lat' dir='ltr'>a</span> <span class='ocrx_word' id='word_1_336' title='bbox 1360 874 1525 916; x_wconf 84' lang='lat' dir='ltr'>prioribus</span> <span class='ocrx_word' id='word_1_337' title='bbox 1548 874 1692 907; x_wconf 78' lang='lat' dir='ltr'>eiusdem</span> <span class='ocrx_word' id='word_1_338' title='bbox 1717 874 1845 908; x_wconf 91' lang='lat' dir='ltr'>Ordinis</span> <span class='ocrx_word' id='word_1_339' title='bbox 1870 876 1974 920; x_wconf 84' lang='lat' dir='ltr'>depu-</span> 
     </span>
     <span class='ocr_line' id='line_1_59' title="bbox 1239 926 1977 969; baseline 0.005 -12"><span class='ocrx_word' id='word_1_340' title='bbox 1239 926 1344 966; x_wconf 88' lang='lat' dir='ltr'>tanda,</span> <span class='ocrx_word' id='word_1_341' title='bbox 1367 931 1397 958; x_wconf 87' lang='lat' dir='ltr'>et</span> <span class='ocrx_word' id='word_1_342' title='bbox 1422 926 1566 969; x_wconf 88' lang='lat' dir='ltr'>quinque</span> <span class='ocrx_word' id='word_1_343' title='bbox 1586 927 1685 959; x_wconf 76' lang='lat' dir='ltr'>Pater</span> <span class='ocrx_word' id='word_1_344' title='bbox 1701 931 1807 959; x_wconf 74' lang='lat' dir='ltr'>noster</span> <span class='ocrx_word' id='word_1_345' title='bbox 1826 928 1977 961; x_wconf 87' lang='lat' dir='ltr'>totidem-</span> 
     </span>
     <span class='ocr_line' id='line_1_60' title="bbox 1238 979 1974 1021; baseline 0.007 -12"><span class='ocrx_word' id='word_1_346' title='bbox 1238 989 1299 1021; x_wconf 87' lang='lat' dir='ltr'>que</span> <span class='ocrx_word' id='word_1_347' title='bbox 1331 979 1398 1012; x_wconf 67' lang='lat' dir='ltr'>Ave</span> <span class='ocrx_word' id='word_1_348' title='bbox 1423 979 1528 1011; x_wconf 77' lang='lat' dir='ltr'>Maria</span> <span class='ocrx_word' id='word_1_349' title='bbox 1559 980 1600 1012; x_wconf 82' lang='lat' dir='ltr'>ol)</span> <span class='ocrx_word' id='word_1_350' title='bbox 1630 980 1840 1013; x_wconf 83' lang='lat' dir='ltr'>reverentiam</span> <span class='ocrx_word' id='word_1_351' title='bbox 1871 981 1974 1014; x_wconf 88' lang='lat' dir='ltr'>domi-</span> 
     </span>
     <span class='ocr_line' id='line_1_61' title="bbox 1239 1030 1973 1075; baseline 0.005 -13"><span class='ocrx_word' id='word_1_352' title='bbox 1239 1030 1327 1063; x_wconf 84' lang='lat' dir='ltr'>nicae</span> <span class='ocrx_word' id='word_1_353' title='bbox 1358 1031 1519 1064; x_wconf 82' lang='lat' dir='ltr'>Passionis</span> <span class='ocrx_word' id='word_1_354' title='bbox 1548 1036 1579 1064; x_wconf 89' lang='lat' dir='ltr'>et</span> <span class='ocrx_word' id='word_1_355' title='bbox 1609 1032 1771 1073; x_wconf 76' lang='lat' dir='ltr'>gloriosae</span> <span class='ocrx_word' id='word_1_356' title='bbox 1803 1033 1857 1066; x_wconf 88' lang='lat' dir='ltr'>Dei</span> <span class='ocrx_word' id='word_1_357' title='bbox 1882 1033 1973 1075; x_wconf 81' lang='lat' dir='ltr'>geni-</span> 
     </span>
     <span class='ocr_line' id='line_1_62' title="bbox 1239 1083 1972 1126; baseline 0.003 -11"><span class='ocrx_word' id='word_1_358' title='bbox 1239 1083 1325 1115; x_wconf 86' lang='lat' dir='ltr'>tricis</span> <span class='ocrx_word' id='word_1_359' title='bbox 1358 1083 1473 1116; x_wconf 80' lang='lat' dir='ltr'>Mariae</span> <span class='ocrx_word' id='word_1_360' title='bbox 1504 1084 1641 1126; x_wconf 80' lang='lat' dir='ltr'>genibus</span> <span class='ocrx_word' id='word_1_361' title='bbox 1677 1084 1766 1116; x_wconf 82' lang='lat' dir='ltr'>flexis</span> <span class='ocrx_word' id='word_1_362' title='bbox 1797 1095 1868 1117; x_wconf 88' lang='lat' dir='ltr'>cum</span> <span class='ocrx_word' id='word_1_363' title='bbox 1904 1096 1972 1118; x_wconf 88' lang='lat' dir='ltr'>ora-</span> 
     </span>
     <span class='ocr_line' id='line_1_63' title="bbox 1239 1136 1972 1179; baseline 0.003 -11"><span class='ocrx_word' id='word_1_364' title='bbox 1239 1136 1345 1176; x_wconf 88' lang='lat' dir='ltr'>tione,</span> <span class='ocrx_word' id='word_1_365' title='bbox 1373 1147 1454 1179; x_wconf 85' lang='lat' dir='ltr'>quae</span> <span class='ocrx_word' id='word_1_366' title='bbox 1485 1147 1542 1179; x_wconf 85' lang='lat' dir='ltr'>pro</span> <span class='ocrx_word' id='word_1_367' title='bbox 1567 1136 1698 1168; x_wconf 83' lang='lat' dir='ltr'>Summo</span> <span class='ocrx_word' id='word_1_368' title='bbox 1723 1137 1876 1170; x_wconf 79' lang='lat' dir='ltr'>Pontifice</span> <span class='ocrx_word' id='word_1_369' title='bbox 1901 1137 1972 1170; x_wconf 77' lang='lat' dir='ltr'>fieri</span> 
     </span>
     <span class='ocr_line' id='line_1_64' title="bbox 1238 1188 1973 1231; baseline 0.004 -12"><span class='ocrx_word' id='word_1_370' title='bbox 1238 1189 1414 1227; x_wconf 86' lang='lat' dir='ltr'>consuevit,</span> <span class='ocrx_word' id='word_1_371' title='bbox 1443 1188 1595 1220; x_wconf 87' lang='lat' dir='ltr'>videlicet</span> <span class='ocrx_word' id='word_1_372' title='bbox 1628 1188 1711 1220; x_wconf 76' lang='lat' dir='ltr'>Deus</span> <span class='ocrx_word' id='word_1_373' title='bbox 1736 1189 1879 1221; x_wconf 73' lang='lat' dir='ltr'>omnium</span> <span class='ocrx_word' id='word_1_374' title='bbox 1897 1189 1973 1231; x_wconf 81' lang='lat' dir='ltr'>fide-</span> 
     </span>
     <span class='ocr_line' id='line_1_65' title="bbox 1239 1240 1974 1279; baseline 0.004 -8"><span class='ocrx_word' id='word_1_375' title='bbox 1239 1240 1322 1272; x_wconf 73' lang='lat' dir='ltr'>lium</span> <span class='ocrx_word' id='word_1_376' title='bbox 1346 1241 1476 1279; x_wconf 75' lang='lat' dir='ltr'>Pastor,</span> <span class='ocrx_word' id='word_1_377' title='bbox 1496 1245 1558 1272; x_wconf 88' lang='lat' dir='ltr'>etc.</span> <span class='ocrx_word' id='word_1_378' title='bbox 1587 1240 1734 1279; x_wconf 70' lang='lat' dir='ltr'>dixerint,</span> <span class='ocrx_word' id='word_1_379' title='bbox 1754 1242 1899 1274; x_wconf 88' lang='lat' dir='ltr'>eamdem</span> <span class='ocrx_word' id='word_1_380' title='bbox 1926 1241 1974 1273; x_wconf 92' lang='lat' dir='ltr'>in-</span> 
     </span>
     <span class='ocr_line' id='line_1_66' title="bbox 1239 1292 1973 1335; baseline 0.001 -11"><span class='ocrx_word' id='word_1_381' title='bbox 1239 1292 1436 1334; x_wconf 78' lang='lat' dir='ltr'>dulgentiam</span> <span class='ocrx_word' id='word_1_382' title='bbox 1455 1298 1705 1335; x_wconf 84' lang='lat' dir='ltr'>consequuntur,</span> <span class='ocrx_word' id='word_1_383' title='bbox 1722 1303 1817 1335; x_wconf 89' lang='lat' dir='ltr'>quam</span> <span class='ocrx_word' id='word_1_384' title='bbox 1833 1293 1973 1326; x_wconf 85' lang='lat' dir='ltr'>habituri</span> 
     </span>
     <span class='ocr_line' id='line_1_67' title="bbox 1239 1345 1973 1379; baseline 0.001 -2"><span class='ocrx_word' id='word_1_385' title='bbox 1239 1350 1347 1377; x_wconf 83' lang='lat' dir='ltr'>essent</span> <span class='ocrx_word' id='word_1_386' title='bbox 1360 1345 1384 1377; x_wconf 87' lang='lat' dir='ltr'>si</span> <span class='ocrx_word' id='word_1_387' title='bbox 1398 1346 1540 1378; x_wconf 88' lang='lat' dir='ltr'>romanis</span> <span class='ocrx_word' id='word_1_388' title='bbox 1557 1345 1752 1378; x_wconf 85' lang='lat' dir='ltr'>stationibus</span> <span class='ocrx_word' id='word_1_389' title='bbox 1769 1345 1973 1379; x_wconf 82' lang='lat' dir='ltr'>interessent.</span> 
     </span>
     <span class='ocr_line' id='line_1_68' title="bbox 1238 1397 1975 1436; baseline 0.003 -7"><span class='ocrx_word' id='word_1_390' title='bbox 1238 1397 1294 1436; x_wconf 84' lang='lat' dir='ltr'>Qui</span> <span class='ocrx_word' id='word_1_391' title='bbox 1321 1409 1397 1431; x_wconf 88' lang='lat' dir='ltr'>vero</span> <span class='ocrx_word' id='word_1_392' title='bbox 1422 1399 1538 1431; x_wconf 86' lang='lat' dir='ltr'>dictam</span> <span class='ocrx_word' id='word_1_393' title='bbox 1572 1399 1752 1431; x_wconf 84' lang='lat' dir='ltr'>orationem</span> <span class='ocrx_word' id='word_1_394' title='bbox 1780 1398 1888 1431; x_wconf 88' lang='lat' dir='ltr'>dicere</span> <span class='ocrx_word' id='word_1_395' title='bbox 1921 1409 1975 1432; x_wconf 89' lang='lat' dir='ltr'>ne-</span> 
     </span>
     <span class='ocr_line' id='line_1_69' title="bbox 1239 1451 1975 1494; baseline 0 -11"><span class='ocrx_word' id='word_1_396' title='bbox 1239 1451 1399 1491; x_wconf 86' lang='lat' dir='ltr'>sciverint,</span> <span class='ocrx_word' id='word_1_397' title='bbox 1418 1452 1489 1484; x_wconf 85' lang='lat' dir='ltr'>loco</span> <span class='ocrx_word' id='word_1_398' title='bbox 1515 1452 1602 1484; x_wconf 86' lang='lat' dir='ltr'>illius</span> <span class='ocrx_word' id='word_1_399' title='bbox 1620 1451 1729 1484; x_wconf 86' lang='lat' dir='ltr'>dicant</span> <span class='ocrx_word' id='word_1_400' title='bbox 1744 1451 1837 1484; x_wconf 76' lang='lat' dir='ltr'>Salve</span> <span class='ocrx_word' id='word_1_401' title='bbox 1852 1452 1975 1494; x_wconf 68' lang='lat' dir='ltr'>Reqina</span> 
     </span>
     <span class='ocr_line' id='line_1_70' title="bbox 1240 1504 1975 1547; baseline 0.001 -12"><span class='ocrx_word' id='word_1_402' title='bbox 1240 1515 1297 1547; x_wconf 87' lang='lat' dir='ltr'>pro</span> <span class='ocrx_word' id='word_1_403' title='bbox 1323 1504 1408 1537; x_wconf 86' lang='lat' dir='ltr'>felici</span> <span class='ocrx_word' id='word_1_404' title='bbox 1434 1504 1679 1537; x_wconf 84' lang='lat' dir='ltr'>conservatione</span> <span class='ocrx_word' id='word_1_405' title='bbox 1697 1509 1795 1537; x_wconf 88' lang='lat' dir='ltr'>status</span> <span class='ocrx_word' id='word_1_406' title='bbox 1812 1504 1975 1537; x_wconf 87' lang='lat' dir='ltr'>Ecclesiae</span> 
     </span>
     <span class='ocr_line' id='line_1_71' title="bbox 1240 1556 1976 1600; baseline -0.001 -11"><span class='ocrx_word' id='word_1_407' title='bbox 1240 1557 1402 1590; x_wconf 81' lang='lat' dir='ltr'>Romanae</span> <span class='ocrx_word' id='word_1_408' title='bbox 1430 1562 1463 1589; x_wconf 91' lang='lat' dir='ltr'>et</span> <span class='ocrx_word' id='word_1_409' title='bbox 1486 1557 1689 1590; x_wconf 85' lang='lat' dir='ltr'>Summorum</span> <span class='ocrx_word' id='word_1_410' title='bbox 1708 1556 1900 1590; x_wconf 81' lang='lat' dir='ltr'>Pontificum</span> <span class='ocrx_word' id='word_1_411' title='bbox 1921 1556 1976 1600; x_wconf 87' lang='lat' dir='ltr'>qui</span> 
     </span>
     <span class='ocr_line' id='line_1_72' title="bbox 1240 1609 1976 1653; baseline -0.001 -11"><span class='ocrx_word' id='word_1_412' title='bbox 1240 1620 1298 1652; x_wconf 90' lang='lat' dir='ltr'>pro</span> <span class='ocrx_word' id='word_1_413' title='bbox 1317 1615 1463 1653; x_wconf 86' lang='lat' dir='ltr'>tempore</span> <span class='ocrx_word' id='word_1_414' title='bbox 1478 1609 1607 1641; x_wconf 83' lang='lat' dir='ltr'>fuerint.</span> <span class='ocrx_word' id='word_1_415' title='bbox 1626 1609 1685 1641; x_wconf 73' lang='lat' dir='ltr'>L&#39;bi</span> <span class='ocrx_word' id='word_1_416' title='bbox 1704 1620 1778 1642; x_wconf 90' lang='lat' dir='ltr'>vero</span> <span class='ocrx_word' id='word_1_417' title='bbox 1796 1614 1844 1641; x_wconf 87' lang='lat' dir='ltr'>tot</span> <span class='ocrx_word' id='word_1_418' title='bbox 1863 1609 1976 1642; x_wconf 85' lang='lat' dir='ltr'>altaria</span> 
     </span>
     <span class='ocr_line' id='line_1_73' title="bbox 1241 1661 1977 1701; baseline -0.001 -7"><span class='ocrx_word' id='word_1_419' title='bbox 1241 1673 1304 1695; x_wconf 90' lang='lat' dir='ltr'>non</span> <span class='ocrx_word' id='word_1_420' title='bbox 1330 1668 1445 1701; x_wconf 86' lang='lat' dir='ltr'>essent,</span> <span class='ocrx_word' id='word_1_421' title='bbox 1476 1667 1524 1694; x_wconf 85' lang='lat' dir='ltr'>ter</span> <span class='ocrx_word' id='word_1_422' title='bbox 1545 1662 1645 1694; x_wconf 85' lang='lat' dir='ltr'>dictas</span> <span class='ocrx_word' id='word_1_423' title='bbox 1673 1661 1834 1694; x_wconf 86' lang='lat' dir='ltr'>orationes</span> <span class='ocrx_word' id='word_1_424' title='bbox 1863 1667 1896 1694; x_wconf 87' lang='lat' dir='ltr'>et</span> <span class='ocrx_word' id='word_1_425' title='bbox 1911 1661 1977 1694; x_wconf 89' lang='grc' dir='ltr'>Ρα-</span> 
     </span>
     <span class='ocr_line' id='line_1_74' title="bbox 1240 1714 1977 1757; baseline -0.001 -10"><span class='ocrx_word' id='word_1_426' title='bbox 1240 1719 1286 1747; x_wconf 82' lang='lat' dir='ltr'>ter</span> <span class='ocrx_word' id='word_1_427' title='bbox 1309 1725 1379 1746; x_wconf 89' lang='lat' dir='ltr'>cum</span> <span class='ocrx_word' id='word_1_428' title='bbox 1397 1714 1463 1747; x_wconf 75' lang='lat' dir='ltr'>Ace</span> <span class='ocrx_word' id='word_1_429' title='bbox 1479 1714 1588 1746; x_wconf 67' lang='lat' dir='ltr'>Maria</span> <span class='ocrx_word' id='word_1_430' title='bbox 1608 1714 1766 1757; x_wconf 87' lang='lat' dir='ltr'>replicent</span> <span class='ocrx_word' id='word_1_431' title='bbox 1786 1719 1859 1746; x_wconf 87' lang='lat' dir='ltr'>ante</span> <span class='ocrx_word' id='word_1_432' title='bbox 1877 1715 1977 1747; x_wconf 88' lang='lat' dir='ltr'>altare</span> 
     </span>
     <span class='ocr_line' id='line_1_75' title="bbox 1241 1766 1978 1809; baseline -0.001 -10"><span class='ocrx_word' id='word_1_433' title='bbox 1241 1767 1514 1800; x_wconf 84' lang='lat' dir='ltr'>confraternitatis</span> <span class='ocrx_word' id='word_1_434' title='bbox 1540 1766 1658 1809; x_wconf 75' lang='lat' dir='ltr'>(Sixtus</span> <span class='ocrx_word' id='word_1_435' title='bbox 1675 1767 1721 1806; x_wconf 76' lang='lat' dir='ltr'>lv,</span> <span class='ocrx_word' id='word_1_436' title='bbox 1745 1766 1809 1799; x_wconf 78' lang='lat' dir='ltr'>Per</span> <span class='ocrx_word' id='word_1_437' title='bbox 1831 1766 1978 1809; x_wconf 62' lang='lat' dir='ltr'>signalu-</span> 
     </span>
     <span class='ocr_line' id='line_1_76' title="bbox 1240 1817 1978 1862; baseline 0 -12"><span class='ocrx_word' id='word_1_438' title='bbox 1240 1819 1337 1862; x_wconf 81' lang='lat' dir='ltr'>ram).</span> <span class='ocrx_word' id='word_1_439' title='bbox 1369 1818 1575 1851; x_wconf 86' lang='lat' dir='ltr'>Innocentius</span> <span class='ocrx_word' id='word_1_440' title='bbox 1602 1818 1718 1851; x_wconf 91' lang='lat' dir='ltr'>deinde</span> <span class='ocrx_word' id='word_1_441' title='bbox 1743 1818 1805 1850; x_wconf 89' lang='lat' dir='ltr'>VIII</span> <span class='ocrx_word' id='word_1_442' title='bbox 1830 1817 1861 1850; x_wconf 91' lang='lat' dir='ltr'>in</span> <span class='ocrx_word' id='word_1_443' title='bbox 1888 1818 1978 1851; x_wconf 75' lang='lat' dir='ltr'>Bulla</span> 
     </span>
     <span class='ocr_line' id='line_1_77' title="bbox 1243 1871 1977 1911; baseline -0.003 -6"><span class='ocrx_word' id='word_1_444' title='bbox 1243 1872 1324 1906; x_wconf 82' lang='lat' dir='ltr'>Cum</span> <span class='ocrx_word' id='word_1_445' title='bbox 1339 1871 1436 1911; x_wconf 77' lang='lat' dir='ltr'>olicis,</span> <span class='ocrx_word' id='word_1_446' title='bbox 1457 1871 1507 1903; x_wconf 88' lang='lat' dir='ltr'>die</span> <span class='ocrx_word' id='word_1_447' title='bbox 1524 1881 1568 1904; x_wconf 85' lang='lat' dir='ltr'>vn</span> <span class='ocrx_word' id='word_1_448' title='bbox 1587 1871 1769 1904; x_wconf 86' lang='lat' dir='ltr'>decembris</span> <span class='ocrx_word' id='word_1_449' title='bbox 1785 1880 1977 1910; x_wconf 79' lang='lat' dir='ltr'>uanxxxix‚</span> 
     </span>
     <span class='ocr_line' id='line_1_78' title="bbox 1243 1923 1977 1968; baseline -0.003 -11"><span class='ocrx_word' id='word_1_450' title='bbox 1243 1923 1450 1968; x_wconf 78' lang='lat' dir='ltr'>pontificatus</span> <span class='ocrx_word' id='word_1_451' title='bbox 1464 1934 1549 1956; x_wconf 90' lang='lat' dir='ltr'>anno</span> <span class='ocrx_word' id='word_1_452' title='bbox 1563 1933 1603 1964; x_wconf 79' lang='lat' dir='ltr'>vi,</span> <span class='ocrx_word' id='word_1_453' title='bbox 1615 1923 1795 1967; x_wconf 85' lang='lat' dir='ltr'>praedictas</span> <span class='ocrx_word' id='word_1_454' title='bbox 1810 1923 1977 1966; x_wconf 84' lang='lat' dir='ltr'>indulgen-</span> 
     </span>
     <span class='ocr_line' id='line_1_79' title="bbox 1243 1976 1976 2019; baseline -0.001 -10"><span class='ocrx_word' id='word_1_455' title='bbox 1243 1977 1302 2010; x_wconf 90' lang='lat' dir='ltr'>tias</span> <span class='ocrx_word' id='word_1_456' title='bbox 1320 1977 1495 2009; x_wconf 86' lang='lat' dir='ltr'>stationum</span> <span class='ocrx_word' id='word_1_457' title='bbox 1514 1978 1616 2009; x_wconf 88' lang='lat' dir='ltr'>almae</span> <span class='ocrx_word' id='word_1_458' title='bbox 1634 1976 1736 2015; x_wconf 81' lang='lat' dir='ltr'>Urbis,</span> <span class='ocrx_word' id='word_1_459' title='bbox 1751 1986 1810 2019; x_wconf 88' lang='lat' dir='ltr'>pro</span> <span class='ocrx_word' id='word_1_460' title='bbox 1828 1981 1976 2019; x_wconf 86' lang='lat' dir='ltr'>tempore</span> 
     </span>
     <span class='ocr_line' id='line_1_80' title="bbox 1241 2029 1978 2073; baseline -0.001 -12"><span class='ocrx_word' id='word_1_461' title='bbox 1241 2029 1513 2073; x_wconf 83' lang='lat' dir='ltr'>quadragesimali</span> <span class='ocrx_word' id='word_1_462' title='bbox 1528 2035 1563 2061; x_wconf 90' lang='lat' dir='ltr'>ut</span> <span class='ocrx_word' id='word_1_463' title='bbox 1586 2039 1682 2072; x_wconf 84' lang='lat' dir='ltr'>supra</span> <span class='ocrx_word' id='word_1_464' title='bbox 1702 2038 1881 2069; x_wconf 86' lang='lat' dir='ltr'>concessas,</span> <span class='ocrx_word' id='word_1_465' title='bbox 1902 2038 1978 2061; x_wconf 88' lang='lat' dir='ltr'>con-</span> 
     </span>
     <span class='ocr_line' id='line_1_81' title="bbox 1243 2081 1976 2124; baseline -0.001 -10"><span class='ocrx_word' id='word_1_466' title='bbox 1243 2082 1388 2123; x_wconf 80' lang='lat' dir='ltr'>firmavit,</span> <span class='ocrx_word' id='word_1_467' title='bbox 1408 2088 1439 2114; x_wconf 87' lang='lat' dir='ltr'>et</span> <span class='ocrx_word' id='word_1_468' title='bbox 1455 2083 1495 2115; x_wconf 84' lang='lat' dir='ltr'>ad</span> <span class='ocrx_word' id='word_1_469' title='bbox 1519 2082 1677 2115; x_wconf 86' lang='lat' dir='ltr'>stationes</span> <span class='ocrx_word' id='word_1_470' title='bbox 1701 2081 1798 2114; x_wconf 88' lang='lat' dir='ltr'>totius</span> <span class='ocrx_word' id='word_1_471' title='bbox 1822 2081 1897 2114; x_wconf 82' lang='lat' dir='ltr'>anni</span> <span class='ocrx_word' id='word_1_472' title='bbox 1923 2082 1976 2124; x_wconf 89' lang='lat' dir='ltr'>(ad</span> 
     </span>
     <span class='ocr_line' id='line_1_82' title="bbox 1243 2135 1977 2177; baseline -0.001 -10"><span class='ocrx_word' id='word_1_473' title='bbox 1243 2146 1389 2168; x_wconf 90' lang='lat' dir='ltr'>normam</span> <span class='ocrx_word' id='word_1_474' title='bbox 1414 2135 1553 2167; x_wconf 83' lang='lat' dir='ltr'>missalis</span> <span class='ocrx_word' id='word_1_475' title='bbox 1578 2135 1705 2167; x_wconf 88' lang='lat' dir='ltr'>romani</span> <span class='ocrx_word' id='word_1_476' title='bbox 1731 2140 1765 2166; x_wconf 90' lang='lat' dir='ltr'>ut</span> <span class='ocrx_word' id='word_1_477' title='bbox 1788 2135 1899 2177; x_wconf 87' lang='lat' dir='ltr'>supra)</span> <span class='ocrx_word' id='word_1_478' title='bbox 1925 2145 1977 2167; x_wconf 84' lang='lat' dir='ltr'>ex-</span> 
     </span>
     <span class='ocr_line' id='line_1_83' title="bbox 1245 2187 1980 2230; baseline -0.001 -9"><span class='ocrx_word' id='word_1_479' title='bbox 1245 2188 1362 2229; x_wconf 86' lang='lat' dir='ltr'>tendit;</span> <span class='ocrx_word' id='word_1_480' title='bbox 1390 2194 1421 2221; x_wconf 89' lang='lat' dir='ltr'>et</span> <span class='ocrx_word' id='word_1_481' title='bbox 1445 2188 1657 2221; x_wconf 88' lang='lat' dir='ltr'>nihilominus</span> <span class='ocrx_word' id='word_1_482' title='bbox 1677 2188 1702 2220; x_wconf 88' lang='lat' dir='ltr'>si</span> <span class='ocrx_word' id='word_1_483' title='bbox 1728 2188 1904 2230; x_wconf 76' lang='lat' dir='ltr'>contingat,</span> <span class='ocrx_word' id='word_1_484' title='bbox 1923 2187 1980 2220; x_wconf 93' lang='lat' dir='ltr'>ali-</span> 
     </span>
     <span class='ocr_line' id='line_1_84' title="bbox 1243 2240 1978 2284; baseline 0 -12"><span class='ocrx_word' id='word_1_485' title='bbox 1243 2252 1339 2284; x_wconf 92' lang='lat' dir='ltr'>quem</span> <span class='ocrx_word' id='word_1_486' title='bbox 1357 2251 1392 2273; x_wconf 79' lang='lat' dir='ltr'>ex</span> <span class='ocrx_word' id='word_1_487' title='bbox 1412 2241 1554 2284; x_wconf 78' lang='lat' dir='ltr'>legitima</span> <span class='ocrx_word' id='word_1_488' title='bbox 1570 2243 1667 2273; x_wconf 79' lang='lat' dir='ltr'>causa</span> <span class='ocrx_word' id='word_1_489' title='bbox 1685 2251 1701 2272; x_wconf 91' lang='lat' dir='ltr'>a</span> <span class='ocrx_word' id='word_1_490' title='bbox 1721 2240 1811 2280; x_wconf 87' lang='lat' dir='ltr'>locis,</span> <span class='ocrx_word' id='word_1_491' title='bbox 1831 2240 1884 2272; x_wconf 88' lang='lat' dir='ltr'>ubi</span> <span class='ocrx_word' id='word_1_492' title='bbox 1903 2245 1978 2273; x_wconf 89' lang='lat' dir='ltr'>sunt</span> 
     </span>
     <span class='ocr_line' id='line_1_85' title="bbox 1243 2292 1977 2336; baseline 0 -11"><span class='ocrx_word' id='word_1_493' title='bbox 1243 2292 1398 2326; x_wconf 81' lang='lat' dir='ltr'>ecclesiae</span> <span class='ocrx_word' id='word_1_494' title='bbox 1432 2293 1566 2336; x_wconf 84' lang='lat' dir='ltr'>praefati</span> <span class='ocrx_word' id='word_1_495' title='bbox 1591 2293 1741 2333; x_wconf 88' lang='lat' dir='ltr'>Ordinis,</span> <span class='ocrx_word' id='word_1_496' title='bbox 1773 2293 1840 2325; x_wconf 86' lang='lat' dir='ltr'>sive</span> <span class='ocrx_word' id='word_1_497' title='bbox 1877 2294 1977 2326; x_wconf 88' lang='lat' dir='ltr'>altare</span> 
     </span>
     <span class='ocr_line' id='line_1_86' title="bbox 1243 2346 1977 2389; baseline 0 -11"><span class='ocrx_word' id='word_1_498' title='bbox 1243 2346 1528 2386; x_wconf 81' lang='lat' dir='ltr'>confraternitatis,</span> <span class='ocrx_word' id='word_1_499' title='bbox 1560 2346 1693 2387; x_wconf 88' lang='lat' dir='ltr'>abesse,</span> <span class='ocrx_word' id='word_1_500' title='bbox 1720 2347 1752 2378; x_wconf 92' lang='lat' dir='ltr'>in</span> <span class='ocrx_word' id='word_1_501' title='bbox 1779 2356 1977 2389; x_wconf 81' lang='lat' dir='ltr'>quacumque</span> 
     </span>
     <span class='ocr_line' id='line_1_87' title="bbox 1244 2398 1978 2432; baseline 0.001 -1"><span class='ocrx_word' id='word_1_502' title='bbox 1244 2398 1378 2431; x_wconf 82' lang='lat' dir='ltr'>ecelesia</span> <span class='ocrx_word' id='word_1_503' title='bbox 1402 2403 1434 2430; x_wconf 88' lang='lat' dir='ltr'>et</span> <span class='ocrx_word' id='word_1_504' title='bbox 1458 2399 1529 2432; x_wconf 89' lang='lat' dir='ltr'>loco</span> <span class='ocrx_word' id='word_1_505' title='bbox 1553 2399 1647 2431; x_wconf 91' lang='lat' dir='ltr'>etiam</span> <span class='ocrx_word' id='word_1_506' title='bbox 1672 2410 1772 2432; x_wconf 89' lang='lat' dir='ltr'>unum</span> <span class='ocrx_word' id='word_1_507' title='bbox 1792 2404 1915 2431; x_wconf 86' lang='lat' dir='ltr'>tantum</span> <span class='ocrx_word' id='word_1_508' title='bbox 1933 2400 1978 2432; x_wconf 87' lang='lat' dir='ltr'>al-</span> 
     </span>
     <span class='ocr_line' id='line_1_88' title="bbox 1244 2451 1977 2490; baseline 0.004 -8"><span class='ocrx_word' id='word_1_509' title='bbox 1244 2456 1311 2483; x_wconf 89' lang='lat' dir='ltr'>tare</span> <span class='ocrx_word' id='word_1_510' title='bbox 1336 2451 1486 2490; x_wconf 79' lang='lat' dir='ltr'>habente,</span> <span class='ocrx_word' id='word_1_511' title='bbox 1506 2451 1530 2483; x_wconf 87' lang='lat' dir='ltr'>si</span> <span class='ocrx_word' id='word_1_512' title='bbox 1557 2457 1630 2484; x_wconf 87' lang='lat' dir='ltr'>ante</span> <span class='ocrx_word' id='word_1_513' title='bbox 1657 2452 1775 2485; x_wconf 77' lang='lat' dir='ltr'>dietum</span> <span class='ocrx_word' id='word_1_514' title='bbox 1800 2453 1898 2485; x_wconf 85' lang='lat' dir='ltr'>altare</span> <span class='ocrx_word' id='word_1_515' title='bbox 1923 2463 1977 2485; x_wconf 86' lang='lat' dir='ltr'>eas</span> 
     </span>
     <span class='ocr_line' id='line_1_89' title="bbox 1244 2503 1979 2547; baseline 0.003 -12"><span class='ocrx_word' id='word_1_516' title='bbox 1244 2503 1416 2544; x_wconf 80' lang='lat' dir='ltr'>orationes,</span> <span class='ocrx_word' id='word_1_517' title='bbox 1436 2515 1517 2547; x_wconf 82' lang='lat' dir='ltr'>quac</span> <span class='ocrx_word' id='word_1_518' title='bbox 1536 2510 1607 2536; x_wconf 89' lang='lat' dir='ltr'>ante</span> <span class='ocrx_word' id='word_1_519' title='bbox 1634 2505 1692 2537; x_wconf 87' lang='lat' dir='ltr'>tria</span> <span class='ocrx_word' id='word_1_520' title='bbox 1713 2505 1824 2537; x_wconf 90' lang='lat' dir='ltr'>altaria</span> <span class='ocrx_word' id='word_1_521' title='bbox 1843 2504 1913 2538; x_wconf 79' lang='lat' dir='ltr'>steri</span> <span class='ocrx_word' id='word_1_522' title='bbox 1931 2505 1979 2537; x_wconf 89' lang='lat' dir='ltr'>iu-</span> 
     </span>
     <span class='ocr_line' id='line_1_90' title="bbox 1245 2557 1977 2600; baseline 0.003 -13"><span class='ocrx_word' id='word_1_523' title='bbox 1245 2557 1371 2593; x_wconf 69' lang='lat' dir='ltr'>bentur,</span> <span class='ocrx_word' id='word_1_524' title='bbox 1392 2561 1439 2588; x_wconf 83' lang='lat' dir='ltr'>ter</span> <span class='ocrx_word' id='word_1_525' title='bbox 1456 2557 1580 2592; x_wconf 63' lang='lat' dir='ltr'>dixerit,</span> <span class='ocrx_word' id='word_1_526' title='bbox 1601 2558 1759 2600; x_wconf 76' lang='lat' dir='ltr'>pracfa&#39;as</span> <span class='ocrx_word' id='word_1_527' title='bbox 1787 2558 1883 2590; x_wconf 82' lang='lat' dir='ltr'>totius</span> <span class='ocrx_word' id='word_1_528' title='bbox 1902 2558 1977 2590; x_wconf 87' lang='lat' dir='ltr'>anni</span> 
     </span>
    </p>
   </div>
   <div class='ocr_carea' id='block_1_6' title="bbox 1281 2617 1845 2655">
    <p class='ocr_par' dir='ltr' id='par_1_13' title="bbox 1281 2617 1845 2655">
     <span class='ocr_line' id='line_1_91' title="bbox 1281 2617 1845 2655; baseline 0.011 -16"><span class='ocrx_word' id='word_1_529' title='bbox 1281 2619 1288 2643; x_wconf 91' lang='grc'>1</span> <span class='ocrx_word' id='word_1_530' title='bbox 1314 2617 1467 2651; x_wconf 73' lang='lat' dir='ltr'>Legeuduui</span> <span class='ocrx_word' id='word_1_531' title='bbox 1489 2618 1717 2646; x_wconf 72' lang='lat' dir='ltr'>ciuclurulmum</span> <span class='ocrx_word' id='word_1_532' title='bbox 1741 2625 1774 2655; x_wconf 32' lang='lat' dir='ltr'>&#39;ni</span> <span class='ocrx_word' id='word_1_533' title='bbox 1797 2619 1845 2653; x_wconf 78' lang='grc' dir='ltr'>Τ.).</span> 
     </span>
    </p>
   </div>
  </div>
 </body>
</html>
