2279 3260
475 228 535 261 704
1025 236 1201 260 rotumum
1228 237 1378 261 nomnen

518 289 620 323 tribus
644 289 816 324 dominicis
842 290 889 323 vel
915 289 985 322 aliis
1011 288 1132 321 festivis
1157 288 1272 322 diebus
1296 289 1394 322 etiam
1424 295 1512 324 extra
1538 296 1682 335 tempora
1712 301 1820 326 sacros
1844 293 1975 328 ordines

518 341 684 386 recipiant,
707 340 749 375 90
774 342 807 382 b,
835 341 1005 375 familiares
1029 341 1184 384 praedicti
1209 341 1329 375 absolvi
1355 348 1490 384 possunt
1511 354 1528 376 a
1552 353 1761 388 quocumque
1781 346 1976 382 confessario

518 395 559 429 ab
583 394 732 429 omnibus
758 395 901 429 censuris
926 395 1020 427 ctiam
1046 394 1204 429 contentis
1229 395 1261 428 in
1285 394 1376 427 Bulla
1400 395 1522 429 Coenae
1539 398 1637 430 semel
1662 402 1784 431 tantum
1810 398 1843 432 in
1859 400 1921 433 vita
1943 406 1975 434 et

517 449 548 481 in
568 449 680 482 mortis
705 448 856 488 articulo,
882 447 1018 491 aliisque
1041 447 1208 490 quibusvis
1233 447 1362 481 casibus
1386 448 1485 481 semel
1511 449 1542 482 in
1568 459 1665 490 ann0‚
1684 456 1816 495 excepta
1835 463 1971 496 pereus-

518 501 607 535 sione
626 502 765 545 episcopi
790 501 836 534 vel
854 501 984 533 alterius
1012 501 1157 543 praelati,
1185 512 1223 535 ac
1247 501 1423 535 omissione
1448 501 1646 536 recitationis
1671 504 1865 547 officiorum,
1882 505 1920 539 91
1942 517 1975 547 a3

518 555 726 588 familiarium
753 553 940 587 corumdem
966 559 1037 587 vota
1062 553 1255 588 commutari
1281 560 1429 597 possunt,
1449 555 1591 599 exceptis
1615 556 1840 599 ultramarino,
1867 557 1976 592 visita-

520 608 615 642 tionis
641 607 786 640 liminum
812 607 1051 649 Apostolorum,
1078 606 1232 640 castitatis
1264 613 1294 640 et
1319 607 1502 651 religionis,
1529 607 1622 649 ibid.;
1646 608 1817 644 familiares
1840 612 1973 656 praefati

518 667 651 704 possunt
687 662 842 693 tranferre
880 659 1053 703 pensiones
1096 670 1198 703 usque
1236 661 1275 693 ad
1311 670 1471 693 summam
1508 665 1725 695 trecentorum
1757 663 1972 705 ducatorum,

520 713 555 745 91
582 714 618 753 b·,
644 713 827 746 eximuntur
844 723 862 746 a
878 713 987 756 spoliis
1012 724 1086 746 cum
1115 713 1266 747 facultate
1291 713 1441 753 testandi,
1459 713 1502 747 92
1528 714 1545 746 b
1570 719 1599 748 et
1622 725 1701 758 scq.;
1722 714 1786 748 287
1808 727 1828 749 α
1843 722 1873 750 et
1888 728 1974 760 seq.;

518 766 730 799 familiaribus
761 766 925 800 nonnullis
957 776 1069 799 omnes
1093 766 1213 809 gratias
1243 777 1260 799 a
1284 766 1588 810 praedecessoribus
1612 777 1777 801 concessas
1802 769 1974 803 confirmat

517 827 547 853 et
572 827 669 853 novas
693 819 781 852 addit
806 819 960 859 ronustx,
989 818 1053 851 :tto
1075 819 1092 850 b
1113 826 1143 852 et
1168 830 1230 862 seq.

429 874 598 908 chericus
624 872 796 905 cardinalis
820 872 1033 906 Borromaeus
1058 871 1135 905 dum
1160 872 1237 905 vixit
1260 872 1386 906 Ordinis
1410 873 1569 907 Minorum
1594 872 1625 907 S.
1655 874 1818 909 Francisci
1843 876 1974 920 Cappu-

517 927 661 960 cinorum
688 931 863 969 protector,
888 923 952 957 608
976 936 997 958 a
1022 930 1053 957 et
1078 925 1106 957 b.
1140 926 1142 930 ’

429 979 649 1013 l<¹crdinandus
674 978 713 1011 de
738 977 886 1011 Andr-ade
910 984 940 1011 et
965 978 1087 1017 Castro,
1112 978 1189 1011 olim
1215 979 1480 1023 archiepiscopus
1504 978 1704 1021 Giennensis,
1729 980 1782 1022 78,
1807 991 1837 1014 α.

428 1031 621 1067 Fcrdinandi
647 1032 684 1065 Ill
711 1032 776 1074 (B.)
801 1032 886 1075 regis
921 1031 1073 1065 Castellae
1104 1031 1209 1065 cultus
1242 1032 1281 1065 ab
1316 1032 1565 1066 immemorabili
1592 1034 1814 1077 approbatur,
1842 1033 1906 1068 159
1931 1035 1972 1076 ὸ;

517 1085 682 1129 ipsiusque
707 1085 834 1117 missam
869 1084 1023 1118 celebrari
1059 1090 1089 1117 et
1114 1084 1256 1118 officium
1280 1085 1340 1118 sub
1369 1086 1433 1119 ritu
1457 1086 1579 1129 duplici
1606 1086 1734 1120 recitari
1765 1087 1795 1120 in
1822 1087 1973 1121 omnibus

517 1139 742 1182 Hispaniarum
768 1138 874 1180 regnis
900 1137 1046 1180 indulget
1070 1138 1229 1177 Pontifex,
1255 1138 1332 1171 ibid.
1360 1143 1387 1170 et
1411 1137 1476 1171 415
1500 1138 1528 1171 b.

429 1194 497 1227 Filii
522 1193 584 1226 veri
611 1192 640 1224 S.
668 1191 836 1235 Augustini
861 1197 935 1224 sunt
959 1192 1071 1225 fratres
1095 1191 1284 1224 Discalceati
1311 1192 1455 1224 eiusdem
1480 1191 1620 1232 Ordinis,
1648 1191 1713 1225 465
1737 1192 1754 1224 b
1779 1198 1809 1226 et
1832 1203 1894 1236 seq.

427 1247 523 1281 Filios
541 1246 715 1280 duodecim
738 1245 927 1278 habentium
952 1244 1116 1288 privilegia
1144 1245 1359 1282 moderantur,
1391 1250 1421 1276 et
1453 1243 1492 1275 ad
1527 1244 1682 1277 terminos
1709 1244 1789 1277 iuris
1826 1235 1981 1278 commu—¹

514 1301 564 1334 nis
588 1310 624 1333 ae
648 1298 687 1331 ad
714 1300 831 1331 formas
856 1297 1095 1330 constitutionis
1121 1297 1166 1329 Pii
1192 1297 1228 1329 lv
1254 1297 1456 1330 reducuntur
1479 1296 1519 1328 ab
1544 1295 1675 1328 Urbano
1699 1295 1767 1329 VIII
1791 1303 1821 1330 et
1846 1297 1886 1330 ab
1910 1296 1972 1330 isto

515 1352 683 1391 Pontifice,
709 1350 772 1384 1126
797 1361 828 1383 (1.

430 1407 554 1441 Flavius
579 1405 751 1438 cardinalis
776 1403 911 1443 Chisius,
931 1413 1015 1436 unus
1040 1412 1057 1434 e
1081 1402 1315 1446 protectoribus
1333 1401 1459 1444 collegii
1485 1401 1667 1436 Germanici
1685 1402 1722 1435 de
1739 1401 1837 1442 Urbe,
1856 1401 1920 1436 543
1934 1403 1971 1436 ὑ.

427 1462 552 1495 Flavius
581 1460 725 1498 Ursinus,
751 1456 926 1491 modernus
952 1457 1014 1489 dux
1039 1456 1222 1495 Brachiani,
1248 1455 1313 1489 246
1338 1456 1355 1488 b
1380 1461 1410 1489 et
1434 1467 1496 1499 seq.

425 1515 575 1548 For-mula
599 1523 679 1546 nova
703 1510 963 1545 communicandi
988 1509 1205 1553 indulgentias
1230 1510 1445 1543 confratribus
1467 1516 1496 1542 et
1530 1510 1758 1544 consororibus
1782 1510 1834 1544 SS.
1861 1511 1971 1544 Trini-

516 1567 589 1600 tatis
616 1563 861 1608 Redemptionis
887 1563 1102 1606 Captivorum,
1126 1562 1183 1596 391
1216 1563 1243 1595 b.

424 1620 587 1655 Francisci
612 1618 670 1661 (S.)
698 1617 833 1660 Borgiae
858 1616 1071 1655 canonizatio,
1097 1615 1162 1649 ⁶296
1189 1616 1215 1648 b.

425 1673 588 1708 Francisci
615 1672 677 1715 (S.)
703 1672 815 1704 iratres
840 1671 989 1711 Minores,
1016 1670 1087 1703 vide
1111 1669 1196 1702 Ordo
1222 1670 1393 1703 Minorum.

425 1727 585 1762 Francisci
613 1726 675 1769 (S.)
699 1724 805 1758 Solani
832 1723 910 1756 servi
935 1723 990 1757 Dei
1015 1722 1226 1762 beatificatio,
1254 1722 1317 1756 528
1340 1723 1356 1755 b
1380 1729 1409 1756 et
1435 1734 1497 1766 seq.

424 1782 584 1818 Francisci
601 1778 725 1813 Xaverii
740 1777 802 1820 (S.)
820 1777 964 1810 officium
982 1777 1041 1810 sub
1058 1777 1120 1810 ritu
1139 1776 1259 1819 duplici
1278 1776 1309 1808 in
1328 1786 1461 1809 romano
1479 1776 1664 1810 calendario
1678 1776 1864 1821 apponitur,
1883 1776 1920 1810 51
1943 1778 1972 1811 b.

424 1835 617 1870 Franciscus
647 1832 734 1866 card.
763 1831 956 1864 Barberinus
981 1830 1063 1863 sacri
1089 1829 1301 1862 cardinalium
1328 1829 1452 1874 collegii
1477 1829 1633 1870 decanus,
1656 1830 1698 1864 62
1722 1830 1759 1871 b;
1785 1831 1885 1874 ipsius
1909 1830 1967 1864 de-

514 1893 635 1922 cretum
660 1886 691 1918 in
718 1885 857 1917 savorem
882 1884 1041 1927 pictorum
1067 1883 1250 1917 academiae
1275 1882 1305 1915 S.
1331 1883 1452 1922 Lucae,
1480 1882 1578 1923 1·b2·d.;
1605 1883 1816 1917 confirmatur
1839 1894 1857 1916 a
1882 1884 1968 1916 Pon-

515 1941 612 1979 tifice,
639 1938 679 1972 65
704 1949 741 1976 α»,
766 1943 930 1982 protector
954 1936 1082 1970 Ordinis
1107 1937 1265 1970 Minorum
1291 1937 1574 1977 Discalceatorum,
1607 1934 1672 1969 325
1691 1936 1727 1977 b;
1751 1937 1826 1970 item
1844 1935 1970 1969 Ordinis

512 1996 541 2028 S.
568 1993 686 2026 Mariae
721 1992 760 2024 de
792 1991 935 2024 Mercede
969 1990 1198 2035 redemptionis
1231 1990 1451 2033 captivorum,
1480 1989 1544 2022 419
1578 2000 1617 2029 α;
1651 1995 1814 2033 protector
1846 1988 1970 2032 collegii

513 2046 693 2082 Germanici
718 2045 755 2077 de
780 2045 875 2085 Urbe,
903 2044 966 2077 543
993 2045 1021 2077 b.

426 2102 615 2136 Franciscus
641 2110 657 2132 a
683 2098 862 2142 Stephane,
886 2104 1078 2141 procurator
1109 2097 1265 2141 generalis
1300 2096 1427 2130 Ordinis
1452 2096 1567 2129 Beatae
1593 2095 1710 2128 Mariae
1734 2095 1970 2138 redemptionis

513 2155 723 2198 captivorum,
751 2150 816 2184 134
840 2162 872 2184 a.

426 2209 614 2243 Franciscus
648 2205 685 2238 de
714 2205 744 2239 S.
779 2204 884 2238 Marco
919 2210 1108 2248 procurator
1141 2204 1298 2247 generalis
1331 2203 1458 2236 Ordinis
1483 2202 1597 2235 Beatae
1622 2201 1738 2234 Mariae
1763 2202 1801 2234 de
1826 2200 1969 2235 Mercede

513 2258 742 2304 redemptionis
768 2257 979 2301 captivorum,
1004 2257 1068 2290 417
1094 2268 1125 2297 ιι,
1151 2256 1215 2291 588
1236 2269 1267 2290 α.

425 2316 618 2349 {franciscus
643 2314 682 2346 de
707 2312 806 2345 Sausa
832 2321 938 2345 comes
962 2311 1001 2344 de
1025 2310 1130 2344 Prado
1155 2318 1186 2344 et
1209 2310 1354 2344 marchio
1379 2310 1418 2343 de
1443 2310 1489 2342 las
1512 2308 1628 2347 Minas,
1650 2313 1757 2341 orator
1774 2307 1860 2340 Petri
1885 2308 1970 2351 prin-

513 2370 591 2413 cipis
619 2365 842 2410 gubernatoris
867 2374 1039 2408 regnorum
1063 2364 1282 2407 Portugalliae
1305 2370 1336 2397 et
1360 2362 1595 2405 Algarbiorum‚
1622 2360 1685 2393 145
1711 2372 1742 2394 α.

423 2422 612 2457 Franciscus
633 2420 673 2453 de
704 2419 838 2462 Villegas
870 2423 1060 2461 procurator
1097 2417 1255 2460 generalis
1296 2416 1502 2450 ecclesiarum
1536 2413 1689 2447 Castellae
1725 2420 1756 2447 et
1793 2413 1965 2457 Legionis,

514 2474 579 2508 4⁶25
611 2474 638 2506 b.

422 2530 610 2563 Franciscus
636 2526 733 2560 Maria
758 2535 774 2557 a
796 2524 937 2558 Bononia
963 2524 1051 2567 prior
1075 2522 1232 2567 generalis
1256 2522 1417 2556 Minorum
1442 2520 1481 2554 de
1506 2520 1729 2560 observantia,
1756 2519 1821 2553 413
1845 2519 1873 2551 b.

426 2582 617 2617 Franciscus
643 2579 740 2614 Maria
765 2589 782 2611 a
807 2578 959 2612 Cremona
984 2577 1129 2611 minister
1153 2577 1309 2621 generalis
1334 2574 1465 2610 Ordinis
1497 2575 1656 2609 Minorum
1686 2575 1726 2609 de
1750 2573 1968 2614 observantia,

512 2635 571 2670 601
601 2635 627 2667 b.
