2279 3260
142 249 192 280 Λη.
214 254 242 280 C.
266 250 333 282 ¹672

169 996 312 1022 Suppticauo.

968 255 1109 280 CLEMENS
1130 256 1148 280 Χ
1173 256 1221 279 ΙΨ.

337 304 534 345 huiusmodi,
561 309 636 348 post
668 305 870 347 supradictos
898 309 1022 347 septem
1055 315 1072 336 a

337 359 394 390 sua
419 357 622 401 professione
639 368 756 397 annos,
774 368 865 390 suum
886 356 1071 389 huiusmodi

337 415 454 443 statum
480 409 649 442 immutare
676 411 791 450 nollet,
812 410 851 442 de
869 409 1071 452 superiorum

337 473 468 495 suorum
487 473 649 495 consensu
669 463 699 495 in
719 474 757 495 eo
776 474 980 506 pern'ianere,
1000 473 1073 495 nec-

335 526 402 548 non
426 515 548 548 eisdem
574 515 775 558 privilegiis,
804 516 919 559 quibus
945 516 999 548 alii
1021 528 1073 558 ga-

336 568 436 600 visuri
462 574 587 608 essent,
613 569 667 611 qui
701 575 833 612 accepto
859 569 985 612 caputio
1010 575 1073 601 sta-

338 625 407 652 tum
433 631 524 653 suum
549 621 776 661 mutavissent,
804 622 945 664 gaudere
971 621 1072 654 libere

338 678 370 705 et
394 673 480 706 licite
506 678 628 716 posset,
649 679 680 706 et
704 674 795 714 alias,
823 680 919 717 prout
936 674 966 706 in
986 685 1074 717 prae-

338 726 410 758 fatis
429 726 548 758 Urbani
567 727 828 770 praedecessoris
851 727 974 767 litteris,
997 738 1074 769 qua-

338 790 409 811 rum
428 778 591 812 tenorem¹
611 780 832 823 praesentibus
850 791 909 823 pro
930 782 1024 823 plene
1043 785 1073 812 et

339 832 541 865 sufficienter
567 832 747 875 expresso²
776 845 812 866 ac
845 834 883 866 de
911 833 1009 866 verbo
1036 834 1074 866 ad

338 885 473 917 verbum
492 885 614 917 inserto
636 885 749 918 haberi
770 886 928 926 volumus,
945 885 1074 918 uberius

339 938 534 971 continetur.

383 991 398 1034 ἓ
422 990 453 1022 2.
481 990 557 1023 Cum
583 996 698 1031 autem,
726 991 808 1024 sicut
825 991 934 1024 dilecti
952 991 1007 1024 filii
1026 1001 1076 1023 su-

337 1043 484 1085 periores
516 1043 619 1076 dictae
652 1043 918 1085 Congregationis
944 1043 1076 1076 Gallica-

338 1106 397 1128 nae
416 1095 510 1128 nobis
536 1107 640 1140 nuper
665 1096 781 1140 exponi
800 1097 956 1137 fecerunt,
978 1107 1076 1139 super

338 1149 537 1191 praemissis,
557 1160 612 1182 seu
635 1160 749 1182 eorum
767 1149 948 1189 occasione,
966 1149 1075 1182 subin-

338 1201 378 1234 de
396 1201 429 1234 in
451 1202 564 1234 eadem
585 1202 842 1245 Congregatione
860 1202 966 1235 variae
984 1213 1076 1235 exor-

338 1259 388 1287 tae
414 1255 533 1288 suerint
558 1256 809 1295 controversiae,
832 1266 931 1299 super
960 1255 1075 1299 quibus

338 1308 419 1341 aliae
445 1309 484 1341 ab
511 1309 626 1342 eodem
657 1309 787 1342 Urbano
821 1310 1074 1353 praedecessore

338 1361 390 1394 die
415 1371 473 1394 xxv
502 1361 577 1394 maii
598 1372 746 1402 nocxtlv,
765 1373 799 1395 ac
832 1374 849 1395 a
882 1363 1073 1396 recolendae

336 1414 514 1447 memoriae
550 1414 740 1448 Innocentio
772 1416 805 1455 X,
833 1415 884 1448 die
909 1426 939 1448 VI
965 1416 1075 1459 aprilis

337 1476 511 1506 mncxtvnn
527 1472 558 1499 et
573 1467 817 1507 AlexandronL
833 1467 984 1500 Romanis
998 1468 1075 1501 Pon-

338 1519 475 1552 tificibus
493 1520 798 1562 praedecessoribus
812 1521 932 1563 pariter
945 1521 1073 1561 nostris,

339 1572 390 1604 die
413 1583 433 1604 x
458 1572 640 1604 decembris
666 1582 795 1612 nnetlx,
815 1584 850 1605 ac
870 1573 921 1606 die
946 1584 1001 1607 xni
1027 1584 1074 1606 se-

338 1626 493 1669 ptembris
512 1636 628 1666 MDCLX,
647 1632 678 1659 et
695 1627 745 1659 die
770 1637 799 1659 xl
825 1626 934 1670 aprilis
956 1637 1073 1660 >1DCLx1

337 1679 520 1722 respective
550 1680 718 1722 expeditae
745 1680 874 1712 fuerunt
897 1680 1017 1723 pariter
1042 1681 1074 1712 in

339 1731 442 1764 forma
467 1731 574 1764 Brevis
600 1731 738 1773 litterae,
759 1743 794 1764 ac
821 1732 948 1765 tandem
974 1733 1025 1765 die
1044 1744 1075 1766 1v

338 1783 412 1815 maii
438 1793 582 1816 nnctxni
600 1784 766 1817 decretum
785 1795 802 1816 a
818 1784 1074 1827 Congregatione

339 1841 414 1868 tunc
439 1836 644 1869 existentium
677 1836 708 1869 S.
736 1837 773 1869 R.
801 1837 835 1870 E.
866 1838 1074 1871 cardinalium

338 1889 479 1931 negotiis
514 1895 544 1922 et
575 1890 869 1923 consultationilms
906 1892 1074 1935 episeopo-

338 1952 409 1974 rum
430 1947 461 1974 et
478 1943 673 1984 regularium
692 1943 881 1986 Ituraeposita
906 1944 1073 1985 emanavit,

337 2005 398 2027 nec
424 2001 530 2028 tamen
560 1996 676 2029 exinde
710 2002 905 2029 memoratae
935 1997 1075 2041 Congre-

339 2048 478 2090 gationis
509 2048 691 2081 Gallicanae
729 2050 955 2093 tranquillitati
989 2051 1075 2083 suffi-

339 2101 462 2134 cienter
494 2102 657 2145 provisum
686 2103 877 2146 reperiatur,
904 2105 959 2137 sed
984 2115 1075 2147 prae-

339 2160 485 2187 narratae
502 2155 764 2197 perturbationes
783 2162 812 2189 et
831 2156 1073 2199 inquietudines

339 2208 447 2239 denuo
472 2208 702 2241 reviviscentes
729 2220 844 2242 norun]
864 2210 895 2242 in
920 2222 1074 2254 praesens

338 2265 492 2303 paternae
522 2261 686 2294 rbaritatis
714 2268 744 2294 et
769 2263 990 2306 providentiae
1021 2275 1075 2297 no-

339 2319 423 2346 strae
450 2313 649 2356 praesidium
675 2323 865 2359 exposcant:
888 2318 982 2350 nobis
1003 2330 1075 2361 pro-

338 2371 450 2409 pterea
474 2367 639 2399 humiliter
665 2369 839 2411 supplicari
871 2370 1016 2402 set-erunt
1041 2377 1076 2402 ut

339 2418 522 2462 praemissis
541 2426 723 2462 opportune
741 2422 909 2464 providere
933 2428 962 2455 et
981 2429 1015 2455 ut.
1029 2423 1075 2455 iu-

339 2472 385 2503 sra
411 2472 578 2514 indulgere
605 2473 642 2505 de
668 2473 868 2516 benignitate
898 2476 1074 2518 apostolica

338 2525 558 2567 dignaremur.

373 2596 384 2620 1
408 2594 477 2620 Edu.
499 2594 577 2621 Μαίη.
600 2595 661 2629 tegit
680 2590 777 2624 ‘tenore
797 2599 835 2629 (κ.
848 2599 887 2631 τ.)

372 2638 387 2664 2
408 2638 477 2665 Edu,
500 2639 580 2666 Main.
603 2640 665 2675 legit
686 2650 824 2675 expressrs
843 2646 879 2676 (u.
902 2644 949 2677 Τ.).

1752 243 1816 279 307

1158 304 1172 346 ἓ
1189 303 1219 337 3.
1236 302 1299 336 Nos
1314 303 1419 345 igitur,
1435 303 1626 335 eorumdem
1644 303 1850 346 superiorum

1115 357 1196 389 votis
1227 357 1287 389 liac
1312 356 1343 388 in
1370 367 1412 395 re,
1440 360 1593 398 quantum
1619 366 1690 387 cum
1717 356 1851 388 Domino

1116 420 1302 452 possumus,
1330 408 1550 442 favorabiliter
1578 419 1719 440 annuere
1744 410 1853 441 volen-

1117 468 1173 501 tes,
1189 467 1346 495 eteorum
1365 462 1547 503 singulares
1570 471 1727 504 personas
1746 472 1762 493 a
1783 461 1852 503 qui-

1112 514 1223 546 abusvis
1248 513 1599 552 excommunicationis,
1630 512 1851 555 suspensionis

1117 573 1147 599 et
1172 567 1347 607 interdicti,
1366 567 1500 610 aliisque
1527 565 1755 599 ecclesiasticis
1781 576 1854 597 sen-

1118 621 1236 659 tentiis,
1256 621 1400 654 censuris
1426 626 1457 653 et
1481 620 1604 663 poenis,
1624 631 1641 652 a
1659 619 1725 651 iure
1744 619 1792 651 vel
1814 619 1853 650 ab

1118 674 1257 714 homine,
1287 675 1398 717 quavis
1424 674 1593 707 occasione
1616 674 1665 705 vel
1695 674 1789 704 causa
1815 673 1854 703 la-

1118 727 1175 766 tis,
1206 727 1231 759 si
1259 727 1375 771 quibus
1407 726 1655 770 quomodolibet
1679 725 1853 757 innodatae

1118 779 1269 819 existunt,
1295 780 1333 813 ad
1360 779 1508 812 etl'eetum
1529 779 1751 823 praesentium
1769 778 1855 810 dum·

1118 838 1200 864 taxat
1226 833 1514 876 consequendum,
1548 833 1662 864 harum
1694 831 1776 863 serie
1802 831 1855 863 al)-

1117 886 1276 917 solventes
1305 890 1337 918 et
1367 885 1529 918 absolutas
1555 885 1622 917 sore
1661 888 1853 923 censentes,

1117 948 1153 969 ac
1177 937 1313 970 aliarum
1347 937 1529 970 litterarum
1555 942 1587 969 et
1611 936 1731 969 decreti
1765 946 1856 979 prae-

1119 991 1255 1022 satorum
1287 996 1418 1023 tenores
1449 990 1675 1033 praesentibus
1708 989 1856 1022 similiter

1117 1054 1176 1085 pro
1203 1045 1298 1086 plene
1332 1048 1364 1075 et
1397 1043 1597 1075 sufficienter
1633 1043 1793 1085 expressis
1826 1049 1853 1074 et

1117 1095 1244 1128 insertis
1277 1095 1434 1128 habentes
1450 1122 1457 1135 ,
1482 1095 1668 1127 huiusmodi
1694 1095 1856 1138 supplica-

1118 1147 1257 1180 tionibus
1283 1147 1450 1187 inclinati,
1476 1148 1515 1180 de
1546 1148 1778 1180 nonnullorum
1804 1158 1856 1180 ve-

1117 1200 1311 1233 nerabilium
1337 1201 1470 1234 fratrum
1496 1206 1680 1233 nostrorum
1711 1201 1855 1233 eiusdem

1118 1254 1148 1286 S.
1170 1254 1205 1286 R.
1225 1254 1260 1287 E.
1284 1254 1496 1287 cardinalium
1522 1265 1619 1297 super
1643 1255 1706 1288 hoc
1724 1255 1856 1297 negotio

1118 1307 1244 1340 anobis
1263 1307 1449 1350 specialiter
1474 1308 1713 1351 deputatorum,
1734 1308 1787 1351 qui
1810 1308 1856 1340 di-

1118 1361 1235 1393 lectum
1262 1361 1358 1394 etiarn
1377 1360 1479 1394 filium
1499 1366 1742 1404 procuratorem
1762 1372 1857 1403 gene-

1117 1414 1228 1453 ralem,
1244 1424 1298 1446 seu
1321 1414 1576 1446 commissarium
1594 1414 1701 1447 curiae
1717 1414 1855 1447 familiae

1116 1468 1375 1500 ultramontanae
1407 1467 1535 1500 Ordinis
1566 1468 1667 1500 sancti
1693 1467 1855 1500 Francisci

1117 1520 1317 1561 audiverunt,
1335 1531 1369 1552 ac
1389 1531 1458 1552 rem
1478 1525 1604 1553 mature
1622 1520 1853 1560 examinarunt,

1117 1573 1262 1614 consilio,
1283 1573 1566 1616 dispensationem,
1581 1574 1810 1606 relaxationem
1826 1579 1856 1605 et

1118 1625 1249 1666 indulta,
1269 1636 1351 1669 quae
1377 1631 1571 1659 memoratus
1596 1625 1743 1658 Urbanus
1767 1637 1855 1669 prae·

1118 1679 1268 1712 decessor
1300 1690 1357 1722 per
1392 1690 1463 1712 suas
1488 1680 1610 1713 litteras
1644 1680 1853 1723 primodictas

1117 1731 1268 1775 praefatis
1294 1732 1444 1764 fratribus
1464 1733 1580 1765 oblatis
1607 1738 1680 1765 tunc
1698 1733 1855 1777 temporis

1118 1784 1346 1825 existentibus,
1376 1785 1458 1817 sieut
1483 1796 1580 1829 supra
1608 1786 1761 1829 scriptum
1791 1792 1853 1826 est,

1118 1837 1286 1877 concessit,
1308 1837 1434 1871 dilectis
1454 1837 1527 1871 siliis
1550 1839 1730 1879 hodiernis,
1749 1843 1780 1871 et
1797 1849 1856 1882 per

1118 1890 1347 1933 subsequentia
1372 1896 1529 1934 perpetua
1561 1897 1708 1934 tempora
1742 1891 1856 1924 suturis

1119 1944 1269 1976 fratribus
1287 1943 1402 1977 oblatis
1432 1954 1487 1975 seu
1509 1944 1726 1977 servientibus
1751 1944 1853 1977 dietae

1117 1996 1382 2039 Congregationis
1420 1996 1627 2037 Gallicanae,
1663 1997 1854 2030 auctoritate

1118 2050 1305 2093 apostolica,
1331 2055 1444 2082 tenore
1464 2051 1696 2093 praesentium,
1722 2051 1855 2094 parisor-

1117 2103 1213 2135 miter
1249 2102 1477 2135 concedimus:
1513 2107 1691 2135 statuentes
1725 2108 1760 2135 ut
1789 2114 1853 2136 non

1118 2156 1220 2188 solum
1246 2156 1360 2187 fratres
1386 2156 1484 2188 oblati
1504 2166 1559 2188 seu
1585 2157 1774 2196 servientes,
1800 2156 1852 2199 qui

1118 2220 1156 2242 eo
1194 2214 1341 2252 tempore
1358 2235 1365 2249 ,
1407 2219 1471 2252 quo
1496 2209 1709 2252 prinwdictac
1734 2209 1853 2242 Urbani

1118 2262 1382 2306 praedecessoris
1414 2263 1540 2295 litterae
1579 2268 1789 2304 «initiarunt,
1823 2263 1854 2295 in

1118 2315 1263 2358 praefata
1287 2315 1546 2357 Congregatione
1572 2315 1735 2348 Gallicana
1752 2320 1852 2356 erant,

1119 2368 1175 2400 sed
1200 2368 1297 2400 etiam
1326 2367 1379 2400 alii
1413 2367 1557 2408 odierni,
1591 2373 1622 2400 et
1657 2378 1714 2411 per
1745 2368 1855 2401 subse—

1119 2421 1249 2464 quentia
1266 2427 1424 2464 perpetua
1446 2427 1591 2464 tempora
1615 2421 1713 2453 futuri
1740 2421 1854 2453 fratres

1118 2475 1216 2508 oblati
1233 2486 1287 2507 seu
1313 2474 1490 2507 servientes
1508 2473 1774 2517 Congregationis
1800 2474 1854 2505 liu-

1119 2527 1265 2567 iusniodi,
1285 2538 1409 2560 necnon
1436 2526 1632 2570 quicumque
1659 2526 1720 2566 alii,
1736 2526 1788 2568 qui
1814 2526 1852 2558 ad

1119 2586 1235 2614 statum
1254 2581 1400 2613 laicalem
1421 2581 1451 2612 in
1469 2580 1581 2613 eadem
1598 2579 1853 2621 Congregatione

1119 2633 1305 2666 immediate
1324 2644 1380 2666 seu
1399 2633 1430 2664 iu
1450 2632 1598 2675 ingressu
1616 2631 1784 2674 religionis
1811 2641 1854 2663 as-

1863 253 1912 280 An.
1929 252 1957 279 C.
1980 252 2047 279 4673

1902 314 2001 334 herl-irat
2026 316 2048 333 υῑ

1864 341 1884 361 in
1899 341 1993 361 tutu-ica.
