2279 3260
209 243 261 270 An.
278 242 306 270 c.
330 242 395 269 1674
441 233 506 267 486

259 463 321 483 Fatus
337 464 389 482 tritu-

207 492 341 515 suniupmtun.

260 2341 361 2364 vectarat
383 2344 405 2363 ut

219 2369 243 2391 in
257 2368 350 2391 rubrica.

401 297 451 323 tus
477 290 621 323 Urbanus
641 291 873 334 praedecessor
891 290 921 322 in
941 289 1004 321 suis
1020 287 1135 321 litteris

401 342 594 386 supradictis
620 342 722 376 voluit
748 353 809 376 non
838 343 986 380 obstare,
1007 339 1137 372 ceteris-

402 406 462 438 que
487 395 657 428 contrariis
682 395 947 438 quibuscumque.

446 448 460 490 ξ
485 447 515 480 5.
539 448 691 481 Volumus
709 452 817 479 autem
836 451 867 477 ut
888 445 1027 487 ipsarum
1046 452 1136 486 prae·
1157 447 1158 466 ³

402 500 541 533 sentium
566 500 745 533 litterarum
773 495 989 539 transumptis,
1005 506 1059 527 seu
1085 505 1136 527 ex-

403 552 529 595 emplis,
558 552 652 584 ctiam
678 549 854 593 impressis,
881 558 977 580 mauu
1003 545 1135 579 alieuius
1157 554 1159 570 t

403 603 517 637 notarii
532 604 651 647 publici
671 601 873 644 subscriptis,
891 605 923 631 et
944 598 1050 641 sigillo
1068 607 1137 640 per-

403 667 500 690 sonae
525 656 557 689 in
583 654 801 689 ecclesiastica
838 652 991 694 dignitate
1022 650 1138 683 consti-

404 714 488 742 tutae
514 708 647 741 munitis
663 733 670 747 ,
695 707 806 740 eadem
826 716 958 748 prorsus
977 703 1056 737 tides
1075 708 1137 735 tam

404 761 434 794 in
460 760 580 793 iudicio
606 769 700 802 quam
722 764 809 791 extra
834 756 913 790 illud
932 755 1136 794 adhibeatur,

403 824 484 856 quae
519 812 595 855 ipsis
621 810 847 854 praesentibus
873 808 1086 842 adhiberetur
1111 806 1136 839 si

404 866 509 898 t'orent
533 864 693 897 exhibitae
719 864 768 896 vel
798 867 959 896 ostensae.

446 918 559 951 Datum
583 916 713 956 Romae,
736 916 821 959 apud
842 915 873 948 S.
894 914 1022 947 Mariam
1041 913 1137 946 Maio—

406 981 483 1009 rem,
505 970 564 1002 sub
590 970 710 1002 annulo
728 968 912 1007 Piscatoris‚
937 967 988 1000 die
1010 977 1066 999 r111
1091 966 1140 998 iu-

404 1023 447 1055 nii
483 1032 639 1056 MDCLxxlv
657 1049 664 1062 ,
697 1020 904 1064 pontificatus
941 1020 1042 1053 nostri
1086 1030 1140 1051 an-

405 1085 447 1107 no
472 1084 500 1106 v.

799 1125 820 1157 l.
849 1125 884 1158 G.
908 1125 1046 1159 Strsws.

441 1188 499 1216 Dat.
522 1188 565 1216 die
586 1190 601 1216 8
621 1188 688 1215 iunii
710 1188 789 1221 1674,
811 1187 906 1222 pontif.
929 1195 1000 1214 anno
1022 1194 1046 1213 v,

440 1250 605 1284 Reqislrala
625 1250 658 1277 in
677 1249 842 1277 Sem-etariez
857 1249 1005 1281 Brevium,
1022 1249 1054 1275 vin
1070 1248 1142 1275 libro

407 1294 512 1322 mensis
533 1294 621 1328 iunii,
639 1296 725 1328 parce
746 1301 764 1325 1,
785 1294 835 1327 sol.
857 1293 900 1319 94.

724 1433 822 1467 Cttx.

408 1515 591 1548 Πασίαν-αἰῶ
615 1513 701 1557 quod
718 1513 855 1556 episcopi
872 1512 1048 1546 Indiarum
1066 1512 1146 1544 alia.-

451 1577 587 1610 rumque
605 1567 752 1609 partium
770 1565 1001 1604 Orientalium,
1022 1575 1147 1597 eorum-

453 1630 514 1662 que
533 1619 686 1662 officiales
710 1623 738 1650 e!
763 1618 918 1657 ministri,
935 1627 1000 1649 non
1024 1618 1146 1659 possint

455 1682 511 1704 nec
534 1671 668 1704 debeant
690 1680 831 1703 exercere
850 1674 938 1703 actus
955 1669 1147 1702 iurisdictio-

454 1724 544 1756 mzles
574 1734 674 1765 supra
710 1723 869 1765 episcopos
901 1722 1039 1755 vicarios
1070 1733 1146 1765 apo-

457 1776 582 1808 stolicos
607 1775 695 1818 apud
719 1776 814 1808 Sinas
833 1779 998 1818 tamquam
1025 1775 1148 1818 delega-

460 1832 505 1860 tos
529 1828 618 1860 §edis
642 1827 863 1870 Apostolicae,
891 1837 1065 1870 eorumque
1083 1838 1148 1870 ope—

459 1880 564 1911 rarios
589 1880 625 1911 in
647 1880 822 1922 proviiwiis
847 1879 927 1923 ipsis
951 1880 1145 1923 assiynatz's;

457 1932 511 1964 sed
528 1932 670 1964 eiusdem
693 1933 827 1965 vicariis
851 1932 1006 1975 deleyatis
1029 1938 1149 1976 aposto-

460 1984 532 2017 licis
549 1987 580 2016 tn
599 1984 693 2017 dictis
707 1985 881 2027 provinciis
891 1985 1149 2018 iurisdictionem

458 2036 565 2079 quoad
589 2047 695 2068 omnes
710 2038 868 2079 privative
893 2043 1076 2081 competere,
1095 2039 1149 2071 do-

461 2098 517 2120 nec
537 2088 634 2120 aliter
646 2090 745 2130 suerit
764 2100 783 2121 α
802 2090 1054 2132 ὣηιφέθαίίοηθ
1069 2089 1149 2124 Pro-

458 2142 629 2184 paqamlue
652 2142 748 2174 Fidei
774 2142 983 2177 declaratum.

637 2221 769 2249 Clemens
791 2223 870 2256 Papa
889 2223 928 2255 X,

560 2266 596 2293 ad
615 2266 746 2294 futuram
766 2267 809 2295 rei
828 2268 1006 2296 memoriam.

462 2335 513 2379 {l
525 2338 570 2367 ,lt
576 2336 606 2368 ln
608 2335 750 2369 istianae
770 2337 936 2379 religionis
955 2339 1147 2374 catholicae-

416 2400 475 2432 que
495 2362 568 2419 tidei
583 2398 621 2431 pl
624 2389 824 2431 op‘tgttioms
838 2400 935 2433 opus,
951 2392 1037 2433 quod
1052 2403 1147 2426 vene-

417 2452 431 2474 r
435 2441 534 2473 altile:
559 2441 672 2474 siwattes
689 2442 832 2485 episcopi
850 2442 958 2475 vicarii
977 2446 1145 2487 apostolici

417 2495 502 2536 apati
527 2494 617 2526 Sinas
642 2504 679 2526 ex
698 2494 793 2526 liuius
810 2501 937 2528 sanctae
955 2496 1045 2529 Sedis
1063 2498 1147 2540 Apo-

417 2546 549 2578 stolicae
583 2547 734 2578 mandato
771 2547 974 2580 laudabiliter
998 2560 1147 2592 suscepe-

416 2604 532 2642 pertmt
560 2604 588 2633 ct
615 2599 752 2633 sclicitcr
773 2605 1030 2644 prosequuntur,
1049 2613 1148 2645 quan-

984 239 1161 265 BULLARIUM
1185 239 1335 265 ROMANUM

1919 239 1970 267 An.
1987 239 2017 268 C.
2039 239 2106 267 167⁴

1179 292 1242 319 tum
1261 288 1354 320 nobis
1368 299 1403 320 ex
1419 289 1482 322 alto
1500 289 1914 334 conceditur,promovere.

1179 339 1389 383 ipsorumque
1431 341 1623 375 vicariorum
1661 342 1914 385 apostolicorum

1179 391 1279 433 quieti
1314 394 1483 426 consulere
1499 420 1506 433 ,
1532 399 1563 426 et
1588 395 1640 437 pia
1672 404 1783 427 eorum
1809 393 1913 427 studia

1179 444 1349 477 conl‘orcre
1363 445 1542 487 cupientes,
1563 447 1601 479 de
1619 447 1820 489 particularis
1839 446 1915 479 Con·

1179 495 1376 537 gregatiouis
1393 497 1624 530 venerabilium
1643 499 1775 530 fratrum
1792 503 1916 531 nostro-

1180 557 1249 579 rum
1276 548 1306 579 S.
1330 547 1364 579 ll.
1382 548 1415 580 E.
1444 549 1653 582 cardinalium
1680 550 1819 592 negotiis
1843 550 1916 583 Pro·

1181 599 1345 642 pagandae
1360 600 1448 633 Fidei
1471 601 1728 644 praepositorum
1754 612 1851 646 super
1867 612 1916 635 re-

1181 651 1238 684 bus
1262 652 1410 684 Sinarum
1436 652 1609 695 deputatae
1635 653 1780 693 consilio,
1807 659 1915 687 aucto-

1182 705 1275 737 ritate
1312 705 1509 748 apostoliea,
1537 711 1648 738 tenore
1686 706 1915 749 praesentium,

1181 758 1382 790 declaramus
1417 758 1621 791 venerabiles
1666 759 1760 791 etiam
1802 759 1916 791 fratres

1181 810 1352 854 episcopos
1377 809 1538 843 Indiarum
1560 810 1759 854 aliarumque
1777 811 1916 853 partium

1181 862 1402 903 Orientalium,
1431 874 1611 906 eorumque
1633 863 1799 896 ministros
1824 868 1856 896 et
1873 864 1918 895 ot'-

1183 915 1312 956 fieiales,
1333 926 1398 949 non
1416 926 1514 958 posse
1541 926 1601 949 nec
1626 916 1744 949 debere
1767 925 1917 948 exercere

1160 974 1273 1001 yactus
1312 968 1584 1002 iurisdictionales
1620 979 1717 1012 super
1752 969 1917 1012 praefatos

1183 1021 1318 1054 vicarios
1344 1022 1542 1064 apostolicos
1567 1028 1727 1065 tamquam
1753 1023 1919 1064 delegatos

1184 1074 1317 1107 Sanctae
1332 1074 1423 1106 Sedis
1441 1074 1634 1117 praedictae,
1653 1084 1828 1117 eorumque
1843 1083 1920 1116 ope-

1186 1127 1288 1160 rarios
1314 1127 1345 1159 in
1371 1127 1547 1170 provinciis
1572 1127 1632 1159 sibi
1658 1127 1838 1169 assignatis,
1864 1126 1919 1158 sed

1186 1179 1307 1213 eisdem
1333 1179 1460 1212 vicariis
1496 1179 1649 1222 delegatis
1678 1179 1862 1222 apostolicis
1888 1179 1919 1211 in

1186 1232 1357 1275 praedictis
1383 1232 1555 1274 provinciis
1578 1231 1837 1264 iurisdietionem
1855 1231 1922 1274 pri-

1186 1285 1286 1317 vative
1312 1285 1418 1327 quoad
1443 1295 1555 1317 omnes
1588 1289 1792 1327 competere,
1818 1284 1923 1317 donee

1187 1337 1280 1370 aliter
1305 1336 1402 1369 suerit
1422 1348 1438 1369 a
1459 1336 1714 1380 Congregatione
1733 1337 1922 1370 eorumdem

1187 1389 1401 1422 caidinalium
1426 1389 1633 1422 declaratum.

1211 1442 1245 1485 ’ἓ
1269 1442 1427 1475 ⁶2.P0110
1452 1448 1544 1475 contr
1547 1448 1715 1476 ·tventot·es
1735 1453 1774 1480 eo
1792 1442 1863 1486 ipso
1890 1442 1922 1476 in
1933 1451 2118 1500 ui'w'ssssu‘lffffl’

1189 1505 1308 1537 poenas
1341 1495 1684 1528 extommuniettionis
1719 1500 1750 1528 et
1774 1495 1920 1538 indigna·
1933 1505 2013 1526 uiantes
2039 1508 2060 1526 ι
2083 1505 2118 1525 aa·

1190 1547 1285 1580 tionis
1309 1552 1438 1579 nostiae
1464 1546 1641 1580 incuirisse
1668 1547 1804 1588 censeri,
1835 1522 2117 1591 ipsas‘w'um'r‘nws'

1190 1610 1264 1633 vero
1290 1604 1480 1643 praesentes
1507 1600 1629 1633 litteras
1654 1599 1775 1640 firmas,
1805 1600 1926 1634 validas

1190 1659 1221 1686 et
1245 1653 1390 1686 efficaces
1406 1652 1543 1685 existere
1559 1658 1590 1685 et
1606 1653 1688 1693 sore,
1704 1663 1845 1696 suosque
1858 1654 1927 1697 ple-

1190 1706 1298 1740 narios
1323 1711 1353 1739 et
1377 1706 1522 1748 integros
1540 1705 1670 1739 effectus
1689 1705 1796 1739 sortiri
1822 1712 1854 1739 et
1871 1707 1928 1740 ob-

1191 1760 1294 1793 tinere
1310 1786 1317 1799 ,
1343 1770 1379 1792 ac
1404 1759 1443 1791 ab
1469 1758 1553 1799 illis,
1581 1759 1620 1792 ad
1645 1770 1726 1802 quos
1752 1765 1876 1803 spectat
1898 1765 1931 1793 et

1190 1812 1349 1856 spectabit
1374 1811 1408 1844 in
1432 1811 1592 1852 futurum,
1617 1811 1850 1845 inviolabiliter
1873 1813 1930 1846 ob—

1190 1865 1330 1905 servari,
1366 1865 1476 1907 sicque
1513 1869 1543 1897 et
1568 1875 1634 1897 non
1663 1864 1756 1897 aliter
1779 1864 1811 1897 in
1837 1876 1931 1908 prae-

1191 1918 1296 1951 missis
1321 1928 1379 1961 per
1404 1927 1625 1960 quoscumque
1655 1917 1777 1950 iudices
1801 1917 1930 1950 ordina-

1190 1972 1255 2005 rios
1280 1977 1311 2004 et
1335 1971 1508 2013 delegatos,
1527 1970 1623 2002 etiam
1640 1979 1805 2002 causarum
1818 1967 1928 2013 palatii

1191 2023 1361 2068 apostolici
1399 2023 1581 2063 auditores,
1619 2023 1735 2056 aliosve
1761 2023 1926 2066 quoslibet

1192 2087 1393 2121 quacumque
1425 2075 1679 2119 praeeminentia
1711 2080 1742 2108 et
1766 2080 1924 2118 potestate

1191 2130 1365 2172 fungentes
1401 2134 1432 2162 et
1462 2129 1624 2161 iuncturos
1640 2155 1648 2169 ‚
1676 2128 1803 2161 sublata
1827 2129 1873 2161 eis
1897 2134 1928 2161 ct

1191 2193 1301 2216 eorum
1333 2182 1466 2215 cuilibet
1495 2181 1606 2224 quavis
1638 2181 1730 2215 aliter
1764 2180 1928 2214 iudicandi

1191 2241 1222 2268 et
1246 2234 1483 2278 interpretandi
1506 2235 1656 2267 facultate
1678 2239 1710 2267 et
1726 2234 1928 2274 auctoritate,

1190 2287 1325 2322 iudicari
1344 2293 1376 2320 et
1396 2287 1523 2320 definiri
1550 2286 1682 2327 debere,
1703 2297 1740 2320 ac
1756 2287 1881 2319 irritum
1899 2292 1931 2319 et

1190 2341 1285 2373 inane
1318 2341 1343 2372 si
1373 2350 1464 2373 secus
1489 2350 1585 2382 super
1618 2339 1667 2371 his
1698 2350 1715 2371 a
1740 2348 1925 2382 quoquam,

1190 2394 1301 2436 quavis
1326 2392 1528 2432 auctoritate,
1553 2392 1694 2425 scienter
1711 2393 1759 2425 vel
1781 2392 1927 2434 ignoran-

1191 2451 1250 2486 ter,
1278 2446 1452 2488 contigerit
1477 2445 1640 2485 ::·ttte11ttii⁷
1654 2445 1870 2478 decemimus.

1234 2498 1248 2539 ,ξ
1272 2498 1302 2531 3.
1338 2498 1408 2531 Non
1426 2499 1633 2531 obstantibus
1659 2498 1863 2542 apostolicis,
1888 2508 1922 2531 ae
1959 2506 2052 2533 nerogat
2069 2511 2118 2529 cou-

1191 2551 1222 2582 in
1265 2550 1500 2585 universalibus
1538 2552 1853 2595 ρι”ῑοκίηνίιὶἰίηιεῳιε
1892 2534 2014 2584 et*rarus

1192 2603 1397 2646 synodalibus
1419 2604 1563 2638 conciliis
1589 2604 1693 2646 editis,
1719 2605 1923 2648 generalibus
