2279 3260
135 273 187 299 An.
206 274 236 299 C.
257 272 319 300 1671

167 437 318 464 'rranmmpio-

135 470 180 485 ruui
196 465 254 484 lidus.

168 1913 309 1936 Prooemium.

169 2492 256 2515 Motiva.

952 274 1094 298 CLEMENS
1114 275 1133 298 X
1158 275 1206 298 PP.

330 323 484 356 cedimus.
507 323 736 356 Praesentibus
761 323 928 366 perpetuis
947 322 1064 354 suturis

330 376 532 420 temporibus
558 377 715 408 valituris.

373 430 387 472 ἓ
412 428 443 461 ⁶2.
474 429 624 461 Volumus
661 434 767 461 autem
805 433 839 460 ut
875 429 1063 461 earumdem

328 482 548 524 praesentium
569 482 745 514 litterarum
771 481 994 524 transumptis,
1008 491 1065 513 seu

329 534 494 577 exempliS,
521 534 618 566 etiam
644 534 827 577 impressis,
851 545 945 566 manu
971 534 1067 565 alit-u-

327 587 376 619 ius
397 587 515 618 notarii
533 586 654 629 publici
677 587 885 629 subscriptis,
904 592 936 619 et
960 586 1067 628 sigillo

327 649 487 682 personae
509 639 541 671 in
564 639 720 681 dignitate
749 639 969 672 ecclesiastica
994 649 1069 671 con-

328 692 459 724 stitutae
485 691 632 731 munitis,
649 692 761 725 eadem
779 691 858 724 sides
885 692 915 723 in
947 690 1068 723 iudicio

329 748 362 775 et
378 748 467 776 extra
485 743 564 776 illud
586 743 707 786 ubique
726 745 874 777 locorum
899 743 1068 781 habeatur,

330 806 410 838 quae
435 796 514 839 ipsis
547 797 773 839 praesentibus
801 797 1012 829 adhiberetur
1041 795 1090 827 si=

330 849 438 881 forent
462 849 627 881 exhibitae
644 850 694 881 vel
714 854 878 882 ostensae.

374 902 489 934 Datum
514 902 647 942 Romae,
667 902 750 945 apud
772 901 802 934 S.
824 901 953 933 Mariam
972 900 1070 932 Maio-

330 964 410 994 rem,
431 956 488 987 sub
507 956 627 987 annulo
645 954 830 994 piscatoris,
851 954 902 986 die
919 963 997 986 xvm
1016 953 1070 985 de-

331 1007 471 1039 cembris
495 1017 641 1047 noemin,
660 1006 867 1050 pontificatus
892 1005 995 1038 nostri
1017 1015 1072 1037 an-

330 1069 373 1092 no
397 1069 433 1092 11.

365 1120 424 1147 Dat.
442 1120 486 1147 die
505 1121 535 1148 ¹8
551 1121 701 1148 decembris
722 1121 801 1156 1671,
818 1120 915 1156 pontif.
938 1128 1009 1147 anno
1025 1125 1052 1146 11.

668 1237 730 1271 XC.

331 1307 560 1351 Indulyentias
589 1307 751 1350 elaryitur
774 1306 862 1346 illis,
893 1306 952 1348 qui
978 1304 1072 1337 eccle-

375 1361 441 1393 sias
460 1360 594 1394 Ordinis
607 1361 713 1392 sancti
726 1359 893 1393 Benedicti
912 1359 946 1391 in
961 1358 1072 1390 diebus

375 1413 465 1455 festis
478 1413 632 1452 eiusdem,
651 1424 688 1445 ac
700 1417 884 1445 sanctorum
903 1411 1074 1445 Scholasti-

376 1477 441 1506 cae,
468 1466 603 1498 Placidi
627 1471 655 1498 et
680 1466 801 1505 Mauri,
819 1476 855 1497 ac
879 1466 915 1497 in
936 1465 986 1497 die
1011 1475 1072 1507 quo

376 1520 635 1552 commemoratio
652 1519 800 1551 onmium,
815 1523 997 1550 sanctorum
1020 1517 1073 1550 Or-

376 1571 462 1604 dinis
482 1572 644 1615 praedicti
663 1572 853 1611 celebratur,
879 1571 1068 1603 visitabunt.

555 1642 688 1669 Clemens
709 1643 788 1676 Papa
806 1643 847 1675 X,

458 1688 492 1713 ad
514 1690 693 1720 perpetuam
713 1687 759 1713 rei
775 1686 958 1713 memoriam.

334 1748 487 1776 Universis
499 1748 758 1780 chsistifidelibus,
768 1751 940 1782 praesentes
952 1748 1073 1776 litteras

370 1793 564 1826 inspecturis,
580 1793 710 1818 salutem
730 1795 760 1819 et
780 1792 973 1825 apostoticam
988 1794 1074 1820 bene-

371 1837 542 1864 dictionem.

379 1907 575 1940 Commissae
610 1907 703 1940 nobis
740 1918 755 1939 a
792 1908 928 1940 Domino
961 1913 1072 1941 nostro

335 1960 404 1993 Iesu
426 1960 554 1993 Christo
576 1960 826 2003 dispensationis
851 1961 932 1994 ratio
958 1962 1071 2004 exigit,

336 2018 371 2044 ut
406 2012 592 2045 caelestium
619 2023 789 2046 munerum
825 2014 1006 2055 thesauros,
1034 2015 1072 2047 ad

335 2067 515 2108 augendam
540 2065 572 2097 in
599 2065 690 2098 terris
717 2072 902 2099 sanctorum
921 2067 952 2099 in
976 2067 1073 2100 caelis

333 2117 549 2160 regnantium,
574 2118 626 2160 qui
653 2118 772 2151 tradita
790 2119 850 2151 sibi
869 2121 990 2152 talenta
1007 2131 1072 2152 non
1092 2144 1094 2150 ⁴

333 2170 527 2202 defoderunt
551 2170 583 2202 in
609 2176 744 2210 terram,
771 2172 827 2204 sed
853 2172 944 2204 uberi
970 2173 1094 2206 bono-2

332 2233 404 2255 rum
426 2234 561 2266 operum
586 2223 688 2256 fructu
714 2225 989 2268 multiplicarunt,
1022 2236 1093 2260 vem

333 2277 552 2316 nerationem,
569 2277 805 2320 fovendamque
832 2283 863 2310 et
876 2278 1072 2311 incitandam
1092 2294 1093 2310 i

335 2337 411 2368 erga
450 2327 523 2359 illos
549 2326 692 2359 fidelium
733 2328 958 2368 devotionem,
985 2327 1070 2361 fideli
1092 2348 1093 2353 =

334 2379 522 2422 prudentia,
549 2386 702 2422 quantum
724 2381 818 2413 nobis
844 2392 878 2414 ex
905 2383 969 2414 alto
996 2393 1093 2427 con-3

335 2432 469 2472 ceditur,
495 2443 629 2475 erogare
651 2435 850 2467 studeamus.

380 2485 442 2528 gl.
465 2485 582 2528 Itaque,
602 2488 767 2529 praeclara
785 2488 886 2520 sancti
905 2488 1069 2521 Benedicti
1089 2505 1092 2531 3

336 2538 472 2578 abbatis,
484 2538 548 2580 qui,
560 2539 719 2581 despectis
731 2540 880 2572 omnibus
893 2552 972 2583 quae
986 2552 1071 2573 mun-

339 2592 396 2624 dus
420 2595 506 2623 amat
529 2597 561 2623 et
585 2591 679 2632 colit,
702 2593 849 2625 caelestis
874 2594 993 2636 gratiae
1018 2595 1073 2627 be-

337 2643 524 2679 nedictione
562 2645 716 2686 repletus,
748 2651 875 2678 sanctae
903 2657 1073 2680 conversa-

1741 265 1798 298 25¹1

1106 323 1204 355 tionis
1236 322 1351 355 studiis
1385 322 1614 365 miraculisque
1640 323 1753 355 eximi·-
1780 326 1843 355 vla-

1108 375 1172 407 ruit
1208 380 1239 407 et
1262 376 1496 408 monachorum
1523 377 1668 417 regulam
1692 376 1839 418 scripsit,

1109 427 1305 461 discretione
1335 428 1562 471 praecipuam,
1589 438 1740 459 sermone
1763 430 1846 460 luru-

1108 482 1238 521 lentam,
1258 481 1317 512 sub
1336 491 1400 523 qua
1418 491 1592 513 numerosa
1615 481 1845 522 religiosorum

1096 530 1341 565 'monachorum
1361 533 1720 575 sanctimonialiumque
1748 533 1843 573 agun-

1111 596 1150 617 na
1167 585 1232 618 Deo
1259 585 1423 628 hodieque
1442 591 1574 618 strenue
1592 585 1752 625 militant,
1780 596 1847 617 san-

1110 642 1180 670 ctae
1207 649 1335 681 quoque
1361 638 1579 671 scholasticae
1606 638 1674 670 cius
1706 638 1843 676 sororis,

1111 701 1204 733 quae,
1219 691 1376 733 speciosis
1392 691 1598 733 virginitatis,
1618 691 1757 733 pictatis,
1772 691 1848 723 alia-

1112 753 1247 785 rumque
1261 743 1413 775 virtutum
1435 743 1614 776 monilibus
1634 749 1796 782 exornata,
1816 743 1847 775 in

1111 796 1292 837 amplexum
1320 795 1429 838 sponsi
1458 796 1606 828 caelestis
1628 795 1775 835 evolavit,
1812 806 1848 827 ac

1112 853 1296 880 sanctorum
1314 848 1443 887 Placidi,
1464 849 1516 890 qui
1536 849 1658 891 primus
1675 849 1850 880 monacho-

1112 910 1180 931 rum
1213 899 1340 933 Ordinis
1372 901 1517 933 eiusdem
1549 901 1650 933 saneti
1683 900 1848 933 Benedicti

1112 953 1253 995 martffrii
1275 953 1378 995 gloria
1396 954 1541 985 decorari
1560 954 1684 992 meruit,
1702 960 1733 986 et
1751 952 1849 985 Mauri

1114 1005 1247 1044 abbatis,
1262 1005 1431 1038 monastici
1447 1006 1583 1038 instituti
1605 1006 1636 1038 in
1652 1006 1760 1039 Galliis
1776 1018 1851 1049 pro-

1113 1059 1276 1101 pagatoris
1295 1058 1409 1098 eximii,
1436 1059 1639 1102 aliorumque
1665 1060 1852 1092 innumero—

1114 1122 1185 1143 rum
1206 1117 1391 1144 sanctorum
1408 1112 1536 1145 Ordinis
1565 1112 1701 1155 praefati
1726 1113 1836 1155 protes

1116 1175 1226 1197 sorum
1244 1165 1276 1197 in
1293 1165 1468 1198 Ecclesiam
1486 1165 1542 1198 Dei
1557 1166 1671 1198 merita
1688 1165 1741 1208 pio
1762 1165 1853 1198 devo-

1117 1224 1211 1261 toque
1237 1218 1333 1251 animi
1363 1218 1477 1252 affectu
1502 1220 1696 1259 recolentes,
1724 1230 1851 1252 necnon

1117 1271 1224 1304 dilecti
1243 1271 1298 1304 filii
1323 1272 1511 1315 ildephonsi
1530 1273 1568 1305 de
1589 1272 1675 1313 Mier,
1700 1272 1852 1305 monachi

1116 1334 1268 1367 expresse
1285 1325 1425 1367 professi
1440 1331 1469 1357 et
1488 1325 1707 1368 procuratoris
1723 1336 1853 1367 genera-

1116 1377 1153 1409 lis
1163 1376 1430 1419 congregationis
1444 1378 1618 1421 Hispaniae
1630 1378 1705 1411 dicti
1715 1378 1852 1417 Ordinis,

1115 1430 1147 1461 in
1173 1433 1262 1462 sacra
1286 1431 1452 1473 theologia
1473 1431 1626 1473 magistri,
1648 1431 1854 1474 supplicatio-

1115 1483 1211 1514 nibus
1233 1483 1327 1515 nobis
1345 1494 1444 1526 super
1469 1484 1532 1516 hoc
1557 1484 1723 1517 humiliter
1744 1494 1854 1527 porre-

1116 1535 1174 1567 ctis
1200 1535 1369 1576 inclinati,
1403 1547 1437 1569 ac
1470 1537 1508 1569 de
1538 1537 1768 1580 omnipotentis
1798 1537 1852 1569 Dei

1115 1588 1339 1621 misericordia
1365 1595 1396 1621 et
1418 1589 1589 1622 beatorum
1608 1590 1690 1622 Petri
1718 1596 1748 1622 et
1764 1590 1851 1622 Pauli

1116 1643 1339 1684 apostolorum
1353 1643 1421 1674 eius
1442 1643 1635 1675 auctoritate
1650 1643 1772 1683 confisi,
1787 1654 1853 1675 on]-

1116 1695 1210 1726 nibus
1228 1699 1259 1726 et
1276 1695 1410 1737 singulis
1431 1696 1597 1738 utriusque
1615 1706 1709 1728 sexus
1728 1696 1854 1728 christi-

1115 1746 1264 1779 fidelibus
1282 1758 1355 1780 vert¹
1374 1748 1619 1791 poenitentibus
1635 1754 1665 1781 et
1682 1749 1850 1789 confessis,

1117 1810 1151 1832 ac
1173 1802 1261 1832 sacra
1290 1801 1517 1833 communione
1548 1801 1692 1841 refectis,
1720 1801 1772 1844 qui
1795 1802 1852 1834 ali-

1117 1864 1211 1895 quam
1243 1864 1279 1885 ex
1304 1853 1449 1886 ecclesiis
1482 1865 1759 1897 quorumcumque
1785 1865 1852 1888 mo-

1116 1905 1332 1938 nasteriorum
1349 1911 1411 1938 tam
1426 1907 1661 1939 monachorum
1677 1918 1771 1950 quam
1785 1918 1853 1940 mo-

1116 1958 1249 1990 nialium
1275 1960 1420 2001 regulam
1443 1960 1543 1992 sancti
1570 1960 1736 1992 Benedicti
1759 1960 1853 2003 proti-

1116 2011 1263 2051 tentium,
1279 2012 1437 2044 hactenus
1455 2013 1571 2045 erectis
1592 2018 1623 2045 et
1641 2013 1673 2045 in
1686 2019 1852 2056 posterum

1116 2065 1386 2108 quandocumque
1420 2066 1583 2108 erigendis
1599 2093 1606 2106 ,
1640 2077 1675 2099 ac
1709 2067 1853 2099 ubicum-

1116 2128 1177 2160 que
1203 2118 1348 2150 locorum
1370 2118 1592 2159 existentibus,
1615 2119 1646 2151 in
1664 2121 1853 2153 eorumdem

1116 2176 1299 2203 sanctorum
1325 2171 1491 2204 Benedicti
1516 2177 1548 2204 et
1572 2172 1791 2205 Scholasticae
1817 2184 1853 2205 ac

1114 2224 1236 2257 Placidi
1262 2229 1294 2256 et
1317 2225 1415 2256 Mauri
1442 2225 1531 2257 sestis
1554 2226 1691 2266 diebus,
1724 2237 1851 2259 necnon

1116 2277 1167 2310 dic
1184 2288 1241 2311 xm
1262 2279 1457 2318 novembris,
1477 2290 1539 2322 qua
1559 2280 1704 2312 omnium
1724 2287 1853 2313 saneto-

1114 2341 1183 2362 rum
1197 2330 1324 2363 Ordinis
1339 2332 1500 2374 praedicti
1515 2333 1780 2367 commemoratio
1794 2334 1853 2365 ibi-

1115 2384 1186 2415 dem
1204 2383 1272 2415 sieri
1292 2385 1383 2424 solet,
1403 2395 1420 2416 a
1448 2385 1560 2427 primis
1586 2386 1729 2428 vesperis
1750 2397 1852 2429 usque

1114 2437 1153 2469 ad
1171 2447 1317 2469 occasum
1335 2437 1413 2470 solis
1435 2438 1558 2470 dierum
1582 2438 1776 2477 huiusmodi,
1799 2450 1852 2471 an-

1114 2490 1163 2522 nis
1180 2489 1316 2532 singulis
1332 2490 1448 2523 devote
1465 2491 1674 2531 visitaverint,
1688 2498 1719 2524 et
1732 2492 1773 2524 ibi
1793 2503 1851 2534 pro

1114 2542 1361 2575 christianorum
1378 2543 1561 2587 principum
1580 2545 1760 2583 concordia,
1781 2546 1853 2576 liae-

1114 2606 1222 2627 resum
1257 2595 1484 2638 extirpatione,
1519 2606 1555 2628 ac
1592 2602 1720 2628 sanctae
1745 2596 1851 2628 Matris

1114 2648 1277 2681 Ecclesiae
1296 2649 1490 2681 exaltatione
1510 2649 1578 2692 pias
1605 2649 1642 2681 ad
1660 2649 1759 2681 Deum
1781 2659 1852 2693 pre-

1851 275 1900 300 Αη.
1917 273 1945 300 C.
1968 273 2031 300 1671
