2279 3260
202 250 254 278 Αιι.
273 249 302 276 C.
321 250 384 277 ¹671

227 938 296 958 nasae
315 937 384 958 chari-

202 967 243 986 tat.

1025 251 1167 275 CLEMENS
1188 252 1207 275 X
1231 252 1279 275 1³1².

1803 244 1867 278 ⁶203

395 298 564 332 urentibus
595 299 753 343 scrupulis
790 304 958 339 vexatum,
983 299 1027 331 sic
1053 299 1131 331 iuvit
1174 304 1208 331 ut
1225 299 1291 331 illic
1309 299 1372 331 suis
1398 299 1542 331 manibus
1564 301 1691 333 assidue
1711 302 1907 334 ministraret

394 352 613 396 promissione
639 363 765 384 suarum
791 362 931 395 precum,
959 356 989 383 et
1014 351 1130 383 exhor-

394 404 514 437 tatione
540 416 575 437 ac
593 404 765 448 sponsione
784 404 1040 447 participationis
1059 414 1130 435 sua-

394 466 465 488 rum
490 456 751 495 satisfactionum,
773 461 807 487 ut
838 456 1008 488 confestim
1032 466 1130 498 pavor

393 508 495 541 laetae.
510 508 578 550 spei
593 509 698 541 locum
716 507 857 547 cessei-in
873 508 925 550 qui
942 513 1064 551 postea,
1084 518 1135 548 <aq

393 560 551 592 lutaribus
577 560 787 592 sacramentis
815 560 967 599 munitus,
990 559 1129 601 ingeniis

393 612 507 644 salutis
532 612 650 645 fiducia
671 613 832 655 placidum
851 617 881 644 et
897 622 1047 644 serenum
1067 611 1130 653 spi-

394 665 490 697 ritum
515 665 657 698 reddidit
680 665 835 704 Creatori,
856 666 894 697 de
921 664 1008 708 opius
1026 664 1129 695 anima

394 723 506 759 postea
531 718 616 750 Rosa
639 718 803 750 nunciavit
826 728 896 749 cum
933 719 968 749 ca
994 716 1130 748 selicitflr

395 781 431 802 ac
454 770 593 813 benigne
624 770 693 812 agi,
720 770 847 813 iamque
884 770 969 802 illam
1004 768 1128 810 regioni

394 822 478 854 lucis
499 822 693 865 adscriptam
713 822 771 854 srui
789 822 925 864 perenni
943 821 1129 852 Sanctorum

395 873 558 906 felicitatis
583 873 766 916 refrigerio.

439 927 454 968 ἓ
477 925 531 958 38.
558 925 721 958 Ordinavit
738 925 833 957 etiam
857 925 1013 956 Dominus
1038 924 1068 955 in
1096 925 1132 955 ea

395 978 585 1011 charitatem
601 979 632 1010 in
649 978 873 1021 corporalibus
891 976 1131 1009 misericordiae

396 1030 548 1073 operibus
584 1030 701 1075 quibus
734 1029 897 1072 proximos
934 1029 1043 1060 iuvare
1069 1034 1132 1059 5111-

396 1083 476 1114 duit.
492 1082 571 1114 Nam
595 1082 691 1125 inops
719 1083 799 1114 haec
815 1079 914 1124 virgo,
933 1081 1063 1113 sibimet
1081 1091 1132 1112 ne-

395 1135 535 1168 cessaria
560 1135 767 1174 subtrahens,
792 1134 945 1177 dispersit
979 1134 1131 1176 deditque

394 1189 604 1231 pauperibus.
621 1188 660 1220 Ut
683 1188 769 1220 enim
795 1189 941 1220 occultae
967 1187 1131 1219 cuiusdam

395 1240 576 1272 necessitati
603 1239 806 1279 subveniret,
833 1245 904 1272 octo
930 1239 1053 1271 dierum
1078 1238 1129 1271 ali-

395 1294 544 1332 moniam,
559 1295 629 1327 solo
643 1304 726 1337 pane
745 1299 775 1326 et
793 1295 875 1336 aqua
894 1298 1054 1332 contenta,
1072 1292 1129 1323 sibi

394 1357 454 1390 pro
480 1347 605 1389 egentis
631 1346 776 1379 subsidio
803 1346 950 1379 detraxit.
979 1345 1096 1385 Telam,
1115 1356 1130 1377 a

395 1399 593 1442 genitoribus
630 1399 698 1431 eius
731 1409 789 1442 pro
815 1399 862 1430 sui
894 1398 1129 1440 aegritudinum

394 1451 640 1484 necessitatibus
650 1462 846 1491 concessam,
858 1452 946 1484 illico
958 1451 1041 1483 inter
1053 1451 1130 1483 duas

393 1503 533 1546 virgines
558 1504 672 1536 virtute
688 1509 718 1536 ct
736 1514 855 1545 genere
872 1503 1008 1542 nobiles,
1030 1508 1130 1535 extre-

393 1566 444 1588 me
477 1562 585 1589 tamen
622 1567 740 1599 egenas
774 1556 889 1589 divisit.
924 1557 1011 1589 Dono
1044 1556 1128 1588 dedit

395 1609 562 1649 Montoiae,
588 1609 813 1652 pauperrimae
837 1609 971 1651 virgini,
995 1611 1130 1641 alterum

396 1673 433 1694 ex
459 1662 567 1705 palliis
593 1673 676 1705 quae
701 1667 805 1695 mater
823 1663 1020 1705 possidebat,
1042 1672 1132 1704 prae-

396 1714 507 1747 dicens
532 1715 560 1748 ei
587 1715 653 1748 sore
678 1720 713 1747 ut
737 1715 807 1747 aliis
833 1715 922 1747 novis
948 1716 1019 1747 loco
1046 1720 1132 1747 vete-

394 1767 439 1799 ris
476 1767 723 1810 provideretur;
755 1767 839 1810 quod
876 1767 1067 1800 mirabiliter
1097 1778 1130 1800 re

394 1819 472 1862 ipsa,
498 1826 534 1852 ut
558 1820 648 1862 virgo
677 1821 984 1862 praenunciaverat,
1010 1822 1127 1853 evcnit.

394 1872 551 1905 Divinitas
576 1873 739 1905 admonita
775 1873 927 1905 Ioannam
961 1874 999 1906 de
1028 1874 1131 1906 1301111-

396 1925 472 1958 dilia
497 1925 657 1968 virginem
681 1925 824 1958 nobilem
856 1927 912 1958 sed
942 1927 1130 1959 derelictam

396 1988 476 2018 esse,
503 1988 597 2021 quam
622 1988 718 2010 vorax
744 1978 803 2010 sub
823 1978 998 2011 mammilla
1015 1989 1131 2012 cancer

396 2031 575 2074 torquebat,
593 2036 631 2071 et,
652 2031 798 2064 tardante
816 2031 972 2071 remedio,
997 2033 1128 2064 exitium

395 2083 585 2123 minabatur,
611 2084 696 2116 domi
722 2083 848 2126 recipit,
867 2087 1067 2117 menstruum
1090 2086 1132 2117 lo-

396 2137 531 2169 cationis
557 2143 722 2180 sumptum
747 2142 778 2169 et
795 2137 1045 2170 medicaminum
1060 2149 1133 2181 pre—

395 2190 473 2221 tinm
499 2190 526 2222 ei
548 2190 699 2233 providit,
718 2196 749 2222 et
768 2196 841 2233 post
866 2192 990 2234 aliquot
1006 2202 1133 2223 menses

396 2242 521 2285 integre
547 2254 657 2276 sanam
681 2244 840 2285 restituit,
867 2245 929 2277 hoc
952 2256 1050 2277 unum
1077 2246 1133 2278 do-

395 2296 518 2328 lentem
544 2297 629 2339 quod
654 2307 719 2329 11011
741 2302 847 2339 posset
872 2298 1037 2339 (obstante
1070 2300 1131 2332 lide
1153 2316 1155 2350 ξ

398 2348 485 2391 data)
511 2349 642 2391 virginis
668 2350 860 2383 beneficium
882 2352 912 2383 in
931 2353 1011 2393 grati
1033 2353 1130 2385 animi

398 2402 590 2445 obsequium
623 2405 660 2436 ea
694 2404 819 2436 vivente
859 2406 962 2447 palam
998 2406 1155 2450 reserre.3

397 2452 483 2484 Nihil
510 2453 538 2486 ei
573 2454 741 2486 iucundius
766 2456 954 2498 contingere
981 2463 1131 2499 poterat,

398 2517 494 2548 quam
519 2507 545 2539 si
571 2517 589 2539 a
612 2512 714 2540 matre
749 2509 993 2551 permitteretur
1029 2511 1132 2542 cuius-

399 2569 460 2602 que
485 2559 682 2593 conditionis
707 2572 824 2603 egenas
859 2567 913 2594 aut
938 2562 1058 2594 morbis
1089 2564 1133 2595 as-

396 2612 499 2647 ssictas
520 2613 670 2647 mulieres
690 2614 834 2657 paternis
859 2615 976 2648 inferre
998 2616 1130 2648 aedibus

1173 352 1424 393 languentibus;
1452 353 1568 395 quihus
1593 354 1631 385 de
1654 365 1855 397 quacumquu¹
1874 365 1907 386 re

1173 404 1210 436 ad
1236 404 1350 436 victum
1370 410 1400 436 et
1416 404 1617 437 medicamen
1638 406 1821 437 necessaria
1840 418 1908 438 eva-

1173 461 1221 488 ctc
1247 456 1417 499 providere
1449 457 1582 489 studuit.
1612 457 1698 488 luter
1732 457 1789 488 has
1821 468 1908 489 men—

1173 509 1259 540 dicas
1284 510 1372 541 nulla
1398 514 1467 541 erat
1493 514 1554 541 tam
1572 509 1787 541 intolerabilis
1818 520 1907 551 aspc-

1173 566 1222 592 ctu
1248 566 1301 592 aut
1336 561 1457 594 foetore
1484 562 1674 599 horribilis,
1703 572 1796 603 quam
1822 561 1904 593 Rosa

1174 613 1342 655 dedignari
1360 615 1408 646 vel
1434 624 1510 656 prae
1537 615 1654 645 nausea
1677 613 1813 645 :iv‹‡=1·s‹¹11·i
1833 624 1907 655 pos-

1173 670 1232 696 set.
1270 664 1422 697 Omnibus
1457 666 1635 705 medelam,
1664 666 1849 697 famulatum
1877 670 1908 697 et

1173 727 1280 748 curam
1306 717 1468 750 afferebat.

1217 769 1231 809 ξ
1255 769 1308 801 739.
1335 770 1517 812 indignanti
1544 770 1648 809 matri,
1669 774 1805 812 propter
1839 780 1909 811 gra-

1175 821 1367 853 veolentiam
1403 823 1521 855 mucidi
1556 823 1681 865 putoris
1718 833 1735 854 a
1759 822 1842 854 Rosa
1875 822 1907 853 in

1174 873 1315 905 105310115-
1349 884 1386 905 ex
1423 877 1497 906 cura
1533 874 1677 906 infirmae
1703 879 1908 912 contractam,

1175 926 1367 968 respondit:
1402 927 1525 960 Christi
1558 928 1658 959 bonus
1691 927 1767 958 odor
1799 937 1911 958 sanius

1175 978 1249 1008 dum
1274 978 1500 1011 ministramus
1515 979 1675 1021 infirmix;
1695 979 1837 1010 charitas
1862 979 1911 1010 de-

1176 1031 1272 1062 licata
1299 1041 1361 1062 non
1392 1035 1447 1071 est,
1477 1042 1532 1063 nec
1560 1033 1743 1074 protrt'mmn
1769 1031 1907 1073 fastidit.

1174 1082 1296 1115 Invicto
1314 1083 1431 1123 animo,
1449 1084 1496 1115 vix
1516 1084 1670 1116 imitabile
1689 1094 1762 1115 suae
1781 1088 1911 1115 sanctae

1175 1135 1346 1177 magistrae
1374 1137 1556 1178 exemplum
1576 1142 1693 1175 secuta,
1720 1136 1750 1167 111
1777 1136 1911 1167 aedibus

1176 1188 1328 1220 isabellae
1355 1189 1393 1221 de
1427 1189 1529 1221 Mexia
1565 1199 1717 1222 nauseam
1749 1188 1909 1221 stomachi

1176 1241 1310 1273 heroico
1336 1247 1407 1273 actu
1426 1242 1597 1284 superavit.
1621 1241 1757 1273 Noverat
1777 1241 1912 1273 Ioannes

1175 1295 1213 1326 de
1238 1293 1338 1326 'l'ineo
1365 1295 1517 1326 Almanza
1551 1301 1758 1337 quaestorem
1791 1294 1912 1326 Gundi-

1175 1347 1294 1378 salvurn
1322 1346 1423 1379 Busae
1456 1347 1610 1390 precibus
1636 1352 1667 1379 et
1690 1346 1814 1378 meritis
1840 1347 1913 1389 plu-

1174 1399 1236 1430 ries
1262 1410 1277 1431 a
1304 1399 1498 1441 gravissimis
1530 1400 1768 1432 infirmitatibus
1794 1400 1913 1431 libera-

1175 1458 1251 1484 tum.
1279 1452 1345 1492 llle,
1363 1464 1397 1484 ex
1420 1453 1614 1485 cruciatibus
1641 1452 1798 1484 stomachi
1825 1452 1911 1494 peri-

1175 1507 1488 1547 culose-aegrotans,
1515 1506 1654 1538 obtinuit
1678 1512 1710 1537 ut
1737 1505 1829 1547 virgo
1851 1505 1910 1537 ista

1176 1563 1249 1600 post
1274 1558 1416 1589 amlitum
1434 1558 1562 1590 Sacrum
1582 1559 1737 1590 decenter
1754 1558 1911 1589 associata

1175 1621 1245 1642 eum
1271 1611 1444 1650 inviseret-3
1467 1611 1498 1642 in
1525 1611 1616 1643 cuius
1649 1612 1735 1643 vultu
1762 1611 1909 1642 maiesta-

1177 1669 1237 1695 tem
1265 1663 1444 1704 angelicam
1472 1663 1617 1699 intuitus,
1633 1673 1723 1705 spem
1745 1662 1909 1694 indubiam

1174 1715 1404 1748 incolumitatis
1431 1716 1588 1758 concepit,
1608 1716 1779 1758 statimque
1805 1715 1910 1747 omnis

1175 1769 1268 1801 dolor
1292 1768 1435 1807 eva11uit3
1462 1778 1602 1807 somnus,
1626 1768 1678 1810 qui
1698 1767 1832 1800 omuino
1854 1767 1913 1799 dif-

1176 1821 1308 1863 fugerat,
1327 1821 1445 1854 blande
1461 1821 1617 1864 corripuit
1634 1820 1811 1854 infirmum:
1827 1820 1913 1851 citis—

1175 1875 1252 1906 sime
1271 1874 1325 1906 illa
1342 1874 1506 1913 abscessit,
1524 1880 1556 1905 ut
1576 1875 1723 1916 plausum
1742 1874 1909 1914 eflugeress

1175 1927 1236 1959 iste
1249 1936 1325 1959 vero
1340 1937 1435 1958 sanus
1451 1927 1624 1969 evigilavit.
1643 1927 1747 1968 Usque
1766 1926 1805 1958 ad
1819 1926 1913 1958 bruta

1175 1980 1324 2012 animalia
1350 1981 1492 2011 clemens
1519 1980 1621 2011 Rosae
1647 1979 1783 2011 suavitas
1809 1984 1840 2010 et
1865 1984 1911 2010 te-

1174 2042 1252 2064 nera
1272 2042 1305 2064 sc
1332 2032 1520 2064 ostendebat
1548 2037 1576 2064 et
1597 2031 1723 2064 iuvabat
1744 2030 1911 2063 commise-

1175 2085 1268 2117 ratio.

1219 2139 1233 2181 ξ
1258 2138 1310 2170 40.
1338 2138 1416 2171 Tota
1434 2138 1529 2171 huius
1545 2143 1671 2170 sanctae
1686 2138 1818 2180 virginis
1835 2148 1909 2181 spes

1175 2191 1206 2223 in
1233 2191 1297 2223 Deo
1319 2196 1397 2230 erat,
1421 2191 1475 2234 qui
1496 2197 1706 2234 praevenerat
1722 2191 1838 2222 camin
1856 2191 1911 2223 be—

1175 2244 1412 2277 nedictionibus
1438 2245 1627 2277 dulcedinis.
1655 2244 1735 2276 Hinc
1761 2244 1911 2286 Frequen-

1176 2297 1297 2329 tissime
1324 2297 1515 2329 decantabat
1539 2297 1718 2330 davidicum
1743 2296 1820 2328 illud
1839 2307 1911 2329 san—

1178 2350 1215 2381 tis
1230 2350 1374 2392 patribus
1389 2355 1420 2381 ct
1435 2349 1615 2381 eremicolis
1631 2349 1799 2381 familiare:
1816 2350 1909 2390 Deus,

1175 2403 1210 2433 in
1236 2402 1419 2434 adiuturum
1452 2412 1554 2433 meum
1587 2401 1738 2439 intende,
1764 2401 1908 2439 Domine,

1176 2456 1218 2487 ad
1249 2454 1470 2487 adiuvandmn
1508 2465 1557 2486 me
1595 2455 1722 2496 festina.
1749 2453 1910 2490 Quaesivit

1176 2518 1270 2550 saepe
1294 2508 1409 2539 horum
1434 2508 1605 2539 verborum
1632 2507 1825 2548 emphasim,
1852 2507 1906 2537 sed

1176 2564 1282 2594 nullus
1306 2572 1447 2604 unquam
1474 2562 1720 2603 profundiorem
1751 2561 1777 2593 ci
1805 2563 1908 2594 attulit

1177 2615 1422 2659 explicationem
1441 2617 1485 2655 ea,
1509 2625 1603 2658 quam
1623 2614 1692 2657 ipsa
1713 2615 1822 2647 intime
1840 2615 1905 2649 Deo

1914 253 1963 279 An.
1980 253 2008 280 C.
2032 252 2095 280 167¹

1927 809 1930 813 ι
1946 782 2051 802 Minati-at
2073 783 2102 802 in·

1921 814 1991 829 lli‘sstlS.

1954 2150 2008 2176 Spes
2023 2151 2068 2172 eius
2083 2151 2104 2172 in

1922 2178 1973 2199 neo.
