2279 3260
960 238 1101 265 crunnus
1122 240 1141 263 1(
1165 240 1214 264 pr.
1745 232 1803 265 531

336 293 431 325 dente
457 291 664 331 confessario,
691 290 721 323 in
740 290 822 323 311113
846 289 930 322 Urbe
957 300 1033 322 vcro
1052 300 1068 321 3
1154 289 1266 321 Datum
1293 288 1425 329 Romae,
1446 289 1528 332 apud
1555 290 1585 322 S.
1606 290 1733 322 Mariam
1751 290 1847 322 Maio-

335 347 453 379 dilecto
478 346 545 379 silio
570 350 680 378 nostro
704 344 824 377 vicario
853 354 905 376 seu
932 343 1000 375 eius
1026 342 1069 375 vi-
1113 351 1191 380 rem,
1219 342 1280 374 sub
1306 342 1426 374 annulo
1452 342 1635 381 Pisi-aleris,
1664 343 1715 375 die
1742 353 1772 375 vt
1802 342 1846 375 sc-

334 403 521 441 ccsgerente
546 401 667 431 tantum
696 396 979 440 praescribendam
1011 406 1069 438 pro
1111 394 1232 426 bruarii
1257 403 1410 435 MDCLxxv,
1432 393 1638 437 pontificatus
1662 395 1764 427 nostri
1790 404 1846 427 an-

334 451 509 485 cuiuslibet
524 455 607 483 statu
626 455 656 483 et
674 449 870 490 conditione,
896 460 931 481 ac
957 448 1018 481 loci
1038 452 1071 480 et
1113 457 1154 479 no
1179 457 1209 479 v.

336 503 491 547 temporis
526 503 652 536 ratione
688 501 1014 542 hal)it;⁴1,excrcendo,
1041 505 1072 533 et
1115 530 1124 541 ,

335 555 397 589 3113
421 555 454 588 111
479 555 600 589 nostris
625 555 742 588 litteris
779 554 963 588 indictionis
996 553 1070 586 anni

335 608 467 641 iubilaei
491 614 642 641 contenta
666 608 884 651 adimplendo,
903 616 1016 639 omncs
1042 611 1073 638 ct

338 661 481 704 singulas
507 661 725 704 indulgentias
743 665 774 694 et
790 665 1002 704 peccatorum
1024 669 1073 691 re-

336 714 507 747 missiones
531 714 626 747 etiam
648 714 855 757 plenissimas
874 722 1073 755 consequan-

337 772 401 807 tur,
435 778 513 810 quas
547 771 824 809 consequerentur
856 771 884 799 et
919 764 1072 807 consequi

337 826 479 862 possent,
503 821 527 852 si
549 820 585 852 'in
608 820 669 852 hoc
694 819 856 862 praesenti
882 829 966 850 anuo
992 817 1072 849 iuhi-

336 873 399 905 laei
425 873 536 906 diebus
561 873 600 905 ad
626 872 656 904 id
682 872 808 903 statutis
834 877 968 914 quatuor
985 870 1023 902 ad
1042 869 1073 902 id

338 925 507 968 deputatas
541 924 690 957 basilicas
717 929 749 956 et
784 923 937 956 ecclesias
971 923 1073 954 almae

337 977 433 1010 Urbis
460 983 491 1010 et
516 983 606 1010 extra
631 976 716 1009 illius
742 986 860 1014 muros,
880 986 939 1018 pro
957 975 1073 1017 quibus

335 1029 502 1062 visitandis
517 1028 693 1060 iubilaeum
708 1033 741 1060 et
754 1027 973 1069 indulgentiae
987 1037 1075 1069 prae-

337 1082 415 1114 fatas
440 1091 612 1114 concessae
629 1085 712 1120 sunt,
730 1079 944 1123 personaliter
967 1079 1074 1112 visita-

337 1140 411 1167 rent
434 1140 466 1166 et
489 1144 598 1167 eorum
624 1133 761 1176 quilibet
781 1133 934 1165 visitaret.

170 1199 265 1229 Indulget
278 1203 326 1219 eon·
381 1187 395 1230 g
413 1187 444 1221 3.
463 1187 591 1220 Eisdem
607 1186 908 1219 sanctimonialibus
930 1197 965 1219 ac
988 1186 1076 1219 obla-

143 1226 389 1279 2⁹5⁸222⁵'2¹ss²0⁸r351is‚
414 1239 529 1282 puellis
561 1244 593 1271 et
625 1239 811 1271 mulieribus
843 1238 1073 1279 saecularibus,

143 1278 465 1324 3335v311⁰5⁵¹2¹125necn0n
500 1291 706 1324 anachoretis
743 1296 837 1334 atque
870 1291 1013 1323 eremitis
1044 1296 1075 1323 et

145 242 195 270 An.
217 243 245 272 C.
264 243 332 272 2675
1855 241 1905 267 An.
1927 240 1955 268 C.
1973 240 2040 268 ¹675

1517 500 1540 532 l.
1561 499 1597 532 G.
1616 499 1756 533 Sruslus.

1149 562 1206 589 Dat.
1227 562 1271 590 die
1290 563 1306 590 6
1326 562 1455 590 februarii
1477 563 1554 596 1675,
1577 562 1670 597 pontis.
1686 570 1756 589 anuo
1778 568 1802 588 v.

1405 705 1558 738 CLXXIV.

1117 784 1240 816 Erectio
1270 783 1433 816 custodiae
1464 786 1495 816 S.
1528 784 1621 817 Petri
1659 785 1696 816 de
1729 784 1850 817 Alcan-

1161 841 1230 867 tara
1270 837 1305 868 in
1339 847 1436 879 resino
1469 837 1684 879 Neapolitano
1708 838 1851 879 fratrum

1159 888 1433 920 Dz'scczlceatorum
1445 889 1625 931 Hispaniae
1640 889 1776 921 Ordinis
1790 890 1851 922 Mi-

1159 951 1275 972 norum
1300 942 1405 973 scincet
1422 941 1591 974 Francisci
1615 942 1652 974 dc
1670 941 1848 975 Observan-

1162 992 1207 1024 Iiu
1230 993 1264 1025 in
1289 1003 1405 1026 novam
1421 994 1637 1037 provinciam,
1664 1005 1737 1026 cnm
1753 995 1854 1027 omni-

1162 1045 1219 1077 bus
1241 1046 1425 1088 pririleqiis
1449 1050 1476 1078 et
1499 1047 1735 1089 praeroyativis
1759 1046 1853 1079 culin-

1160 1102 1228 1130 star
1252 1098 1397 1130 aliturum
1414 1099 1656 1140 provinciarum
1672 1099 1853 1132 Discalcea-

1163 1155 1265 1183 torum
1276 1151 1459 1193 Hispaniae
1476 1150 1556 1183 dicti
1570 1150 1715 1190 Ordinis,
1731 1161 1853 1184 necnon

1161 1214 1233 1235 cnm
1258 1204 1376 1246 qratiis
1400 1208 1427 1236 et
1453 1203 1593 1235 mittanis
1624 1203 1726 1236 eidem
1757 1209 1854 1236 custo-

1160 1255 1234 1288 diae
1256 1266 1313 1299 per
1336 1255 1483 1299 quinque
1507 1256 1625 1289 Brevia
1642 1266 1661 1288 α
1678 1256 1733 1289 SS.
1754 1256 1792 1288 D.
1810 1256 1850 1289 N.

1161 1310 1315 1343 concessis
1336 1308 1357 1342 ¹.

172 2091 288 2112 Contrariis
298 2090 335 2111 de-

152 2120 221 2143 rogat.

187 2247 336 2274 Transumpto·

153 2279 198 2294 rum
215 2273 275 2295 fides.

144 1331 226 1351 ⁸⁰³⁰OE
241 1333 578 1376 μί’”“““(11511111161111115
596 1343 758 1386 impeditis
773 1344 969 1384 huiusmodi,
982 1349 1025 1383 ut,
1036 1344 1074 1376 ad

339 1396 486 1429 effectum
500 1396 734 1439 praesentium,
753 1396 969 1429 confessarios
987 1406 1076 1438 pres-

338 1450 468 1492 byteros
501 1450 685 1482 saeculares
713 1450 761 1481 vel
787 1449 923 1481 cuiusvis
947 1448 1075 1481 Ordinis

339 1503 504 1544 regulares
522 1502 561 1534 ab
588 1501 711 1534 eisdem
729 1501 907 1534 Ordinariis
931 1502 1076 1534 locorum

339 1554 377 1586 ad
393 1554 424 1586 id
439 1555 606 1597 probatos,
622 1554 686 1597 qui,
701 1554 955 1586 confessionibus
966 1564 1076 1587 eorum

342 1607 517 1649 diligenter
534 1607 661 1645 auditis,
683 1617 739 1640 eos
765 1612 923 1639 eteorum
944 1607 1078 1649 quemli-

340 1659 396 1691 bet
421 1671 436 1692 3
463 1660 628 1702 quibusvis
653 1659 807 1702 peccatis,
833 1660 1021 1692 criminibus
1048 1665 1079 1692 et

342 1712 469 1744 delictis
498 1717 789 1755 quan[unicumque
820 1712 966 1754 gravibus
992 1717 1022 1744 et
1047 1722 1079 1744 e-

342 1765 522 1804 normibus,
541 1765 635 1797 etiam
654 1765 727 1798 Sedi
746 1766 952 1809 Apostolicae
977 1776 1079 1798 reser-

340 1818 441 1857 vatis,
479 1818 573 1850 etiam
612 1817 644 1850 in
680 1818 770 1850 Bulla
802 1818 928 1851 Coenae
952 1818 1079 1851 Domini

339 1870 509 1910 contentis,
537 1870 680 1903 iniuncta
706 1870 750 1903 eis
775 1871 975 1914 poenitentia
999 1872 1080 1904 salu-

340 1923 413 1963 tari,
440 1922 606 1956 absolvere
632 1924 771 1966 possint,
796 1924 916 1966 eligere
942 1926 1078 1965 valcant,

341 1976 533 2008 auctoritate
563 1977 750 2018 apostolica,
777 1982 890 2010 tenore
926 1987 1079 2020 praesen-

343 2029 434 2069 tium,
461 2029 668 2062 concedimus
694 2035 725 2062 et
750 2030 968 2072 indulgemus.

389 2082 404 2124 ξ
428 2081 459 2113 4.
478 2080 548 2114 Non
574 2082 778 2114 obstantibus
796 2083 1080 2115 constitutionilssius
1100 2093 1101 2110 ³

347 2139 379 2166 et
396 2134 654 2167 ordinationibus
672 2135 877 2178 apostolicis;
897 2136 1080 2178 ceterisque

347 2187 518 2219 contrariis
542 2187 812 2230 quibuscumque.

391 2241 406 2282 g
421 2239 451 2272 5.
466 2240 618 2273 Volumus
632 2246 739 2273 autem
749 2247 784 2273 ut
794 2242 978 2275 earumdem
990 2253 1080 2286 prae-

348 2292 487 2325 sentium
514 2292 695 2325 litterarum
727 2294 954 2337 transumptis,
983 2295 1078 2328 etiam

347 2345 532 2388 impressiS‚
563 2355 660 2378 manu
699 2346 833 2379 alicuius
865 2347 984 2380 notarii
1014 2359 1102 2393 pu—¹

346 2397 423 2431 hliei
448 2397 647 2441 subscriptis
675 2404 707 2431 et
733 2399 840 2442 sigillo
867 2411 1030 2443 personae
1047 2401 1079 2433 111

346 2450 562 2484 ecclesiastica
587 2451 742 2494 dignitate
760 2453 952 2486 constitutae
977 2455 1081 2486 muni-

346 2503 398 2542 tis,
417 2503 528 2536 eadem
548 2513 681 2545 prorsus
697 2504 776 2537 sides
792 2505 911 2548 ubique
930 2506 1083 2539 adhibea-

348 2562 406 2595 tur,
426 2566 506 2598 quae
525 2555 737 2588 adhiberetur
762 2557 840 2600 ipsis
860 2559 1083 2600 praesentibus

348 2609 374 2641 si
397 2609 500 2641 forent
528 2608 691 2641 exhibitae
715 2610 761 2641 vel
788 2615 948 2644 ostensae.

1345 1388 1479 1416 Clemens
1500 1389 1578 1422 Papa
1597 1389 1630 1421 X,

1241 1433 1277 1460 ad
1296 1436 1472 1466 perpetuam
1492 1433 1537 1460 rei
1557 1433 1740 1460 memoriam.

1162 1503 1365 1536 Sacrosaucti
1400 1504 1596 1546 apostolatus
1628 1504 1768 1537 officium
1796 1504 1856 1537 1111-

1119 1557 1246 1589 1111111311
1276 1562 1370 1600 atque
1391 1555 1570 1589 infirmitati
1597 1562 1726 1590 nostrae
1751 1558 1790 1589 ab
1811 1569 1856 1590 ae-

1121 1616 1214 1643 terno
1233 1610 1364 1643 Pastore
1383 1610 1587 1643 commissum
1598 1611 1773 1643 salubriter
1786 1621 1858 1643 exe-

1122 1663 1175 1706 qui
1202 1663 1372 1695 adiuvante
1397 1662 1534 1695 Domino
1559 1662 1678 1705 iugiter
1710 1669 1859 1706 satagen-

1122 1720 1193 1756 tes,
1229 1715 1312 1747 circa
1333 1719 1464 1748 statum
1506 1715 1733 1758 religiosorum
1768 1716 1856 1748 viro-

1121 1778 1190 1800 rum
1209 1768 1268 1801 sub
1286 1767 1478 1801 austerioris
1495 1761 1577 1801 vitae
1596 1768 1766 1811 disciplina
1786 1774 1860 1801 vota

1121 1832 1177 1854 sua
1200 1821 1365 1855 Altissimo
1392 1821 1531 1854 reddere
1557 1821 1783 1864 satagentium,
1801 1822 1859 1855 bo-

1122 1885 1226 1918 noque
1252 1873 1371 1907 Christi
1397 1874 1498 1907 odore
1523 1875 1562 1907 de
1586 1874 1671 1907 bona
1691 1885 1859 1908 conversa-

1122 1927 1210 1960 tione
1227 1926 1458 1970 ssag1·antiuin²‚
1474 1937 1631 1970 prospere
1649 1927 1857 1970 dirigendum

1122 1980 1294 2023 propensis
1319 1979 1432 2012 studiis
1457 1979 1664 2020 intendimus,
1689 1990 1725 2012 ac
1749 1990 1859 2013 mune—

1122 2032 1165 2064 ris
1189 2031 1289 2065 nostri
1314 2031 1483 2075 pastoralis
1500 2037 1610 2075 partes
1627 2032 1783 2076 peculiari
1804 2034 1858 2066 de-

1122 2095 1220 2128 super
1244 2084 1403 2117 charitate
1428 2084 1684 2128 interpouiums,
1711 2085 1795 2118 sicut
1819 2086 1858 2118 ad

1100 2166 1101 2175 ,
1122 2137 1353 2181 omnipotentis
1378 2137 1434 2170 Dei
1460 2137 1604 2180 gloriam,
1636 2137 1803 2180 religionis
1829 2143 1862 2171 et

1121 2190 1250 2234 piorum
1265 2200 1399 2233 operum
1414 2190 1651 2223 incrementum
1681 2202 1716 2223 ac
1734 2191 1861 2223 felicem

1121 2253 1352 2286 progressum,
1379 2243 1622 2286 animarumque
1647 2244 1783 2276 salutem
1807 2254 1861 2276 ex-

1122 2296 1236 2339 pedire
1262 2295 1294 2328 in
1318 2290 1456 2328 Domino
1481 2295 1687 2328 arbitramur.

1166 2348 1180 2390 g
1208 2347 1238 2380 1.
1273 2347 1361 2380 Alias
1394 2347 1555 2391 siquidem
1581 2348 1775 2391 (postquam
1807 2359 1858 2381 cu-

1160 2489 1170 2514 1
1193 2488 1281 2523 Super
1299 2487 1349 2514 hac
1368 2488 1479 2515 materia
1500 2488 1570 2515 idem
1590 2489 1715 2516 Summus
1734 2490 1857 2516 Pontifex

1125 2532 1214 2567 plures
1232 2532 1298 2559 alias
1317 2532 1400 2559 edidit
1420 2534 1644 2567 Constitutiones,
1665 2542 1733 2569 quae
1752 2538 1813 2560 sunt
1832 2534 1858 2560 in

1127 2577 1177 2603 hoc
1196 2576 1343 2612 volumine,
1364 2586 1424 2613 pag.
1448 2580 1508 2611 109,
1529 2578 1589 2612 325,
1611 2578 1661 2604 344
1681 2582 1707 2605 et
1725 2579 1787 2607 418.

1160 2621 1176 2647 2
1195 2621 1288 2648 Potius
1308 2621 1365 2656 lege
1384 2623 1577 2656 frayruueimn
1593 2623 1633 2657 (1·1.
1655 2621 1703 2658 Τ.).

1893 1518 2015 1540 Exordium.

1906 2358 1977 2379 Refert
1992 2359 2053 2380 initia

1868 2386 1938 2406 dictae
1984 2389 2052 2406 custo·

1122 2399 1226 2432 stodia
1250 2399 1281 2432 S.
1308 2399 1392 2432 Petri
1426 2399 1464 2432 de
1490 2400 1659 2433 Aleantara
1691 2400 1724 2433 111
1753 2411 1856 2444 regno
1869 2412 1922 2433 uae.
