2279 3260
256 262 346 289 Aac.
374 262 434 288 1071
484 254 548 287 992

285 585 424 610 'transumpto

275 1801 395 1822 Exordium.

279 2271 363 2292 Petilio.

444 365 581 406 egerint,
605 365 781 408 plenariam
805 367 949 399 omnium
974 371 1180 408 pei-catorum

443 428 571 450 suorum
586 418 819 461 indulgentiam
835 424 867 452 et
882 418 1105 450 remissionem
1124 417 1180 449 nii-

444 470 650 505 scricorditei·
663 472 693 503 in
708 472 842 504 Domino
853 471 1072 503 concedimus.
1087 470 1179 501 Prac-

446 524 592 556 sentibus
628 525 791 567 perpetuis
828 523 942 556 suturis
978 522 1178 565 temporibus

444 577 598 609 valituris.

489 630 503 671 ξ
536 629 566 661 ⁶2.
598 630 751 662 Volumus
785 634 889 661 autem
922 633 957 660 ut
991 628 1176 661 earumdem

444 682 660 725 praesentium
686 682 862 714 litterarum
882 681 1101 723 transumptis,
1121 690 1175 712 seii

443 735 606 777 exemplis
622 734 716 766 etiam
734 734 913 776 impressis,
930 744 1026 765 manu
1041 733 1176 766 alicuius

442 786 556 818 notarii
578 786 697 829 publici
717 786 913 828 subscriptis,
930 791 957 818 et
977 785 1084 827 sigillo
1105 795 1177 828 per-

443 849 540 871 sonae
560 838 592 870 in
611 838 766 879 dignitate
786 838 1004 870 ecelesiastica
1024 838 1176 870 constitu-

443 896 491 921 tae
511 889 652 929 munitis,
669 890 781 922 eadem
804 900 935 932 prorsus
956 889 1036 922 fides
1055 889 1175 932 ubique

443 943 609 981 habeatur,
631 953 710 985 quae
735 942 909 974 haberetur
933 942 1011 985 ipsis
1028 952 1176 984 praesen-

441 994 525 1026 tibus
538 995 562 1027 si
579 995 659 1027 soret
675 994 836 1027 exhibitae
851 996 899 1027 vel
914 1000 1074 1027 ostensae.

484 1047 596 1078 Datum
615 1047 746 1086 Romae,
765 1047 849 1090 apud
876 1047 907 1079 S.
928 1047 1056 1079 Mariani
1081 1046 1177 1078 Maio-

441 1108 519 1137 rem,
535 1099 595 1131 sub
622 1100 743 1131 annulo
765 1099 948 1138 piscatoris,
976 1099 1027 1131 die
1051 1109 1101 1131 xix
1126 1099 1177 1131 de-

440 1151 578 1183 cembris
595 1161 742 1191 nnetxxi,
764 1151 975 1195 pontificatus
996 1151 1101 1184 nostri
1118 1162 1175 1184 an-

440 1213 482 1235 no
503 1213 538 1236 11.

476 1263 532 1290 Dat.
551 1264 594 1291 die
612 1266 643 1291 19
660 1265 812 1292 decembris
829 1266 907 1299 1671,
927 1265 1023 1301 pontif.
1043 1273 1113 1292 anno
1130 1272 1156 1292 11.

769 1408 842 1441 XCI.

440 1485 590 1520 Deera-rai
625 1486 790 1519 electiones
825 1487 907 1519 duas
946 1486 1174 1519 monachorum

486 1539 746 1572 cisterciensium
772 1539 1037 1582 Gozqreqassmzis
1062 1540 1177 1581 Hispa-

486 1593 556 1624 niae
589 1592 619 1624 in
652 1592 796 1625 abbatem
829 1603 893 1625 non
916 1603 1004 1635 posse
1026 1592 1090 1625 sibi
1120 1593 1177 1624 im-

484 1644 622 1678 mediate
645 1647 807 1679 succedere
832 1645 852 1678 ¹.

659 1726 794 1753 Clemens
821 1726 900 1759 Papa
920 1726 953 1755 X,

559 1770 594 1797 ad
610 1772 787 1803 perpetuam
806 1769 850 1796 rei
870 1770 1051 1797 memoriam.

486 1839 527 1872 Ex
544 1839 652 1872 debito
673 1839 844 1882 pastoralis
862 1839 967 1879 officii,
986 1850 1048 1882 quo
1066 1839 1178 1872 catho-

442 1894 521 1926 licae
547 1892 707 1924 Ecclesiae
732 1892 882 1934 regimini
908 1891 1014 1924 divina
1039 1892 1178 1935 disposi-

441 1946 531 1978 tione
557 1945 788 1988 praesidemus,
802 1945 840 1977 ad
867 1955 903 1977 ea
927 1945 1108 1988 peculiares
1134 1945 1176 1977 vi-

442 1998 593 2040 gilantiae
620 2003 750 2030 nostrae
770 2008 861 2030 curas
887 1997 1027 2030 libenter
1045 2008 1178 2030 conver·
1198 2032 1199 2036 ,

441 2052 537 2083 timus
554 2050 584 2091 ,²
616 2061 695 2093 quae
720 2060 879 2093 prospero
916 2050 1177 2083 christifidelium

443 2105 503 2136 sub
529 2104 615 2136 suavi
640 2103 807 2135 monastici
839 2103 976 2135 instituti
1002 2103 1077 2146 iugo
1107 2109 1178 2136 vota

445 2168 502 2189 sua
521 2157 658 2189 reddere
676 2156 740 2188 Deo
758 2155 964 2188 laudabiliter
981 2156 1176 2189 studentium

447 2210 602 2252 gubernio
637 2209 801 2252 quietique
830 2209 1000 2251 religiosae
1028 2210 1179 2242 conduci-

446 2262 524 2294 bilia
549 2263 614 2294 l‘ore
639 2261 672 2294 in
698 2261 833 2294 Doinino
860 2261 1066 2294 arbitramur.

492 2318 505 2356 ,ξ
530 2315 561 2346 ’1.
581 2314 703 2357 Exponi
725 2314 885 2357 siquidem
904 2314 997 2346 nobis
1018 2325 1121 2357 nuper
1137 2315 1180 2347 se-

448 2369 491 2401 cit
526 2369 659 2400 dilectus
697 2367 779 2400 lilius
821 2366 989 2409 Dionysius
1017 2367 1177 2406 Mantilla,

447 2427 638 2464 pingens-ator
655 2420 816 2463 generalis
829 2419 1096 2462 Congregaiionis
1110 2431 1180 2453 san-

446 2606 507 2635 pag.
524 2598 596 2631 441),
617 2597 660 2624 ubi
676 2597 764 2632 aliqua
775 2596 808 2623 ad
820 2604 874 2623 rein
893 2597 1020 2631 i'opeiics.

483 2644 499 2669 2
520 2641 682 2677 Pras-positio
698 2650 753 2676 per
772 2640 831 2667 liiiic
851 2640 992 2667 abiiciiiius
1011 2645 1048 2674 (a.
1062 2639 1099 2674 T).

1027 265 1207 290 minantum
1230 265 1383 291 ROMANUM

446 321 497 342 ces
522 310 706 353 effuderint,
739 324 802 357 quo
833 313 883 346 die
916 324 951 346 ex
979 312 1129 355 praefatis
1150 312 1203 344 id*

1224 313 1263 344 cti
1291 313 1443 346 Bernardi
1463 314 1634 357 llispaiiiiie
1652 311 1884 346 monachorum
1899 310 1957 344 Oi·-

1224 364 1305 397 dinis
1331 365 1561 407 Cistereierisis,
1583 367 1677 409 quod,
1700 376 1770 399 euin
1789 365 1821 398 in
1841 364 1955 398 ultimo

1222 417 1363 460 capitulo
1388 419 1530 460 generali
1557 419 1660 452 dictae
1689 416 1955 461 Congregationis

1223 468 1273 499 diev
1294 479 1324 502 vi
1349 469 1421 501 maii
1447 471 1584 513 proximi
1611 476 1642 503 et
1673 470 1840 513 sequentis
1871 470 1955 501 eele-

1222 521 1324 559 bmto,
1350 527 1413 554 tam
1439 528 1566 555 nostrae
1586 523 1636 556 die
1652 534 1704 556 xiv
1731 521 1883 555 februarii
1903 521 1954 554 iti-

1222 572 1294 605 dem
1313 574 1457 616 proxime
1476 575 1658 617 praeteriti„
1670 586 1765 618 quam
1784 574 1885 607 felicis
1903 583 1954 605 re-

1221 626 1415 659 cordationis
1440 627 1612 660 Clementis
1638 628 1696 660 PP.
1712 628 1751 660 IX
1767 628 1954 670 praedeces-

1220 678 1301 710 sori:
1316 679 1416 711 nostri
1432 678 1462 710 in
1477 678 1572 711 simili
1588 680 1688 712 forma
1698 679 1951 718 Brevislitterae‚

1222 729 1258 761 de
1291 731 1523 763 nonnullorum
1556 731 1788 764 venerabilium
1820 731 1952 763 Fratrum

1220 788 1402 815 nostrorum
1424 783 1454 815 S.
1479 783 1515 816 R.
1536 784 1570 816 E.
1592 784 1801 816 cardinalium
1824 789 1855 815 et
1872 783 1952 815 dile-

1220 839 1343 868 ctorum
1368 835 1506 868 filiorum
1536 836 1699 869 Romanae
1725 836 1835 869 Curiae
1859 845 1952 878 prae-

1219 888 1354 920 latorum
1372 899 1468 931 snper
1483 889 1713 921 reformatione
1731 889 1806 921 dicti
1824 887 1950 920 Ordinis

1220 940 1445 983 deputatorum
1480 942 1530 973 die
1558 951 1596 974 xv
1629 941 1768 974 octobris
1788 939 1951 974 MDCLX1X¹

1219 993 1395 1035 respective
1417 995 1455 1026 ad
1476 995 1711 1027 restituendam
1733 994 1951 1036 tuendamque

1219 1045 1250 1078 in
1269 1047 1378 1079 eadem
1403 1047 1662 1090 Congregafione
1680 1047 1853 1090 religiosae
1869 1051 1952 1078 tran-

1219 1098 1385 1141 quillitatis
1425 1101 1630 1133 serenitatem
1669 1106 1853 1139 emanatae‚
1879 1110 1951 1131 cum

1219 1151 1304 1183 omni
1330 1152 1510 1184 reverentia
1533 1157 1714 1195 acceptatae
1747 1157 1778 1185 et
1805 1151 1950 1184 unanimi

1219 1214 1376 1236 consensu
1393 1205 1572 1237 executioni
1592 1206 1800 1238 demandatae
1822 1205 1951 1244 suerint,

1219 1256 1328 1288 dilecti
1355 1258 1476 1299 pariter
1501 1257 1557 1289 silii
1583 1258 1743 1300 generalis
1760 1258 1953 1290 reformator

1219 1314 1250 1341 et
1281 1308 1468 1342 definitores
1499 1310 1601 1343 dictae
1629 1309 1894 1353 Congregationis
1920 1310 1952 1342 in

1219 1361 1333 1394 eodem
1348 1362 1489 1405 capitulo
1508 1363 1694 1405 congregati
1720 1363 1812 1396 nobis
1833 1363 1954 1406 suppli-

1219 1415 1355 1446 candum
1380 1425 1449 1447 esse
1475 1420 1681 1455 eensuerunt,
1705 1420 1741 1447 ut
1765 1416 1952 1448 earumdem

1219 1466 1397 1499 litterarum
1423 1468 1662 1500 observantiam
1683 1468 1848 1501 nonnullis
1868 1469 1953 1501 salu-

1219 1519 1330 1551 bi'ibus
1356 1520 1484 1552 statutis
1520 1521 1645 1553 munire
1678 1526 1774 1564 atque
1807 1521 1951 1554 stabilire

1218 1572 1386 1604 vellemus.
1406 1572 1509 1610 Quare
1528 1573 1630 1605 dictus
1647 1573 1817 1616 Dionysius
1841 1583 1954 1616 procu·

1220 1629 1306 1656 rator
1322 1625 1492 1667 generalis,
1510 1625 1669 1667 generalis
1686 1625 1904 1658 resoi‘matoris
1923 1631 1953 1658 et

1221 1676 1428 1709 definitorum
1444 1678 1682 1720 praedictorum
1700 1678 1840 1717 nomine,
1858 1678 1952 1710 nobis

1220 1729 1387 1762 humiliter
1404 1730 1577 1773 supplicari
1596 1730 1670 1763 fecit
1687 1736 1722 1763 ut
1745 1731 1776 1762 in
1797 1730 1955 1774 praemis-

1220 1782 1261 1814 sis
1279 1788 1462 1825 opportune
1488 1783 1661 1826 providere
1688 1789 1718 1816 et
1742 1789 1777 1815 ut
1800 1783 1882 1816 inl'ra
1907 1783 1955 1815 in-

1221 1836 1353 1877 dulgere
1373 1836 1412 1868 de
1428 1836 1626 1878 benignitate
1652 1838 1828 1879 apostolica
1844 1836 1955 1879 digna-

1220 1899 1339 1921 remur.

1265 1943 1278 1984 ξ
1299 1941 1329 1974 2.
1362 1941 1425 1974 Nos
1449 1942 1557 1984 igitur,
1578 1943 1766 1975 eorumdem
1791 1943 1954 1985 generalis

1222 1995 1439 2027 reformatoris
1464 2005 1499 2027 ae
1525 1995 1732 2028 definitorum
1758 2001 1788 2028 et
1813 1996 1954 2039 Dionysii

1221 2047 1441 2091 procuratoris
1474 2048 1634 2089 generalis
1658 2048 1740 2080 votis
1767 2049 1826 2081 hac
1846 2049 1878 2080 in
1904 2059 1954 2087 re,

1222 2106 1374 2143 quantum
1394 2111 1463 2132 cuin
1484 2100 1620 2132 Domino
1638 2111 1823 2143 possumus,
1841 2101 1959 2134 favora-

1198 2169 1200 2195 i
1222 2153 1330 2186 bilitei·
1355 2164 1495 2185 annuere
1520 2154 1674 2191 volentes,
1701 2158 1733 2185 et
1757 2164 1871 2186 eorum
1896 2154 1959 2186 sin-

1224 2208 1348 2248 gulares
1366 2216 1520 2249 personas
1539 2217 1555 2238 a
1581 2206 1747 2249 quibusvis
1776 2217 1958 2239 excommu-

1222 2259 1412 2298 nicationis,
1439 2258 1660 2301 suspensionis
1696 2265 1728 2291 et
1767 2260 1954 2299 interdicti,

1222 2312 1355 2355 aliisque
1371 2311 1597 2343 ecelesiasticis
1620 2312 1956 2351 sententiis,censiii·is

1198 2375 1201 2413 ζ
1223 2370 1254 2397 et
1277 2364 1402 2407 poenis,
1429 2375 1445 2396 a
1470 2364 1537 2396 iure
1562 2365 1611 2396 vel
1627 2364 1666 2395 ab
1683 2364 1825 2404 homine,
1847 2365 1957 2407 quavis

1199 2416 1201 2420 ’
1224 2417 1395 2450 occasione
1420 2417 1469 2448 vel
1489 2419 1584 2448 caiisa
1602 2417 1683 2456 latis,
1704 2417 1728 2449 si
1747 2417 1860 2460 quibus
1879 2428 1958 2461 quo-

914 2508 918 2511 ,
1200 2470 1401 2511 gniodolibet
1424 2470 1595 2502 innodatae
1630 2469 1784 2510 existunt,
1819 2471 1855 2503 ad
1887 2470 1960 2503 effe-

485 2511 492 2535 1
525 2508 575 2535 Pro
605 2508 827 2535 Cistercieiisium
857 2507 963 2534 Ordinis
991 2507 1201 2535 reformatione

446 2554 538 2581 Const.
555 2553 637 2580 edidit
652 2553 804 2579 Alexander
816 2552 870 2586 Vll,
884 2553 915 2579 In
928 2561 1062 2586 suprema
1073 2554 1104 2587 (t.
1116 2560 1178 2585 xvii,
1201 2553 1202 2559 ¹
1488 2586 1491 2587 ⁷
1519 2575 1524 2580 .
1602 2586 1605 2587 ⁷
1884 2575 1891 2581 .

1200 2586 1202 2598 t
1224 2578 1307 2615 duni,
1324 2576 1437 2607 liariiiii
1464 2585 1546 2607 serie
1573 2576 1776 2607 absolventes
1801 2582 1832 2607 et
1864 2585 1958 2608 anso-

1223 2533 1309 2556 ctuiii
1343 2522 1562 2565 praesentium
1599 2528 1723 2554 tantum
1759 2533 1959 2566 consequen-

1261 2639 1269 2665 1
1294 2637 1359 2664 Male
1375 2638 1440 2664 edii.
1457 2636 1534 2663 Maia.
1552 2636 1612 2670 legii
1633 2637 1701 2663 1699
1717 2643 1752 2670 tii.
1766 2637 1815 2671 ¹12).

1971 263 2017 289 Αη.
2032 263 2061 290 C.
2085 263 2148 290 1671

1969 1976 1971 1979 ι
2001 1949 2099 1978 Derlarzil
2128 1951 2150 1969 ut.

1968 1982 1988 1996 in
2004 1978 2096 1996 rubrica.
