2279 3260
133 239 184 266 Λη.
202 237 230 266 C.
255 238 322 266 1676

954 241 1096 265 CLEMENS
1119 243 1136 265 X
1161 243 1208 266 1³1⁷.

325 288 357 321 in
383 287 484 321 choro
510 298 573 321 non
600 289 663 321 sint
699 289 812 321 saltem
839 298 890 320 sex
918 289 1061 331 religiosi

326 341 380 383 qui
406 351 523 374 canere
547 341 695 384 possiut;
723 341 820 373 missa
844 352 919 373 ver«)
942 347 972 373 et
989 342 1062 381 alia,

326 404 405 437 quae
430 393 557 426 ratione
584 393 760 426 dotationis
787 398 819 425 et
836 395 1062 437 ela'wmosynae

326 451 433 479 essent
471 446 633 485 canenda,
675 457 746 478 cum
786 446 1003 489 paucioribus,
1032 452 1064 479 et

326 498 451 531 etiamsi
468 498 532 531 sint
546 499 770 532 solemnitates
790 501 973 540 translatae,
991 500 1062 532 cani

326 551 457 584 debent.

369 614 410 637 lx.
437 604 566 645 Totum,
595 605 679 648 quod
706 605 738 637 in
765 605 872 638 officio
899 605 1006 638 divino
1033 609 1064 637 et.

325 657 423 690 missa
440 662 595 698 cantatur,
611 658 651 690 sitv
667 658 700 690 in
719 664 795 691 tono
811 659 917 701 plano,
936 658 1061 701 aequali

325 710 412 753 gravi
438 716 469 743 et
493 711 619 751 devoto,
646 711 768 755 absque
794 712 1015 744 modulatione
1032 716 1063 743 ct

327 764 506 804 harmonia,
521 765 579 797 sub
605 766 711 808 poena
728 766 841 807 culpae
864 764 967 806 gravis
986 774 1063 796 con-

326 817 532 858 travenienti,
560 822 591 850 et
621 817 844 860 suspensionis
878 817 917 849 ab
955 815 1062 849 officio

325 870 484 913 superiori
511 870 725 913 permittenti.
762 870 848 907 Quae
874 874 981 901 iuitem
1014 879 1064 902 rc-

325 922 475 962 citantur,
489 933 560 955 cum
579 922 753 955 devotione
773 923 919 955 dicantur
938 927 969 954 et
985 932 1063 964 pau-

325 975 450 1008 satione
476 975 671 1018 competenti
696 985 756 1017 pro
781 974 976 1006 insumendo
994 984 1062 1016 spa-

326 1028 371 1061 tio
388 1028 544 1071 temporis
564 1028 745 1070 designato.

368 1092 397 1114 x.
424 1081 569 1113 Officium
595 1091 729 1123 parvum
764 1080 797 1111 n.
826 1079 964 1122 Virginis
999 1079 1061 1111 Ma-

324 1135 391 1167 riae
416 1134 448 1166 in
480 1133 630 1166 omnibus
662 1132 875 1165 conventibus
909 1132 1061 1165 recitetur

325 1187 436 1220 diebus
460 1186 493 1218 in
512 1186 675 1218 breviario
701 1185 880 1228 assignatis,
897 1191 928 1218 et
952 1196 1062 1228 quam-

325 1241 371 1273 vis
395 1250 459 1273 non
485 1241 572 1272 tanta
596 1239 784 1282 pausatione
810 1240 931 1282 quanta
946 1239 1059 1279 maius,

325 1303 389 1326 non
409 1297 516 1324 tamen
534 1291 649 1324 minori
668 1291 853 1324 devotione.

368 1356 411 1378 XI.
438 1345 566 1377 Fratres
592 1344 663 1377 laici
695 1344 845 1377 assistant
875 1343 990 1381 officiis
1015 1344 1062 1376 (li-

324 1398 407 1430 vinis
431 1397 518 1429 iuxta
541 1397 736 1440 prudentem
762 1397 940 1440 superioris
958 1397 1063 1440 dispo·

326 1451 490 1491 sitionem,
518 1455 639 1483 attento
665 1450 921 1493 uniuscuiusque
948 1451 1061 1483 labore

333 1509 354 1526 ¹·
382 1503 606 1546 occupatione,
626 1507 658 1535 et
677 1503 749 1535 loco
768 1502 862 1535 officii
880 1502 978 1535 divini
998 1503 1063 1535 sin-

326 1556 392 1600 guli
417 1556 554 1589 recitent
572 1555 787 1599 quinquagies
813 1555 994 1588 orationem
1011 1556 1062 1588 do-

325 1609 475 1643 minicam
511 1614 542 1642 et
574 1609 709 1641 totidem
744 1609 868 1641 vicibus
897 1609 1063 1641 salutatio-

326 1673 401 1695 nem
425 1661 625 1705 angelicam;
662 1671 781 1704 nempe
817 1672 877 1704 pro
903 1662 1061 1694 matutino

326 1715 525 1758 quindecies,
552 1725 613 1758 pro
646 1714 793 1747 laudibus
826 1714 1005 1757 quinquies,
1032 1721 1064 1747 et

326 1779 386 1812 pro
416 1770 609 1811 unaquaque
643 1768 706 1800 alia
737 1767 817 1800 hora
843 1767 939 1800 etiam
970 1767 1063 1811 quin-

328 1821 432 1864 quies.

369 1883 424 1906 xn.
453 1872 646 1915 Religiosus,
672 1872 724 1915 qui
750 1872 907 1905 matutino
925 1873 1065 1905 abfuerit

326 1926 397 1959 sine
422 1926 564 1966 licentia,
588 1930 736 1958 vescatur
760 1925 791 1957 in
818 1927 904 1958 terra
928 1926 996 1959 sine
1014 1937 1065 1959 ca-

326 1980 417 2025 putio
441 1979 472 2012 id
490 1979 574 2022 quod
600 1979 717 2012 ceteris
741 1979 953 2019 ministratur,
971 1991 1065 2023 prac-

328 2039 377 2067 ter
402 2032 525 2077 piscem
550 2032 598 2064 vel
617 2033 702 2076 quod
733 2032 766 2064 in
783 2032 851 2064 eius
877 2033 949 2065 loco
975 2043 1065 2076 prae-

328 2091 451 2119 statur:
477 2085 501 2117 si
525 2095 601 2118 vero
628 2085 719 2117 alteri
745 2085 935 2128 cuicumque
966 2086 1064 2118 borae

329 2139 502 2172 canonicae
520 2149 586 2172 non
603 2138 751 2179 astiterit,
769 2138 904 2171 arbitrio
922 2139 1064 2182 superio-

328 2192 374 2225 ris
397 2192 563 2235 puniatur.

373 2254 441 2278 xm.
479 2244 636 2287 Tempore
669 2245 854 2278 divinorum
886 2245 1065 2278 officiorum

331 2298 438 2331 nullus
462 2296 530 2330 sine
554 2298 679 2340 urgenti
704 2297 899 2341 {necessitate
924 2298 1064 2341 praesidi

331 2350 549 2395 exprimenda,
588 2355 619 2383 et
652 2361 723 2384 curn
759 2352 846 2384 illius
873 2351 1014 2392 licentia,
1049 2363 1066 2385 a

331 2404 432 2437 choro
458 2407 557 2444 exeat,
583 2403 645 2435 nisi
671 2403 709 2436 ad
726 2414 795 2437 rem
819 2404 880 2447 ipsi
906 2405 1008 2437 choro
1035 2410 1067 2438 et

332 2456 437 2490 officio
462 2455 694 2499 pertinentem,
712 2457 892 2499 eademque
916 2467 1010 2490 causa
1035 2463 1067 2491 et

331 2508 463 2542 licentia
475 2508 649 2551 praecedat
663 2509 933 2553 quotiescumque
947 2511 1064 2553 aliquis

332 2562 505 2606 religiosus
531 2572 549 2594 a
573 2562 717 2605 quolibet
741 2567 813 2596 actu
838 2564 1000 2597 communi
1033 2575 1065 2597 e-

332 2626 501 2660 gressurus
519 2615 624 2648 suerit.

405 2678 483 2706 Ball.
499 2678 582 2705 Rom.
596 2693 627 2697 -—
646 2677 707 2704 Vol.
726 2677 832 2706 XVIII.
994 2679 1027 2706 79

1150 301 1170 323 1.
1198 290 1315 322 Omnes
1350 292 1449 323 nestri
1488 293 1671 323 sacerdotes
1707 292 1841 330 sinentis·

1106 344 1220 375 diebus
1258 354 1381 376 sacrum
1418 345 1544 379 saciant,
1584 345 1725 387 exceptis
1766 339 1863 376 texisti

1105 396 1225 438 quint-³1,
1252 398 1348 435 sexta,
1375 401 1407 427 et.
1433 397 1567 429 sabbato
1605 397 1735 429 maioris
1762 397 1841 428 lueb-

1105 449 1270 489 ‹lomadae,
1296 454 1327 481 ct
1351 450 1481 492 quando
1507 449 1633 491 urgenti
1667 451 1759 481 rausa
1785 449 1843 480 itu-

1105 501 1208 544 pcditi
1235 502 1370 542 suerint;
1398 502 1430 534 in
1457 502 1519 535 hoc
1545 507 1651 534 tamen
1670 512 1744 533 casu
1771 513 1841 533 eum

1105 554 1233 587 lieentia
1260 554 1409 588 omittant
1433 554 1626 598 superioris;
1655 554 1708 597 qui
1735 559 1840 587 tamen

1105 608 1228 650 absque
1254 607 1321 641 istis
1346 608 1595 641 circumstantiis
1621 618 1688 640 rem
1718 618 1841 640 sacram

1107 660 1211 693 facere
1237 661 1395 701 omiserit,
1435 672 1519 705 pane
1547 666 1667 693 tantum
1694 665 1726 693 et
1760 662 1842 703 aquil

1105 715 1168 746 unzi
1189 715 1240 747 die
1257 720 1415 747 vescatur.

1149 776 1184 799 11.
1201 767 1393 800 Sacrificium
1411 768 1704 811 fnissae‘peragere
1722 767 1843 799 debent

1106 818 1137 850 in
1163 820 1306 861 propriis
1339 821 1564 859 conventibus,
1596 820 1656 852 nisi
1690 820 1842 863 superior

1105 872 1233 913 urgenti
1259 874 1355 904 causa
1382 878 1413 904 et
1438 883 1510 905 raro
1542 873 1704 905 licentiam
1727 882 1842 905 conce-

1106 923 1159 956 dat
1182 928 1216 956 ut
1247 925 1425 957 nonnullus
1463 930 1551 958 extra
1586 924 1754 968 propriam
1791 934 1842 957 ec-

1104 976 1234 1009 clesiam
1261 977 1429 1010 sacrificet.

1149 1039 1195 1062 111.
1233 1029 1323 1062 Feria
1359 1030 1472 1073 quinta
1508 1030 1540 1062 in
1572 1030 1678 1063 Coena
1715 1030 1840 1063 Domini

1103 1091 1217 1114 omnes
1242 1081 1385 1124 religiosi
1410 1082 1568 1125 recipiant
1603 1088 1842 1115 sacrosanctam

1104 1134 1340 1168 Eucharistiam
1359 1135 1397 1167 de
1422 1145 1519 1167 manu
1545 1135 1592 1167 sui
1610 1135 1765 1178 praelati3
1785 1134 1840 1177 qui

1104 1187 1290 1220 sacerdotes
1321 1198 1386 1220 non
1411 1192 1503 1227 sunt,
1534 1188 1666 1220 caelesti
1698 1198 1731 1220 se
1757 1197 1840 1230 pane

1105 1239 1251 1273 reficiant
1274 1240 1424 1273 omnibus
1458 1240 1629 1274 dominicis
1662 1240 1778 1273 diebus
1810 1244 1842 1272 et

1104 1292 1193 1326 seriis
1219 1293 1339 1337 quintis
1364 1294 1462 1326 totius
1481 1293 1575 1334 anni·‚
1602 1298 1713 1336 potest
1735 1298 1841 1325 tamen

1104 1345 1224 1378 functio
1249 1345 1311 1378 ista
1330 1345 1484 1388 anteponi
1520 1346 1571 1378 vel
1596 1345 1748 1388 postponi
1770 1356 1844 1388 pro-

1103 1404 1176 1442 pter
1200 1399 1330 1442 aliquod
1355 1400 1501 1432 solemne
1528 1399 1656 1431 festum.
1679 1398 1843 1441 Praecipi-

1105 1463 1175 1485 mus
1200 1453 1335 1495 insuper
1358 1452 1532 1495 praedictis
1563 1451 1711 1484 omnibus
1737 1451 1843 1483 fratri-

1104 1505 1163 1537 bus
1177 1515 1243 1538 non
1263 1505 1487 1538 sacerdotibus
1504 1504 1590 1547 quod
1605 1503 1748 1547 quotidie
1766 1503 1843 1535 mis-

1105 1569 1158 1591 sac
1176 1557 1332 1591 sacrificio
1353 1557 1513 1597 intersint,
1531 1557 1588 1590 sub
1606 1559 1711 1600 poena
1729 1556 1841 1589 ieiunii

1104 1611 1137 1643 in
1155 1621 1238 1654 pane
1260 1615 1384 1643 tantum
1401 1616 1432 1643 et
1450 1612 1543 1653 aqua.

1149 1674 1191 1697 iv.
1215 1664 1365 1706 Magister
1399 1663 1597 1697 novitiorum
1630 1669 1661 1696 et
1691 1667 1843 1695 recenter

1106 1717 1328 1760 professorum
1352 1717 1384 1749 in
1411 1717 1525 1749 diebus
1552 1716 1672 1749 seriatis
1690 1726 1780 1749 sacra
1804 1716 1843 1748 fa-

1106 1770 1192 1802 ciant
1215 1769 1248 1802 in
1273 1769 1429 1809 ecclesi-:u
1456 1769 1488 1801 in
1522 1769 1591 1802 aliis
1622 1779 1700 1801 vero
1726 1769 1841 1801 diebus

1106 1822 1139 1855 in
1157 1822 1299 1855 oratorio
1317 1833 1374 1855 suo
1393 1823 1562 1855 celebrare
1583 1826 1752 1865 poterunt.

1150 1886 1180 1908 v.
1207 1875 1393 1914 Societatcs‚
1420 1874 1699 1917 congregationes,
1718 1874 1844 1907 confra-

1107 1928 1274 1961 ternitates
1291 1928 1519 1966 saecularium,
1532 1928 1654 1970 absque
1669 1926 1843 1959 definitorii

1107 1979 1246 2021 licentia,
1274 1991 1314 2013 ne
1340 1980 1550 2013 admittantur
1573 1980 1605 2012 in
1631 1979 1750 2012 nostris
1769 1990 1844 2012 con-

1106 2034 1253 2066 ventibus
1277 2039 1309 2066 et
1333 2033 1494 2076 collegiis3
1521 2033 1576 2076 qui
1603 2043 1697 2065 secus
1723 2034 1843 2072 fecerit,

1107 2088 1144 2119 ad
1171 2087 1340 2119 arbitrium
1366 2086 1441 2119 dicti
1475 2086 1651 2119 definitorii
1676 2086 1841 2128 puniatur.

1880 305 1888 328 33
1901 306 1918 324 2.
1933 305 1959 323 Ινν
1971 311 1981 323 11

1867 333 1873 349 t
1891 338 1948 350 11111111
1959 337 1992 348 unt
2011 337 2035 349 u)

1864 358 1950 381 *digium

1965 363 2023 381 [111.Ι

1741 235 1805 267 095
1851 244 1899 270 Λη.
1921 243 1948 269 c.
1969 243 2034 270 «8763

1985 305 2033 323 tl--t

1151 2150 1173 2173 1.
1199 2139 1311 2172 Nullus
1336 2139 1508 2182 religiosus
1540 2139 1677 2182 recipiat
1701 2140 1844 2172 elecmo-
1882 2148 1927 2174 53.
1943 2148 2039 2169 Dim-100-

1855 2181 1941 2201 mosyna
1964 2181 2040 2195 nussa-

1107 2203 1218 2237 synam
1239 2194 1423 2231 missarum,
1447 2192 1508 2225 nisi
1535 2197 1658 2224 tantum
1686 2203 1746 2235 pro
1784 2203 1907 2225 suorum.

1107 2250 1287 2286 conventw,
1313 2246 1399 2289 quod
1424 2246 1451 2277 si
1476 2245 1632 2278 itinerans
1658 2256 1718 2288 pro
1743 2251 1845 2278 muta-

1107 2299 1197 2331 tione
1209 2298 1491 2331 conventualitatis
1509 2299 1651 2341 aliquam
1672 2299 1845 2342 acceperit,

1107 2362 1165 2395 pro
1189 2352 1247 2384 illo
1272 2351 1314 2384 sit
1349 2356 1510 2384 conventu
1544 2351 1577 2383 in
1614 2361 1711 2394 quem
1742 2351 1846 2385 tendit

1108 2405 1331 2438 conventualis
1354 2404 1491 2436 futurus.

1151 2468 1186 2491 11.
1213 2457 1274 2491 Pro
1299 2459 1362 2490 una
1386 2457 1489 2495 missa,
1525 2457 1583 2490 etsi
1617 2459 1750 2497 cantata,
1775 2457 1847 2489 uni-

1108 2521 1179 2544 cum
1193 2511 1358 2543 dumtaxat
1370 2510 1567 2552 stipendium
1585 2510 1772 2552 accipiatur,
1787 2510 1845 2542 sub

1107 2566 1214 2607 poena
1238 2562 1466 2606 suspensionis
1500 2563 1539 2595 ab
1565 2563 1672 2595 officio
1697 2572 1755 2605 per
1780 2567 1845 2595 tres

1109 2626 1237 2650 menses
1263 2614 1409 2660 praelato
1434 2614 1703 2649 contravenienti.
