2279 3260
183 235 231 259 aa.
251 232 278 259 c.
305 232 369 259 ωτι
416 223 479 257 500

374 282 487 314 cialem
513 281 669 314 maiorem
703 286 734 314 et
760 280 898 313 iudicem
923 276 1111 320 metrepoli-

376 341 482 367 tanum
497 334 737 378 praedictarum
755 333 891 366 civitatis
909 337 939 365 et
953 328 1111 364 dioecesis

375 399 410 421 ac
435 387 617 431 provinciae
634 387 962 429 Caesaraugustanae‚
985 391 1111 415 necnon

377 441 542 473 doctorem
566 440 725 483 Ignatiuni
750 439 860 481 Cipres
885 438 917 470 in
943 435 1113 469 officialem

378 505 546 526 causarum
566 493 690 537 piarum
709 498 741 525 et
758 492 894 525 iudicem
916 489 1113 523 decimarum

379 553 409 579 et
434 547 662 590 primitiarum,
691 546 828 577 durante
861 542 947 575 sedis
982 539 1110 573 archie-

378 600 553 643 piscopalis
586 599 902 640 Caesarzmgustanae
938 593 1113 631 vacatione,

379 653 524 695 aliosque
544 652 650 684 forsan
669 650 823 683 officiales
844 649 883 681 ad
902 645 1114 681 exercendam

379 704 633 737 iurisdictionem
648 701 898 736 ecclesiasticam
917 705 948 733 ct
966 698 1117 742 spiritua-

379 759 441 791 lem
467 755 649 789 huiusmodi
688 754 857 787 nominare
897 758 929 785 et
961 752 1117 795 deputare

380 810 550 844 temerario
576 808 826 851 detestabilique
852 816 927 840 ausu
957 814 1117 848 praesum-

378 868 522 907 pserunt,
548 868 579 895 et
603 861 681 894 alias
709 865 806 904 prout
831 860 863 892 in
889 859 1031 902 ipsarum
1065 867 1119 888 cu-

380 916 446 949 riae
472 917 522 949 vel
556 914 665 957 regiae
699 913 906 953 audientiae,
943 919 1118 952 earumque

380 969 559 1012 respective
592 967 815 1000 ministrorum
840 965 955 999 litteris
981 964 1120 1006 desuper

381 1021 548 1061 emanatis,
575 1031 709 1063 quarum
735 1025 883 1059 tenores,
910 1028 977 1051 non
1002 1025 1120 1060 appro-

381 1075 487 1115 bandi,
514 1074 572 1107 sed
596 1073 727 1107 omnino
765 1071 964 1115 reprobandi
1003 1069 1120 1107 animo,

381 1127 608 1171 praesentibus
645 1136 703 1169 pro
738 1125 835 1168 plene
868 1129 900 1157 et
925 1121 1121 1156 sufficienter

382 1179 543 1224 expressis
562 1185 594 1212 et
610 1178 738 1212 insertis
757 1177 871 1210 haberi
885 1178 1040 1215 volumus,
1058 1175 1122 1217 ple-

383 1234 454 1267 nius
480 1233 596 1266 dicitur
620 1231 793 1265 contineri.
831 1231 868 1263 Et
897 1229 1034 1262 subinde
1069 1227 1123 1260 Mi-

384 1288 476 1321 chael
502 1291 532 1320 et
556 1286 721 1329 Iosephus,
748 1296 785 1318 ac
809 1283 965 1327 Ignatius,
1002 1281 1121 1324 aliique

384 1342 491 1374 forsan
516 1340 647 1373 nulliter
672 1344 704 1372 et
729 1338 767 1372 de
793 1338 876 1371 sacto
908 1333 1067 1369 nominati
1093 1339 1124 1366 et

385 1392 530 1437 deputati
555 1392 721 1436 praedicti,
739 1395 909 1434 praetextu
934 1386 1124 1421 nominatio-

386 1447 435 1480 nis
459 1451 491 1480 et
515 1445 733 1489 deputationis
761 1442 956 1482 huiusmodi,
979 1440 1124 1474 eamdem

386 1498 645 1532 iurisdictionem
675 1495 928 1530 eeclesiasticam
964 1499 997 1527 et
1036 1492 1126 1536 spiri-

387 1555 506 1586 tualem
532 1553 687 1585 hactenus
713 1560 863 1583 exercere
900 1546 1127 1581 damnabiliter

388 1606 454 1639 ausi
479 1610 556 1638 sunt
581 1610 612 1637 et
637 1604 756 1636 audent
777 1603 816 1635 de
837 1600 1014 1645 praesenti.

216 1670 378 1693 mmmmm-
434 1660 448 1702 g
469 1658 500 1691 02.
519 1657 596 1691 Cum
620 1662 728 1690 autem
754 1654 911 1688 eiusmodi
937 1652 1128 1687 execrabilis

195 1698 423 1745 {2233'¹..⁴.?01¹.{E'?2.2¹1³11et
446 1722 504 1755 per
541 1721 649 1743 sacros
683 1719 825 1742 canones
863 1714 895 1741 et
919 1706 1129 1741 conciliorum

197 1758 242 1770 cam
259 1751 323 1771 tanda
335 1766 339 1771 .
360 1753 380 1769 et

198 1777 289 1806 mimi„
301 1783 380 1805 imma>
393 1763 591 1808 generalium
609 1763 739 1795 decreta
769 1761 1034 1804 apostolicasque
1058 1769 1130 1792 san-

199 1808 518 1855 2552s.0513‘'¹53¹0¹³ffiottones
536 1816 594 1849 sub
619 1815 825 1848 anathemate
844 1813 976 1857 saepius
993 1813 1127 1847 damna-

199 1858 235 1876 ω’
395 1877 425 1904 ta
439 1876 534 1913 atque
555 1868 744 1902 scandalosa
761 1867 926 1900 temeritas
947 1866 1130 1899 libertatem

394 1922 644 1957 ecclesiasticam
668 1921 724 1954 Dei
750 1921 956 1954 ordinatione
987 1924 1019 1952 et
1039 1929 1132 1952 cano-

392 1977 472 2009 nicis
497 1974 716 2009 sanctionibus
734 1974 943 2007 constitutam
960 1972 1130 2006 manifeste

392 2029 523 2063 laeserit
547 2033 579 2061 et
602 2027 778 2066 violaverit,
793 2038 829 2059 ac
850 2026 957 2059 laedat
973 2031 1005 2059 et
1023 2025 1130 2065 violet,

393 2083 581 2124 animasque
600 2080 745 2124 pretioso
763 2079 938 2113 Salvatoris
956 2084 988 2112 et
1004 2079 1130 2112 Domini

394 2135 494 2169 nostri
526 2134 598 2167 Iesu
622 2132 739 2166 Christi
764 2132 919 2176 sanguine
945 2133 1131 2175 redemptas

395 2189 427 2221 in
448 2187 634 2231 gravissima
659 2186 802 2230 pericula
822 2186 1010 2226 coniecerit,
1027 2191 1058 2218 et
1078 2185 1133 2218 de-

396 2241 564 2285 plorandis
588 2239 678 2273 malis
704 2239 871 2272 involvere
896 2245 1035 2282 pergat:

204 2303 388 2352 [tsi-imeisssxfllecqgss
443 2296 457 2338 ξ
475 2295 494 2327 P,
526 2294 605 2327 ilinc
624 2298 673 2326 est
702 2293 789 2336 quod
807 2304 878 2333 nos,
901 2292 955 2336 qui
972 2292 1132 2326 libertatis

204 2346 248 2393 ἦῖιιιι
283 2355 431 2386 ministro-et
467 2346 673 2380 immunitatis
711 2358 745 2379 ac
780 2345 1014 2378 iurisdictionis
1053 2346 1134 2379 alio-

205 2391 260 2407 iuui,
275 2388 387 2409 omniaque

205 2413 388 2461 alffuafflffggffi:
398 2412 532 2443 remque
551 2399 668 2432 {arium
685 2398 980 2432 ecclesiasticorum
997 2404 1134 2432 asserto-

204 2465 263 2509 ffiyffd
279 2462 450 2509 t»{¹”1'.‘ii²v¹31“¹¹'⁶⁶
470 2455 498 2485 iu
521 2453 613 2485 terris
630 2464 646 2485 a
663 2452 801 2485 Domino
819 2451 985 2484 constituti
1009 2462 1132 2493 sumus,

399 2518 609 2551 manuumque
635 2505 845 2539 ecclesiarum
878 2511 910 2537 et
940 2505 1135 2538 christifide-

399 2562 477 2594 lium
513 2571 621 2592 euram
655 2565 686 2592 et
718 2558 972 2591 sollicitudinem
993 2561 1135 2601 superna

401 2612 611 2656 dispositione
648 2612 799 2655 gerimus,
837 2622 872 2643 ae
907 2611 1046 2654 proinde
1072 2616 1135 2643 tam

958 228 1136 255 BULLARIUM
1162 227 1311 252 Romanum

1155 275 1355 309 horrendum
1373 276 1548 309 saecularis
1568 274 1735 319 potestatis
1756 273 1892 306 abusum

1156 329 1341 361 nullatenus
1378 329 1436 361 sub
1474 329 1730 362 dissimulatione
1756 326 1892 360 transire

1155 392 1343 425 possumus,
1370 382 1524 415 ecclesiae
1550 381 1736 425 praedictae
1762 380 1893 413 Caesar-

1158 440 1355 476 augustanae
1381 434 1448 466 iura
1468 439 1571 467 sarcta
1598 439 1681 467 tecta
1711 438 1807 477 atque
1831 431 1893 465 illi-

1157 487 1230 519 bata
1248 486 1330 519 tueri
1353 492 1381 519 et
1401 497 1603 526 conservare,
1622 496 1749 519 necnon
1771 485 1893 518 anima—

1158 550 1227 571 rum
1263 539 1428 582 periculis,
1454 544 1608 582 quantum
1635 539 1728 572 nobis
1758 549 1793 572 ex
1827 538 1892 571 alto

1159 593 1370 633 conceditur,
1411 602 1584 625 occurrere
1631 591 1820 635 cupienteS,
1858 601 1894 624 ac

1160 645 1303 678 emnium
1318 650 1346 678 et
1362 645 1567 687 singulorum
1580 644 1612 676 in
1631 644 1816 687 praemissis
1833 650 1896 676 tam

1161 708 1176 729 a
1202 697 1290 730 curia
1315 697 1457 729 iustitiae
1475 694 1670 738 nuncupati⁴
1686 700 1718 728 et
1733 696 1822 738 regia
1842 706 1896 727 au-

1161 750 1290 790 dientia,
1325 760 1501 792 earumque
1536 748 1716 792 respective
1742 748 1898 781 ministris

1161 803 1346 846 praedictis,
1374 802 1510 845 aliisque
1536 801 1793 843 magistratibus,
1819 800 1899 833 iudi-

1161 856 1252 889 cibus
1278 862 1308 889 et
1332 855 1547 888 tribunalibus
1572 854 1662 888 laicis
1693 854 1900 898 quibuscum-

1162 920 1237 952 que,
1260 920 1354 953 quam
1376 920 1393 941 a
1411 908 1599 941 memoratis
1617 907 1774 941 Michaele
1800 917 1836 940 ac
1856 907 1901 940 le-

1155 962 1266 1006 -sepho
1287 966 1317 994 et
1341 961 1477 1004 ignatio,
1518 960 1657 1004 aliisque
1690 960 1799 993 forsan
1832 959 1902 1003 qui-

1162 1017 1362 1058 buscumque
1390 1014 1496 1048 laicali
1522 1013 1721 1054 auctoritate,
1747 1018 1782 1046 ut
1808 1023 1903 1056 prac-

1166 1069 1276 1108 fertur,
1294 1068 1469 1101 nominatis
1494 1072 1526 1100 et
1551 1068 1723 1110 deputatis,
1742 1078 1800 1100 seu
1821 1067 1902 1100 alios

1164 1119 1405 1165 quoscumque²
1428 1131 1540 1153 eorum
1566 1120 1744 1163 respective
1769 1120 1904 1153 nomine

1164 1174 1196 1206 in
1214 1174 1329 1206 iisdem
1348 1172 1536 1216 praemissis
1555 1172 1800 1216 quomodolibet
1821 1178 1906 1205 acto·

1165 1238 1235 1260 rum
1258 1232 1289 1259 et
1313 1231 1478 1268 gestorum
1503 1226 1633 1266 seriem,
1660 1236 1772 1258 causas
1798 1231 1830 1258 et
1853 1235 1906 1258 oc-

1166 1279 1326 1319 casiones,
1344 1278 1444 1311 aliave
1468 1278 1644 1321 quaelibet,
1663 1278 1759 1311 etiam
1779 1277 1906 1321 specifi-

1900 224 1947 251 An.
1964 222 1992 250 C.
2015 223 2081 249 157¹.

1167 1343 1237 1366 cam
1267 1337 1299 1364 et
1325 1330 1523 1363 individuam
1552 1330 1753 1363 mentionem
1794 1335 1826 1363 et
1854 1341 1907 1363 ex·
1936 1349 1941 1353 -

1168 1385 1375 1430 pressionem
1388 1383 1834 1427 requirentia,praesentibus
1853 1383 1908 1415 ibi-

1169 1438 1261 1471 de1n³
1286 1448 1344 1481 pro
1366 1437 1461 1481 plene
1480 1441 1513 1469 et
1529 1436 1727 1469 sufficienter
1744 1436 1907 1479 expressis

1169 1502 1205 1525 ac
1224 1490 1427 1524 exactissime
1452 1495 1484 1523 et
1509 1488 1749 1522 accuratissime
1773 1488 1905 1532 specifi-

1171 1544 1249 1578 catis
1268 1543 1436 1583 habentes,
1454 1547 1544 1575 motu
1560 1541 1694 1585 proprio
1714 1552 1751 1574 ac
1766 1552 1802 1574 ex
1820 1541 1910 1574 certa

1171 1597 1306 1630 scientia
1331 1601 1362 1628 et
1379 1597 1506 1628 matura
1524 1590 1761 1628 deliberatione
1778 1595 1909 1635 nostris,

1172 1650 1276 1693 deque
1293 1648 1490 1694 apostolicae
1507 1648 1679 1691 potestatis
1696 1647 1910 1691 plenitudine,

1172 1703 1427 1736 nominationem
1453 1706 1485 1735 et
1510 1701 1754 1745 deputationem
1785 1701 1913 1744 praedi-

1173 1762 1298 1790 ctorum
1315 1755 1481 1788 Michaelis
1500 1755 1618 1787 Martae
1635 1754 1754 1787 Gomez
1779 1759 1811 1787 et
1826 1754 1913 1787 Men-

1174 1811 1252 1843 doza
1277 1809 1309 1851 in
1334 1808 1489 1842 vicarium
1515 1807 1745 1851 capitularem,
1770 1817 1806 1839 ac
1829 1807 1913 1840 Iose-

1173 1863 1231 1907 phi
1256 1862 1383 1895 Peralta
1404 1861 1436 1893 in
1458 1861 1628 1894 officialem
1646 1860 1800 1893 maiorem
1818 1865 1849 1892 et
1864 1860 1913 1892 iu-

1174 1917 1278 1950 dicem
1307 1915 1607 1958 metropolitanum,
1634 1924 1762 1947 necnon
1795 1913 1912 1956 Ignatii

1174 1969 1285 2014 Cipres
1321 1969 1354 2001 in
1390 1967 1562 2002 officialem
1593 1976 1761 1999 causarum
1786 1966 1913 2009 piarum

1174 2029 1206 2057 et
1217 2023 1358 2056 iudicem
1371 2021 1569 2054 decimarum
1584 2025 1615 2052 et
1627 2019 1841 2063 primitiarum
1855 2019 1914 2051 hu-

1173 2068 1326 2117 iusmodi,
1352 2081 1384 2109 et
1408 2075 1544 2108 aliorum
1570 2083 1848 2116 quorumcumque
1873 2073 1913 2105 ad

1175 2129 1387 2165 exercendam
1422 2126 1682 2160 iurisdictionem
1718 2125 1914 2159 ecclesiasti-

1175 2195 1243 2218 cam
1268 2189 1298 2217 et
1323 2181 1524 2226 spiritualem
1556 2180 1694 2213 durante
1727 2179 1832 2213 dictae
1861 2189 1914 2212 ec-

1175 2237 1294 2271 clesiae
1329 2235 1646 2276 Caesaraugustanae
1681 2233 1858 2273 vacatione,
1895 2242 1914 2265 a

1176 2291 1264 2324 curia
1288 2294 1321 2322 et
1339 2288 1429 2331 regia
1453 2286 1626 2327 audientia,
1650 2296 1828 2330 earumque
1862 2296 1914 2319 re-

1176 2343 1317 2388 spective
1341 2339 1514 2381 ministris,
1541 2350 1599 2373 seu
1623 2339 1694 2373 aliis
1718 2339 1915 2382 magistrati-

1175 2399 1244 2438 bus,
1269 2395 1429 2429 iudicibus
1453 2399 1484 2427 et
1508 2393 1723 2427 tribunalibus
1746 2392 1913 2427 laicalibus

1213 2488 1224 2513 1
1246 2485 1295 2512 Vel
1310 2485 1369 2519 lege
1384 2484 1565 2518 nuncupate,
1581 2483 1624 2510 vel
1639 2486 1669 2509 ut
1682 2481 1710 2509 in
1724 2481 1836 2510 Constit.
1853 2489 1912 2517 seq.

1176 2540 1193 2558 α
1212 2530 1295 2558 eurici
1313 2529 1418 2556 indicis
1437 2527 1570 2555 iustitiae
1589 2527 1752 2562 nuncupati
1772 2527 1808 2561 (n.
1828 2526 1878 2560 T.)-

1212 2575 1228 2601 2
1246 2573 1343 2609 Aptius
1361 2573 1419 2607 lege
1439 2573 1507 2599 aliis
1522 2572 1746 2607 quibuscamque
1763 2573 1800 2606 (u.
1817 2571 1867 2606 T.)-

1213 2619 1229 2645 3
1250 2618 1341 2645 Potius
1361 2618 1417 2652 1⁰:43<v
1441 2618 1537 2644 [Iidem
1558 2619 1591 2652 [ti.
1607 2619 1657 2652 T.).
