2279 3260
182 241 232 271 An.
253 242 284 271 C.
303 245 372 273 1676

998 255 1140 280 CLEMENS
1164 259 1180 281 X
1205 259 1253 282 PP.

376 299 480 329 tamen
506 298 649 341 religiosi
668 301 711 332 uti
730 302 826 334 rebus
839 303 1031 335 necessariis
1052 304 1110 336 sibi

376 357 393 380 a
410 349 569 391 religione
602 352 709 385 medio
735 354 903 396 superiore
926 356 1111 398 impertitis,

375 410 452 443 quas
468 401 564 435 etiam
583 405 701 445 nullus,
721 407 866 448 quamvis
883 407 922 439 sit.
939 409 1110 450 praelatus,

376 458 465 486 extra
479 461 675 490 conventum
689 464 829 492 reservet
844 460 902 492 sub
918 461 1028 493 eadem
1042 472 1111 504 pro-

374 506 517 549 prietarii
542 512 660 551 poena.
688 510 778 548 Quod
803 512 828 544 si
855 513 969 556 aliquis
1002 514 1111 546 inven-

374 561 425 590 tus
443 559 539 592 suerit
557 561 676 595 habere
702 565 857 606 pecunias
877 565 946 598 sinc
966 566 1110 605 licentia,

375 611 498 646 etiamsi
519 614 590 647 illas
608 616 726 649 habeat
739 619 778 651 ad
796 620 969 652 emendum
987 619 1109 663 aliquid

375 664 436 697 sibi
462 668 682 709 commissum,
708 672 757 704 vel
782 671 820 703 ad
846 672 1027 704 faciendam
1050 673 1110 718 sali-

375 728 470 760 quam
498 721 744 762 restitutionem,
762 725 812 756 vel
830 734 888 767 per
908 724 1038 757 modum
1060 725 1110 757 de-

373 771 482 813 positi,
502 773 566 807 sive
592 775 653 808 alio
671 777 784 819 quovis
799 782 980 820 praetextu,
1003 779 1108 821 poena

375 824 461 865 gravi
487 825 656 861 afficiatur.

419 886 453 910 11.
480 877 622 916 Quilibet
644 882 816 924 religiosus
840 883 959 926 poterit
976 883 1008 915 in
1027 884 1108 916 cella

375 929 496 963 habere
521 942 664 965 mensam
697 944 845 977 parcam,
877 941 907 968 et
931 936 1107 969 scabellum

375 991 411 1014 ex
426 983 517 1025 pino,
534 995 570 1017 ac
584 985 758 1028 imaginem
776 987 924 1020 Crucissxi
943 993 975 1021 et
990 989 1105 1022 Beatae

374 1034 513 1077 Virginis
531 1036 647 1070 Mariae
670 1038 701 1070 in
719 1039 843 1082 pariete
862 1041 1031 1084 depictam,
1050 1051 1105 1074 seu

372 1085 404 1118 in
430 1098 560 1131 papyro,
581 1091 703 1134 absque
729 1096 834 1125 tamen
860 1094 966 1136 aliqua
990 1094 1107 1128 illumi-

371 1140 521 1181 natione;
540 1152 599 1175 nec
623 1154 713 1183 auro,
739 1150 884 1188 argento,
902 1147 1059 1190 bombyce
1076 1152 1107 1180 et

372 1191 530 1226 similibus
555 1196 670 1239 aliquis
695 1202 819 1237 utatur,
846 1200 970 1232 etiamsi
1003 1200 1043 1232 sit
1073 1200 1106 1232 in

371 1247 469 1287 parva
487 1248 665 1289 quantitate
684 1255 716 1282 et
735 1250 767 1283 in
785 1257 934 1285 ornatum
954 1253 1107 1296 reliquia-

372 1307 442 1330 rum
459 1299 524 1332 sive
546 1300 737 1345 imaginum,
760 1305 834 1337 dum
860 1311 976 1346 autem,
995 1317 1032 1339 ex
1058 1317 1107 1339 re-

371 1350 430 1383 bus
455 1351 516 1384 sibi
542 1354 580 1386 ad
606 1365 700 1388 usum
724 1358 896 1398 concessis,
911 1359 1017 1402 aliqua
1041 1370 1105 1392 non

371 1407 490 1444 utatur,
510 1415 580 1438 eam
595 1414 733 1450 reponat
749 1409 781 1441 in
795 1410 922 1443 officina
935 1413 1105 1453 communi,

372 1456 411 1487 ad
438 1467 532 1499 quam
564 1459 731 1501 pertinet,
764 1467 796 1494 et
827 1464 935 1496 nullus
964 1474 1105 1508 unquam

370 1512 479 1542 utatur
503 1512 608 1544 verbis
634 1513 723 1546 istis:
747 1525 864 1555 meum,
894 1520 996 1556 tumn,
1021 1522 1081 1550 etc.

416 1573 464 1596 111.
491 1563 603 1597 Omnia
628 1576 709 1608 quae
736 1572 767 1599 et
787 1579 993 1612 quocumque
1015 1570 1106 1604 titulo

371 1616 567 1649 obvenerint
590 1618 758 1661 religioso,
786 1621 850 1654 sive
875 1622 907 1654 in
932 1625 1106 1664 communi,

370 1667 435 1700 sive
448 1668 481 1700 in
494 1670 694 1712 particulari,
714 1673 881 1707 tradantur
894 1676 998 1708 statim
1014 1687 1106 1719 prae-

369 1721 453 1761 lato,
484 1727 519 1754 ut
544 1724 583 1756 de
609 1724 673 1757 illis
698 1726 850 1769 disponat
872 1733 1034 1772 tamquam
1066 1731 1104 1763 de
1130 1730 1132 1733 ’

369 1773 465 1808 honis
489 1778 632 1820 propriis
659 1781 904 1823 communitatis,
928 1788 959 1816 et
982 1783 1014 1816 in
1039 1785 1105 1817 offi-

369 1826 442 1859 cina
466 1831 629 1862 communi
655 1840 865 1874 reponantur.

412 1890 454 1913 1v.
482 1881 622 1915 Pecunia
647 1894 777 1928 semper
800 1887 841 1919 sit
864 1888 897 1920 in
922 1892 1002 1929 arca,
1022 1901 1102 1934 quae

368 1938 432 1966 tres
458 1934 576 1968 habeat
599 1937 765 1972 distinctas
790 1941 903 1981 claves,
922 1952 983 1975 nec
1007 1954 1103 1987 supe-

366 1986 435 2019 rior
458 1986 548 2020 illam
574 1988 708 2031 habere,
729 2001 788 2024 nec
812 1996 1011 2037 expendere,
1042 2007 1100 2029 nec

365 2038 529 2073 licentiam
554 2042 647 2074 alicui
681 2044 836 2087 religioso
872 2048 948 2081 dare
983 2051 1103 2092 poterit

366 2096 401 2123 ut
417 2092 505 2125 illam
523 2093 643 2128 habeat
659 2097 707 2129 vel
726 2099 896 2140 expendat,
915 2101 989 2143 quin
1010 2103 1099 2145 prius

365 2195 421 2228 illa
444 2203 551 2231 autem
581 2200 756 2242 educetur,
784 2208 818 2235 ut
843 2205 881 2236 ab
907 2206 1098 2241 officialibus

366 2256 541 2284 conventus
555 2255 755 2296 rependatur
765 2266 836 2289 cum
849 2262 1001 2302 expressa
1012 2272 1098 2304 prae-

363 2301 420 2335 lati
444 2302 585 2338 licentia.

407 2366 436 2388 v.
453 2355 566 2391 Nullus
580 2359 751 2402 religiosus
766 2363 884 2398 habeat
901 2367 1022 2401 clavem
1037 2371 1097 2403 cel-

361 2408 421 2449 lae,
443 2419 545 2451 arcae,
570 2415 728 2456 capsulae,
750 2418 800 2450 vel
826 2419 955 2453 alterius
982 2421 1094 2455 similis

361 2461 426 2501 rei,
456 2470 590 2507 excepto
613 2472 704 2509 patre
729 2472 871 2512 generali
897 2478 930 2505 et
953 2474 1021 2508 eius
1046 2486 1094 2509 se-

361 2515 513 2549 cretario.
540 2516 650 2552 Patres
675 2531 751 2555 vero
785 2524 970 2559 definitores
995 2537 1093 2570 gene-

359 2568 455 2608 rales,
475 2570 700 2613 provinciales,
718 2576 941 2620 redemptores
962 2585 994 2613 et
1017 2592 1093 2624 pro-

360 2625 525 2656 curatores
536 2626 713 2667 generales,
732 2629 772 2661 ad
788 2632 999 2667 custodienda
1015 2636 1092 2669 scri-

1155 311 1208 347 pta
1234 311 1265 338 et
1289 317 1422 341 suorum
1448 309 1626 343 officiorum
1653 313 1772 355 sigilla,
1801 320 1891 357 potc-

1155 363 1260 391 lerunt
1288 360 1410 393 habere
1437 362 1557 395 clavem
1583 364 1717 397 alicuius
1741 369 1890 410 capsulae

1154 421 1208 443 sou
1234 413 1355 446 scrinii.
1385 415 1491 448 Patres
1509 427 1637 460 quoque
1660 419 1799 452 ministri
1819 432 1890 454 con-

1154 466 1319 497 ventuales
1355 468 1475 500 clavem
1512 469 1630 502 habere
1660 476 1812 513 poterunt
1840 485 1889 506 ca-

1153 518 1262 558 psulae
1288 519 1346 551 suli
1373 523 1483 553 mensa
1509 523 1617 562 cellae,
1635 523 1726 555 cuius
1753 526 1887 559 altitudo

1152 569 1326 612 digitorum
1351 578 1495 616 quatuor,
1515 576 1682 619 longitudo
1708 588 1784 611 vero
1810 580 1887 612 duo—

1152 632 1221 655 rum
1242 624 1281 656 sit
1297 620 1491 668 palmorum,
1505 638 1539 661 ac
1557 629 1651 662 etiam
1666 631 1807 664 habeant
1824 634 1887 665 cla-

1152 686 1204 708 ves
1219 678 1385 720 magistras
1400 691 1459 722 pro
1473 683 1629 715 clausura.
1646 684 1799 727 Rcligiosi
1810 686 1885 719 item

1150 728 1304 763 officiales
1340 732 1505 767 habebunt
1541 736 1647 769 claves
1684 748 1813 771 suarum
1839 741 1886 772 ot*-

1151 781 1334 823 sicinarum;
1366 790 1395 817 et
1425 786 1519 820 ctiam
1551 789 1737 830 architecti,
1766 792 1887 825 fabrili-

1150 834 1252 875 gnarii
1283 846 1319 868 ac
1344 840 1549 873 caementarii
1584 841 1705 876 habere
1730 849 1887 886 poterunt

1150 886 1273 920 clavem
1308 889 1441 923 alicuius
1467 892 1614 926 officinae
1653 897 1702 928 vel
1728 907 1820 930 arcae
1845 898 1884 930 ad

1149 940 1360 974 custodienda
1381 942 1591 978 instrumenta
1616 958 1748 981 suorum
1768 950 1885 983 officio-

1149 1000 1230 1023 rum.
1258 992 1409 1028 Ossicinae
1436 1001 1543 1030 tamen
1569 999 1633 1032 sint
1658 1006 1747 1034 extra
1767 1003 1884 1036 dormi-

1151 1044 1266 1077 torium
1298 1057 1358 1080 nec
1394 1048 1426 1081 in
1457 1051 1503 1082 eis
1539 1052 1685 1086 habitent
1718 1065 1777 1087 nec
1813 1056 1884 1088 dor-

1149 1096 1249 1129 miant
1272 1100 1424 1134 officiales
1449 1103 1543 1136 aliive
1571 1105 1729 1149 religiosi.
1756 1108 1885 1143 Praedi-

1148 1154 1216 1182 ctae
1241 1157 1347 1185 autem
1378 1155 1482 1188 claves
1508 1157 1650 1190 omnium
1681 1159 1883 1194 officinarum

1149 1202 1211 1235 sint
1229 1204 1424 1247 duplicatae,
1440 1213 1471 1241 et
1491 1210 1624 1243 alteram
1646 1223 1682 1245 ex
1704 1213 1749 1246 eis
1765 1214 1884 1246 habeat

1149 1254 1307 1297 minister,
1320 1259 1374 1301 qui
1389 1259 1560 1303 aliquoties
1575 1262 1719 1297 officinas
1729 1265 1881 1305 visitabit,

1149 1313 1181 1340 et
1198 1309 1236 1341 ab
1258 1310 1302 1343 eis
1325 1314 1488 1346 amovebit
1509 1326 1590 1358 quae
1610 1317 1660 1349 vel
1684 1319 1723 1350 ad
1749 1329 1884 1352 munera

1148 1363 1390 1404 praedictorum
1419 1366 1605 1401 officialium
1634 1371 1682 1403 vel
1714 1371 1753 1403 ad
1790 1383 1883 1405 usum

1147 1415 1373 1458 religiosorum
1395 1422 1578 1454 necessaria
1603 1434 1668 1456 non
1693 1425 1825 1458 suerint.

1191 1479 1234 1501 VI.
1261 1470 1486 1506 Definitorium
1510 1478 1664 1517 generale
1685 1477 1718 1510 in
1742 1489 1884 1512 necessa-

1148 1520 1195 1553 rio
1213 1524 1394 1557 concedere
1411 1527 1531 1569 poterit
1549 1528 1641 1561 alicui
1655 1530 1806 1573 religioso
1824 1533 1885 1565 cla-

1147 1585 1218 1607 vem
1239 1576 1373 1610 alicuius
1387 1589 1479 1622 arcae
1498 1581 1546 1614 vel
1565 1584 1723 1625 capsulae,
1742 1595 1881 1626 necnon,

1147 1629 1276 1670 praevia
1300 1630 1529 1666 informatione
1563 1640 1691 1678 patrum
1714 1637 1879 1672 ministro-

1147 1691 1225 1721 rum,
1240 1683 1416 1717 lectoribus
1440 1691 1471 1719 et
1494 1688 1768 1730 praedicatoribus
1793 1703 1882 1724 man-

1148 1733 1223 1767 ticas
1247 1745 1318 1768 cum
1353 1739 1468 1771 serulis
1498 1740 1530 1772 in
1565 1741 1681 1783 quibus
1708 1744 1880 1778 conciones

1146 1793 1178 1821 et
1201 1789 1263 1821 alia
1286 1790 1404 1833 scripta
1421 1793 1615 1826 custodiant.

1188 1851 1244 1874 vn.
1273 1842 1380 1875 Patres
1414 1845 1551 1878 ministri
1585 1848 1623 1879 de
1656 1851 1814 1883 trimestri
1846 1852 1878 1884 in

1146 1892 1306 1927 trimestre
1332 1895 1462 1930 visitent
1486 1899 1642 1932 manticas
1667 1901 1824 1936 lectorum
1848 1911 1880 1938 et

1144 1945 1403 1987 praedicatorum
1414 1948 1446 1981 in
1457 1949 1604 1992 ipsorum
1616 1955 1805 1996 praesentia,
1818 1958 1878 1989 sub

1144 2002 1250 2041 poena
1270 2001 1495 2043 suspensionis
1514 2014 1572 2046 pro
1597 2009 1743 2049 tempore
1763 2009 1802 2041 ad
1828 2021 1878 2043 ar-

1143 2052 1274 2085 bitrium
1288 2060 1415 2096 patrum
1428 2057 1687 2099 provincialium.
1708 2061 1873 2105 Similiter,

1125 2104 1200 2140 *sub
1225 2108 1328 2148 poena
1353 2110 1574 2151 suspensionis
1600 2123 1656 2154 per
1688 2115 1875 2157 quindecim

365 2143 398 2176 in
423 2144 538 2178 dictam
563 2157 667 2180 arcam
701 2149 798 2182 fuerit
829 2151 1032 2194 intromissa3
1061 2156 1099 2188 ab
1125 2157 1127 2161 ’

1142 2157 1218 2197 (ἦρε,
1231 2159 1278 2191 bis
1295 2161 1407 2193 saltem
1422 2161 1455 2193 in
1469 2173 1553 2196 anno
1570 2164 1748 2200 visitabunt
1764 2171 1871 2212 cellas,

1140 2211 1267 2254 scripta,
1284 2213 1425 2254 habitus,
1442 2221 1614 2260 ceteraque
1630 2219 1702 2260 alia,
1722 2232 1806 2264 quae
1828 2234 1875 2257 re-

1140 2264 1247 2306 ligiosi
1264 2265 1303 2297 ad
1320 2276 1413 2299 usum
1433 2268 1607 2303 habuerint
1625 2282 1740 2314 suum;
1763 2286 1874 2319 super-

1138 2318 1264 2361 ssuaque
1286 2324 1317 2351 et
1335 2320 1462 2354 inutilia
1487 2324 1642 2366 auferent,
1659 2329 1803 2369 quamvis
1816 2330 1871 2364 illa

1138 2369 1279 2403 habeant
1295 2382 1366 2405 cum
1383 2375 1517 2416 praelati
1536 2378 1711 2420 superioris
1728 2380 1868 2424 licentia,

1137 2428 1168 2455 et
1192 2424 1230 2456 de
1255 2426 1446 2459 necessariis
1471 2429 1591 2472 absque
1617 2435 1707 2464 mora
1723 2435 1871 2476 provide-

1136 2475 1215 2508 bunt
1230 2477 1381 2511 fratribus
1395 2480 1628 2523 indigentibus.
1645 2485 1690 2517 Ad
1710 2486 1793 2519 hane
1814 2498 1870 2520 au-

1137 2535 1199 2562 tcm
1214 2531 1430 2566 visitationem
1447 2538 1679 2578 exequendam,
1694 2547 1868 2584 praecepto

1134 2583 1285 2627 imposito
1313 2586 1456 2620 subditos
1488 2589 1678 2631 obligabunt
1703 2597 1737 2624 ut
1760 2594 1869 2628 omnia

1134 2638 1257 2682 absque
1282 2639 1388 2684 aliqua
1413 2642 1602 2685 exceptione
1621 2645 1830 2688 patefaciant.

1787 256 1851 290 615
1898 267 1948 294 An.
1967 267 1994 293 c.
2014 267 2083 295 ¹676
