2279 3260
160 277 213 303 An.
230 276 258 304 C.
282 275 344 303 1671

352 325 450 367 gradu
477 323 709 366 consanguinei
728 333 817 363 esse,
836 322 939 355 sedin
958 333 1085 355 monas-

351 377 452 417 teriis,
468 377 498 409 in
522 376 638 419 quibus
659 377 772 409 saltem
799 376 910 418 viginti
932 374 1083 407 monachi
1129 392 1217 433 Confi

350 429 523 468 resideant,
550 428 701 461 officiales
728 429 825 461 fuisse
851 428 1006 467 debeant,
1026 436 1085 459 nec

349 481 507 513 eiusmodi
524 481 787 513 renunciationes
813 481 878 513 sive
905 479 1085 512 alternatio-

348 544 406 566 nes
432 534 470 566 ab
496 534 559 566 illis
584 533 763 574 abbatibus,
788 534 839 576 qui
867 534 931 566 sint
956 537 1024 565 actu
1045 532 1086 563 ri-

349 586 507 626 matores,
534 592 627 630 atque
654 587 684 619 in
710 586 941 630 praeiudicium
968 585 1086 618 officia-

349 638 427 670 lium
454 640 629 672 actualium
665 645 717 671 aut
742 649 855 672 eorum
886 639 938 681 qui
970 637 1085 670 suerint

350 691 504 724 officiales
529 692 714 724 monasterii
741 692 855 724 Montis
881 690 992 723 Oliveti
1019 700 1085 721 ma-

351 743 428 776 ioris
454 744 557 777 dictae
583 744 858 787 Congregationis,
885 743 999 777 ceteris
1023 754 1079 786 pa-

352 796 448 835 ribus,
465 797 534 829 ficri
559 797 696 840 possint,
721 797 911 830 auctoritate
930 796 1083 839 praefata,

353 854 466 882 tenore
492 850 725 894 praesentium,
751 850 917 882 statuimus
943 853 973 881 et
1001 847 1087 881 ordi-

353 911 476 934 namus.

396 955 411 997 ἓ
435 954 487 986 10.
508 955 726 988 Decernentes
744 955 865 998 pariter
889 954 975 998 ipsas
995 963 1087 997 prae-

353 1012 459 1039 sentes
478 1007 603 1040 litteras
616 1010 776 1051 perpetua
792 1007 918 1040 roboris
935 1006 1086 1038 firmitate

352 1058 528 1092 subsistere
565 1071 602 1092 ac
634 1059 866 1092 inviolabiliter
901 1058 1085 1098 observari,

351 1111 461 1155 sicque
494 1112 526 1145 in
555 1113 742 1156 praemissis
773 1123 834 1156 per
866 1122 1087 1156 quoscumque

348 1164 474 1197 iudices
498 1165 682 1198 ordinarios
707 1171 739 1199 et
773 1166 960 1208 delegatos,
992 1164 1087 1197 etiam

349 1227 517 1250 causarum
545 1219 657 1262 palatii
694 1219 866 1262 apostolici
898 1217 1087 1254 auditores,

349 1269 485 1302 iudicari
519 1276 551 1303 et
567 1270 698 1303 definiri
723 1271 862 1311 debere,
890 1281 927 1302 ac
963 1269 1088 1301 irritum

351 1327 380 1354 et
396 1322 492 1355 inane
507 1323 533 1355 si
560 1334 652 1356 secus
678 1334 775 1367 super
800 1323 850 1355 his
875 1333 892 1355 a
913 1333 1087 1366 quoquam,

351 1375 462 1418 quavis
487 1376 687 1416 auctoritate,
705 1377 845 1409 scienter
864 1377 913 1408 vel
938 1375 1090 1418 ignoran-

352 1433 411 1467 ter,
432 1428 607 1471 contigerit
630 1429 793 1461 attentari.

397 1481 411 1524 ξ
448 1481 501 1514 ll.
543 1482 610 1515 Non
644 1482 873 1523 obstantibus,
912 1481 1016 1525 quoad
1053 1492 1090 1513 ea

354 1544 435 1577 quae
460 1534 682 1578 praesentibus
706 1534 819 1567 litteris
844 1540 919 1567 sunt
942 1545 998 1567 seu
1028 1533 1089 1566 dici

354 1593 489 1629 possent
514 1598 583 1620 esse
609 1587 778 1627 contraria,
801 1587 1009 1630 praeinsertis
1034 1597 1090 1619 no-

354 1639 427 1672 stris
454 1640 585 1681 litteris,
614 1650 741 1672 necnon
767 1640 916 1673 omnibus
939 1645 970 1672 et
987 1639 1090 1682 singu-

354 1692 436 1734 gulis
464 1692 528 1725 illis
552 1703 632 1736 quae
661 1693 693 1724 in
715 1693 761 1725 eis
788 1692 1007 1725 concessimus
1025 1703 1089 1725 non

353 1744 506 1785 obstare,
542 1745 722 1789 ceterisque
759 1745 928 1778 contrariis
962 1745 1091 1789 quibus-

354 1808 504 1841 cumque.

398 1851 413 1894 ἓ
449 1851 501 1883 102.
537 1851 686 1885 Ceterum
712 1853 858 1885 volumus
885 1852 1031 1885 similiter
1057 1857 1089 1884 ut

355 1905 542 1938 earumdem
566 1906 785 1949 praesentium
811 1907 992 1938 litterarum
1011 1912 1092 1938 tran-

354 1958 498 2001 sumptis,
525 1969 581 1991 seu
608 1959 773 2002 exemplis,
792 1959 887 1991 etiam
912 1959 1090 2002 impressis,

353 2021 449 2043 manu
465 2012 600 2045 alicuius
614 2012 732 2046 notarii
751 2012 871 2056 publici
889 2012 1091 2055 subscriptis,

353 2069 384 2096 et
402 2065 511 2107 sigillo
535 2077 694 2109 personae
712 2068 743 2099 in
756 2066 974 2099 ecclesiastica
988 2066 1093 2109 digni-

351 2124 414 2151 tate
436 2120 629 2153 constitutae
655 2120 804 2159 munitis,
826 2121 939 2153 eadem
959 2131 1091 2163 prorsus

352 2171 432 2205 fides
467 2172 499 2204 in
531 2172 650 2205 iudicio
687 2179 718 2205 et
751 2178 839 2205 extra
876 2174 1089 2217 adhibeatur,

355 2235 435 2267 quae
461 2225 687 2268 praesentibus
721 2226 799 2269 ipsis
829 2226 1041 2258 adhiberetur
1066 2226 1090 2258 si

355 2278 462 2310 forent
488 2278 653 2311 exhibitae
681 2280 729 2312 vel
762 2285 924 2311 ostensae.

398 2331 511 2363 Datum
537 2331 678 2372 Romae,
706 2332 791 2375 apud
817 2331 847 2364 S.
876 2332 1005 2364 Mariam
1031 2332 1092 2364 Ma-
1113 2369 1114 2381 ἵ

354 2384 477 2424 iorem,
505 2385 563 2416 sub
593 2386 713 2417 annulo
743 2384 943 2424 Piscatoris,
977 2385 1027 2417 die
1062 2385 1114 2426 ΧΗ,

353 2435 432 2468 iunii
468 2446 619 2477 MDCLxxl,
645 2436 854 2479 pontificatus
896 2437 999 2469 nostri
1037 2448 1092 2468 an-

354 2498 396 2520 no
417 2498 451 2521 11.

390 2549 447 2577 Dat.
469 2550 512 2576 die
530 2551 558 2577 11
577 2550 643 2577 iunii
662 2551 739 2585 1671,
758 2551 851 2586 pontif.
874 2560 944 2578 anno
965 2559 995 2579 11.

171 993 174 997 ⁴
184 967 296 988 Decretum
314 967 342 987 ir-

157 996 231 1014 ntaus.

227 1493 342 1513 Contrariis

159 1520 255 1545 derogat.

193 1862 344 1889 Transumpto-

158 1895 204 1910 rum
220 1889 279 1910 tides.

942 282 946 284 ’
979 272 1121 299 CLEMENS
1144 275 1162 298 X
1186 273 1234 298 ῘῬ.

1110 543 1116 556 l

1444 323 1547 355 LXIX.

1221 393 1339 424 rmalio
1371 393 1526 425 Brevimn
1564 392 1689 425 Urbani
1729 391 1807 424 llll
1835 396 1863 423 et

1170 445 1355 478 Innocenlz'i
1379 445 1421 483 X,
1447 446 1566 488 quibus
1595 445 1720 477 duabus
1745 445 1864 476 vduitas

1170 498 1312 540 quolibet
1336 509 1424 530 αηηο
1454 498 1626 530 mandatur
1656 497 1861 539 praalicalo-

1171 550 1260 583 ribus
1283 551 1373 583 verbi
1389 551 1448 583 Dei
1472 550 1705 582 commendatio
1723 549 1864 581 locorum

1176 602 1420 635 Terraesanclae
1431 601 1451 634 ¹.

1355 682 1488 708 clemens
1509 682 1587 715 Papa
1607 682 1644 710 X,

1268 727 1304 752 ad
1323 726 1456 752 futuram
1476 726 1521 752 rei
1537 727 1719 752 memoriam.

1172 796 1343 829 Salvatoris
1369 796 1490 829 domini
1516 796 1629 832 nostri,
1653 796 1707 839 qui
1733 806 1792 838 pro
1810 796 1863 827 hu-

1129 850 1213 881 mani
1240 848 1368 891 generis
1393 849 1616 892 redemptione
1643 848 1785 892 seipsum
1804 849 1864 881 exi-

1130 901 1251 934 nanssvit
1276 902 1376 933 sactus
1402 901 1558 934 obediens
1582 912 1685 944 usque
1711 902 1748 934 ad
1781 912 1866 934 mor-

1131 959 1194 986 tem
1211 979 1218 993 ,
1244 954 1344 994 vices,
1371 953 1447 986 licet
1471 954 1633 993 immeriti,
1659 960 1808 996 gerentes
1834 954 1865 986 in

1131 1006 1234 1046 terris,
1261 1005 1348 1038 inter
1372 1006 1565 1049 multiplices
1597 1007 1864 1049 gravissimasque

1131 1059 1329 1102 apostolicae
1347 1059 1510 1091 servitutis
1528 1059 1670 1099 c111·aS,in
1689 1070 1757 1091 eam
1773 1070 1866 1102 prac—

1131 1113 1224 1156 cipuc
1250 1112 1422 1156 pastoralis
1449 1112 1674 1145 sollicitudinis
1698 1112 1864 1155 vigilantia

1131 1165 1369 1205 incumbimus,
1395 1170 1428 1196 ut
1453 1165 1532 1197 tanti
1566 1170 1597 1197 et
1633 1170 1695 1196 tam
1726 1165 1864 1197 salubris

1131 1217 1275 1261 mysterii
1301 1222 1533 1257 monumenta,
1560 1228 1643 1260 quae
1677 1217 1708 1249 in
1739 1217 1866 1249 civitate

1132 1270 1336 1302 Hierusalem
1362 1275 1392 1302 et
1417 1269 1497 1302 locis
1523 1269 1760 1302 circumvicinis
1780 1275 1866 1307 suut,

1133 1328 1369 1364 conserventur,
1392 1329 1424 1356 et
1452 1323 1537 1355 omni
1565 1333 1629 1366 qua
1655 1322 1724 1355 fieri
1750 1322 1869 1366 poterit

1133 1375 1246 1408 maiori
1272 1375 1522 1408 honorificentia
1535 1376 1733 1408 recolantur.

1176 1429 1190 1471 ξ
1216 1429 1246 1461 1.
1274 1428 1350 1461 Cum
1371 1429 1477 1472 itaque
1500 1428 1616 1471 (felicis
1636 1428 1869 1461 recordationis

1133 1482 1261 1515 Urbano
1288 1482 1392 1525 Papae
1408 1481 1470 1513 Ylll
1492 1482 1736 1524 praedecessori
1756 1487 1868 1513 nostro

1133 1536 1210 1568 alias
1242 1534 1411 1578 exposito‘
1445 1535 1530 1577 quod
1564 1534 1721 1567 ccclesiae
1755 1540 1783 1567 et
1810 1535 1870 1566 alia

1134 1590 1202 1620 loca
1227 1588 1280 1631 pia
1305 1588 1337 1619 in
1363 1587 1487 1619 civitate
1514 1587 1715 1619 Hierusalem
1743 1593 1770 1619 et
1799 1588 1869 1619 aliis

1135 1641 1214 1673 locis
1240 1640 1487 1673 Terraesanctae
1519 1640 1688 1672 existentia
1723 1641 1789 1671 sere
1825 1639 1871 1671 di-

1134 1699 1202 1726 ruta
1228 1698 1328 1732 erant,
1345 1699 1383 1733 et,
1403 1704 1484 1736 quae
1503 1693 1608 1725 adhuc
1631 1692 1672 1724 ibi
1693 1692 1870 1724 existimant

1133 1746 1337 1786 monasteria,
1357 1756 1430 1778 acre
1452 1745 1567 1785 alieno,
1584 1746 1624 1777 ob
1649 1745 1777 1788 impiam
1796 1745 1873 1776 Tur-

1134 1810 1252 1838 carum,
1276 1799 1512 1831 baereticorum
1532 1804 1562 1831 et
1586 1798 1872 1831 schismaticorum

1135 1852 1336 1896 tyrannidem
1362 1857 1391 1884 et
1416 1862 1475 1895 pro
1500 1856 1626 1883 sanctae
1653 1850 1739 1883 Fidei
1761 1850 1872 1883 Catho-

1135 1906 1213 1938 licae
1240 1906 1271 1937 in
1298 1905 1419 1937 eisdem
1435 1905 1514 1937 locis
1535 1904 1781 1937 conservatione
1796 1915 1872 1935 con-

1136 1964 1249 1998 tracto,
1269 1959 1440 1990 admodum
1461 1963 1589 2000 gravata
1607 1957 1870 2000 reperiebantur)

1136 2012 1220 2044 idem
1245 2011 1393 2043 Urbanus
1419 2011 1652 2054 praedecessor
1669 2010 1871 2053 patriarchis,

1136 2064 1413 2107 archicpiscopiS,
1439 2064 1602 2107 episcopis
1628 2069 1657 2095 et
1690 2063 1759 2095 aliis
1785 2065 1872 2095 loco-

1136 2130 1206 2151 rum
1231 2118 1416 2157 Ordinariis,
1444 2128 1570 2150 necnon
1590 2116 1740 2149 omnibus
1759 2122 1788 2149 ct
1809 2117 1872 2148 sin-

1137 2172 1217 2214 gulis
1243 2171 1430 2214 quorumvis
1454 2170 1611 2203 Ordinum
1642 2176 1672 2202 et
1696 2180 1873 2211 congrega-

1138 2224 1258 2256 tionum
1291 2229 1321 2256 et
1352 2224 1573 2256 institutorum
1600 2223 1794 2265 regularium
1821 2234 1874 2265 ge-

1136 2277 1298 2309 neralibus
1325 2276 1524 2309 commiserit
1556 2282 1584 2308 et
1615 2276 1813 2308 1na11dav0rit
1838 2281 1872 2307 ut

1137 2331 1174 2362 ad
1198 2330 1302 2361 minus
1319 2330 1443 2361 duabus
1463 2329 1584 2361 vicum<
1611 2329 1759 2371 quolibet
1773 2339 1869 2368 auno,

1137 2382 1298 2414 Adventus
1320 2388 1348 2413 et
1370 2380 1641 2423 Quadragffiirnae
1660 2381 1870 2423 temporibus,

1137 2441 1199 2467 tam
1225 2445 1282 2478 per
1306 2435 1394 2467 verbi
1412 2435 1468 2467 Dei
1495 2435 1737 2478 praedicatores
1757 2434 1788 2465 in
1806 2433 1870 2466 suis

1175 2526 1181 2549 1
1206 2524 1362 2558 Specialiter
1382 2523 1432 2549 hoc
1451 2523 1569 2549 decrevit
1587 2523 1713 2549 Urbanus
1728 2523 1786 2548 Ylll
1805 2523 1872 2548 Con⁴

1117 2585 1120 2604 2
1136 2570 1222 2594 stitut.
1237 2568 1409 2598 Salvatoris,
1430 2575 1460 2593 ac
1476 2572 1568 2601 postea
1584 2566 1756 2592 Innocentius
1771 2565 1788 2589 λ
1807 2571 1872 2591 *oon-

1136 2612 1192 2639 snt,
1209 2612 1367 2638 Satmtoris
1387 2610 1561 2637 confirmarit.

1174 2659 1183 2683 1
1207 2656 1278 2683 Male
1297 2655 1361 2682 edit.
1383 2655 1451 2681 Main
1484 2656 1547 2689 legit
1566 2655 1728 2689 expositum
1748 2655 1784 2687 (tt.
1803 2653 1851 2688 T.).

1758 264 1821 298 ⁶2:35
1868 275 1919 299 An.
1940 274 1968 300 c.
1988 272 2050 300 1671

1902 808 2042 826 Prooemium.

1929 1436 1995 1456 Breve
2025 1435 2061 1456 Ur-

1882 1464 1929 1482 han·
1950 1462 1992 1482 int
2013 1462 2063 1488 quid

1881 1492 2002 1509 constituat.
