2279 3260
161 232 209 258 An.
228 230 256 257 C.
276 231 346 258 1673

188 974 308 994 murinum.

180 1393 311 1418 luniulgenlia
321 1394 344 1412 ut

160 1420 180 1439 iu
196 1421 288 1439 rubrica.

981 227 1123 251 CLEMENS
1145 228 1164 250 X
1188 227 1236 250 PP.

643 277 690 310 CX
695 278 746 309 XX
751 277 785 309 l‘V
792 302 797 308 .

352 349 565 391 Indulyrntia
586 347 739 390 plenaria
757 350 912 389 perpetua
938 346 967 377 in
994 344 1086 377 eecle-

397 401 457 434 siis
499 405 563 433 tam
610 401 836 432 canonicorum
881 398 1087 439 reyulttrium

398 465 493 496 quam
526 453 722 484 monialium
756 451 889 483 Omlsnis
914 452 1089 483 praemon-

398 507 602 538 stratensium
636 506 671 536 in
699 503 926 546 feslm'latibns
955 504 1088 536 Assum·
1115 530 1124 541 ,

396 559 518 601 ptionis
543 559 582 591 B.
603 558 644 590 M.
669 558 700 590 Γ.
718 563 745 590 el
770 559 873 589 sancti
898 556 1088 599 Auqusliw',

397 622 433 643 ac
456 612 532 653 sesto
557 611 663 642 sancti
688 610 851 648 Norba-li,
879 611 928 642 vet
952 610 1089 641 domini-

398 664 433 695 cci
452 663 542 704 infra
560 663 653 694 illius
670 668 821 697 octavarii,
841 667 866 694 el
885 662 936 693 die
951 673 1007 694 xiii
1032 672 1087 693 no—

396 716 532 747 vembris
560 727 622 758 quit
654 716 689 757 fit
720 715 978 747 commemoratio
1008 725 1086 746 scm-

397 773 519 800 ctorum
545 768 625 800 dicti
649 768 794 801 Ordinis

574 849 706 875 Clemens
725 849 802 881 Papa
822 849 855 877 X.

491 893 527 919 ad
547 893 680 919 futuram
700 892 743 918 rei
767 892 949 918 memoriam.

397 963 588 996 Caelestium
615 951 785 994 munerum
812 962 991 1000 thesauros,
1010 972 1090 1004 quo-

354 1027 424 1047 rum
450 1015 727 1058 dispensationem
753 1014 826 1046 fidei
848 1019 977 1046 nostrae
1003 1025 1089 1046 eom-

352 1067 439 1100 misit
464 1067 570 1100 divina
596 1066 750 1108 dignatio,
773 1067 927 1109 prudenti
947 1066 1089 1098 liberali-

351 1125 415 1152 tate
443 1119 584 1152 libenter
610 1129 790 1161 erogamus,
817 1130 889 1151 cum
916 1118 947 1150 id
972 1118 1011 1150 ad
1037 1129 1089 1150 au-

351 1173 490 1214 gendam
515 1172 659 1204 fidelium
685 1171 889 1213 religionem,
911 1172 1090 1204 fovendam-

351 1235 413 1268 que
439 1231 471 1258 et
496 1225 695 1257 incitandam
720 1235 795 1266 erga
820 1224 933 1256 beatos
965 1224 1088 1267 patriae

352 1278 501 1319 caelestis
519 1277 643 1310 incolas
662 1278 827 1320 pietatem,
848 1278 1089 1309 arbitranmrin

352 1332 487 1364 Domino
514 1331 731 1374 profuturum

398 1385 412 1427 ξ
430 1385 459 1417 t.
479 1384 630 1417 Volentes
653 1385 762 1427 itaque
781 1385 933 1418 ecclesias
952 1391 1014 1417 tam
1040 1396 1091 1418 ca-

354 1437 549 1470 nonicorum
575 1437 773 1479 regularium
789 1448 884 1479 quam
901 1438 1090 1470 monialium

354 1491 490 1523 Ordinis·
521 1491 890 1523 Praemonstratensium
928 1503 944 1523 a
980 1498 1090 1524 sancto

353 1544 524 1582 Norberto‚
554 1543 607 1586 qui
634 1549 795 1586 tamquam
821 1545 952 1576 lucerna
976 1545 1113 1577 ardens¹

354 1607 451 1639 supra
476 1596 708 1628 candelabrum
727 1595 758 1627 in
777 1596 873 1628 domo
894 1597 1018 1629 Domini
1036 1608 1092 1640 po·
1111 1590 1113 1610 '¹

355 1649 434 1681 situs
460 1648 649 1691 apostolicis
678 1649 929 1681 charismatibus
956 1650 1091 1692 aliisque

357 1701 481 1734 eximiis
503 1701 629 1733 divinae
648 1701 768 1743 gratiae
787 1702 878 1734 donis
900 1703 995 1744 longe
1013 1703 1093 1735 late-

357 1765 419 1797 que
455 1754 590 1793 refulsit,
628 1754 685 1785 sub
722 1754 853 1797 speciali
890 1755 1092 1788 beatissimae

355 1807 495 1849 Virginis
513 1807 569 1839 Dei
594 1806 763 1839 Genitricis
783 1808 899 1840 Mariae
917 1809 1093 1851 protectio-

357 1870 396 1891 ne
426 1870 461 1891 ac
481 1859 581 1891 sancti
601 1859 773 1901 Augustini
791 1862 903 1902 regula
921 1861 1093 1893 salubriter

356 1911 504 1952 instituti,
524 1918 559 1943 ut
584 1912 751 1954 condignis
771 1913 1017 1956 frequententur
1035 1915 1093 1947 ho—

357 1965 504 2005 noribus,
526 1971 557 1997 et
574 1965 718 1997 fidelium
736 1966 774 1998 ad
793 1977 846 1998 eas
861 1968 1092 2000 confluentium

358 2071 522 2103 ritualium
546 2082 679 2104 munere
705 2073 869 2113 decorare,
892 2074 1094 2116 snpplicatio-

359 2125 453 2157 nibus
478 2123 588 2157 dilecti
615 2124 671 2156 tilii
690 2124 854 2157 Francisci
874 2126 1030 2169 Buyiette,
1046 2137 1095 2159 ca·
1114 2138 1115 2141 ’

358 2177 466 2210 noniei
505 2177 665 2219 regularis
699 2188 853 2220 expresse
890 2180 1027 2221 professi
1065 2186 1095 2212 et

358 2230 581 2273 procuratoris
607 2230 768 2271 generalis
787 2231 928 2263 eiusdem
954 2231 1093 2271 Ordinis,

359 2281 491 2314 nomine
521 2282 613 2314 nobis
631 2292 727 2324 snper
744 2283 807 2315 hoc
833 2284 1000 2316 humiliter
1024 2295 1096 2327 por-

358 2334 455 2366 rectis
479 2334 641 2374 inelinati,
669 2346 705 2367 ae
724 2336 762 2368 de
789 2336 1024 2379 omnipotentis
1041 2337 1094 2369 Dei

359 2387 584 2420 misericordia
608 2393 640 2419 et
662 2388 831 2420 beatorum
853 2389 937 2422 Petri
956 2395 988 2421 et
1006 2390 1095 2422 Pauli

361 2442 587 2483 apostolorum
627 2440 694 2473 eius
734 2442 924 2475 auctoritate
965 2443 1094 2483 contisi,

360 2493 511 2526 omnibus
551 2498 583 2525 et
622 2493 759 2535 singulis
796 2494 965 2538 utriusque
1003 2506 1096 2528 sexus

361 2544 629 2577 christifidelibus
668 2555 741 2577 vere
782 2546 1025 2588 poenitentibus
1065 2553 1096 2579 et

361 2597 516 2632 confessis
534 2608 569 2631 ac
585 2600 676 2630 sacra
701 2599 929 2632 communione
956 2599 1095 2641 resectis,

1116 2251 1117 2257 ,
1139 2238 1258 2267 iorem,

1116 2280 1209 2318 ;iulii
1244 2280 1427 2322 MDCLxxin,
1450 2280 1658 2323 pontificatus
1694 2280 1797 2314 nostri
1824 2290 1878 2312 an-

1760 219 1818 251 litt

1132 273 1184 316 qui
1211 273 1351 317 aliquam
1372 284 1407 306 ex
1427 275 1573 307 ecclesiis
1591 285 1864 317 ‹piorumcuiuque

1131 327 1402 359 monasteriorum
1434 331 1497 359 tam
1516 327 1749 359 canonicorum
1770 337 1865 368 regn-

1130 379 1245 411 larium
1279 390 1375 422 quam
1414 379 1603 411 monialium
1636 379 1712 411 dicti
1738 379 1864 411 Ordinis

1130 431 1497 464 Praemonstratensium
1523 432 1676 463 hactenus
1695 432 1810 463 erectis
1835 437 1867 463 vt

1130 478 1353 527 inposterum
1385 484 1653 527 quandocumque
1687 484 1864 525 erigendis,

1131 547 1166 568 ac
1190 537 1383 580 ubicun‘iquc
1410 538 1557 569 locorum
1584 537 1808 576 existentibus,
1834 537 1866 568 in

1132 589 1370 632 Assumptionis
1388 590 1501 622 beatae
1521 589 1637 621 Mariae
1653 589 1791 630 Virginis
1811 588 1868 620 hn-

1132 643 1309 674 maculatae
1342 647 1373 674 et
1397 642 1499 674 sancti
1522 641 1691 683 Augustini
1718 641 1869 673 festivita-

1134 694 1226 733 tibus,
1249 705 1285 726 ae
1311 694 1362 727 die
1389 695 1470 727 sesto
1497 694 1597 726 sancti
1616 694 1764 726 Norberti
1782 704 1870 737 prae·

1133 747 1220 787 dieti,
1240 748 1288 780 vel
1315 748 1476 780 dominica
1503 748 1587 779 infra
1604 747 1690 779 illius
1714 753 1868 786 octavam,

1133 806 1164 833 et
1183 800 1233 833 die
1251 811 1308 834 xm
1328 801 1523 841 novembris,
1546 812 1609 844 qua
1629 800 1771 833 omnium
1798 811 1870 832 san-

1133 859 1256 886 ctorum
1281 853 1408 886 Ordinis
1442 854 1575 897 praefati
1607 853 1870 886 commemoratio

1133 906 1255 939 ibidem
1279 906 1349 939 sieri
1375 908 1468 946 solet,
1486 917 1615 939 necnon
1633 917 1869 949 quamcumque

1133 960 1302 991 eeclesiam
1318 959 1461 991 eiusdem
1480 959 1609 991 Ordinis
1630 959 1681 992 die
1700 960 1781 992 sesto
1800 970 1872 1002 spe-

1133 1012 1223 1044 cialis
1242 1012 1372 1054 patroni
1399 1023 1455 1044 seu
1482 1012 1618 1044 titularis
1644 1013 1746 1055 ipsius
1774 1013 1873 1045 eccle-

1133 1064 1217 1103 siae,
1243 1064 1334 1096 cuius
1359 1075 1479 1096 nomen
1506 1064 1538 1096 in
1563 1065 1795 1107 martyrologio
1820 1076 1872 1097 ro-

1134 1128 1227 1150 mano
1246 1122 1434 1149 annotatum
1455 1119 1649 1160 reperiatur,
1662 1128 1677 1149 a
1696 1119 1808 1160 primis
1824 1130 1873 1151 ve—

1133 1170 1235 1212 speris
1259 1181 1359 1212 usqne
1385 1171 1424 1203 ad
1452 1181 1603 1202 occasum
1637 1171 1714 1203 solis
1748 1171 1873 1203 dierum

1134 1223 1328 1263 huiusmodi,
1345 1224 1437 1255 annis
1463 1223 1609 1265 singulis,
1626 1224 1742 1256 devote
1767 1224 1875 1256 visita-

1135 1276 1250 1315 verint,
1277 1281 1308 1308 et
1332 1276 1375 1308 ibi
1403 1287 1460 1319 pro
1486 1276 1739 1309 christianorum
1757 1277 1874 1319 princi-

1134 1340 1209 1371 pum
1236 1329 1417 1369 concordht,
1446 1330 1620 1362 haeresum
1646 1330 1873 1373 extirpatione,

1135 1393 1169 1414 ae
1195 1388 1325 1414 sanctae
1352 1383 1460 1415 Matris
1482 1383 1646 1415 Ecclesiae
1672 1383 1873 1416 exaltatione

1135 1436 1203 1478 pias
1232 1437 1270 1468 ad
1289 1436 1389 1468 Deum
1406 1447 1522 1479 preces
1542 1435 1721 1475 effuderint,
1740 1446 1805 1479 quo
1824 1436 1874 1468 die

1134 1499 1170 1520 ex
1195 1488 1370 1530 praedictis
1396 1488 1427 1520 id
1454 1488 1590 1530 egerint,
1608 1489 1789 1531 plenariam
1807 1499 1876 1521 om—

1135 1541 1223 1572 nium
1249 1547 1455 1583 peccatorum
1482 1552 1612 1573 suorum
1639 1542 1875 1584 indulgentiam

1135 1599 1166 1626 et
1189 1593 1413 1626 remissionem
1436 1594 1692 1627 misericorditer
1717 1595 1748 1626 in
1767 1595 1876 1627 Domi-

1136 1656 1176 1678 no
1203 1647 1421 1678 concedimus
1449 1647 1678 1679 Praesentibus
1709 1646 1875 1689 perpetuis

1136 1699 1248 1731 suturis
1274 1699 1475 1742 temporibus
1500 1700 1656 1732 valituris.
1699 1713 1702 1715 ·

1178 1752 1204 1794 ἓ.
1231 1751 1262 1784 ⁶2.
1290 1752 1442 1784 Volumus
1477 1758 1584 1785 autem
1620 1758 1654 1784 ut
1687 1753 1874 1785 earumdem

1136 1804 1354 1850 praesentium
1380 1805 1560 1837 litterarum
1583 1806 1875 1848 transn1nptis,seu

1136 1857 1302 1899 exemplis,
1318 1857 1416 1889 etiam
1433 1856 1610 1900 impressis,
1627 1868 1723 1889 manu
1742 1857 1877 1890 alicuius

1136 1910 1254 1942 notarii
1272 1910 1393 1952 publici
1409 1910 1610 1953 subscriptis,
1633 1916 1665 1943 et
1680 1910 1788 1952 sigillo
1806 1921 1879 1953 per-

1114 1993 1115 2001 ,
1136 1973 1235 1995 sonae
1254 1963 1285 1995 in
1312 1963 1531 1995 ecclesiastica
1549 1963 1706 2005 dignitate
1724 1964 1880 1996 constitu-

358 2019 484 2051 devotio
509 2024 675 2061 augeatur,
693 2020 802 2062 aliquo
829 2020 1004 2062 gratiarum
1029 2021 1115 2064 spi-¹

1137 2020 1186 2047 tae
1213 2015 1360 2055 munitis,
1389 2016 1503 2048 eadem
1539 2016 1618 2048 fides
1643 2016 1762 2058 ubique
1788 2016 1879 2048 adhi-

1137 2070 1260 2109 beatur,
1286 2079 1367 2111 quae
1388 2068 1466 2111 ipsis
1490 2069 1718 2112 praesentibus
1743 2069 1878 2101 adhibe-

1137 2127 1226 2154 retur
1253 2122 1278 2153 si
1304 2122 1413 2154 forent
1437 2122 1604 2154 exhibitae
1636 2123 1684 2154 vel
1710 2128 1874 2155 ostensae.

1181 2175 1293 2206 Datum
1317 2175 1454 2214 Romae,
1481 2175 1567 2218 apud
1600 2175 1631 2207 S.
1660 2175 1792 2207 Mariani
1817 2175 1879 2206 Ma-

1302 2228 1361 2259 sub
1394 2229 1514 2260 annulo
1546 2228 1739 2268 Piscatoris,
1782 2228 1833 2259 die
1860 2238 1877 2260 v

1140 2343 1181 2365 110
1206 2344 1248 2366 lv.

1547 2388 1570 2421 1.
1592 2388 1627 2421 G.
1648 2388 1787 2421 Stuslrs.

1176 2447 1234 2474 Dat.
1257 2448 1300 2475 die
1320 2449 1336 2475 5
1350 2448 1407 2475 iulii
1432 2450 1510 2484 1673,
1528 2450 1623 2485 pontif.
1641 2458 1711 2476 anno
1728 2457 1761 2475 ix.

1176 2506 1297 2544 Reyz'ser.
1319 2511 1347 2537 in
1369 2512 1474 2539 Sem-et.
1498 2512 1527 2538 in
1549 2513 1598 2539 lib.
1620 2519 1645 2538 lv
1665 2511 1801 2539 Brevium
1831 2510 1876 2536 di-

1142 2547 1297 2589 versorem,
1313 2556 1364 2589 fol.
1386 2555 1447 2581 184.

1871 228 1920 253 An.
1938 227 1966 253 C.
1989 225 2057 254 1073

1921 1762 2071 1786 ‘transumpto-

1888 1794 1931 1808 rum
1947 1788 2007 1808 fidos.
