2279 3260
118 243 169 272 An.
190 242 219 273 C.
237 243 306 272 1676

152 833 261 860 Expositio
277 831 306 852 sn·

122 860 159 881 cti.

933 243 1075 270 CLEMENS
1096 245 1116 269 X
1139 245 1189 269 PP.

312 294 411 328 clesia
434 295 490 329 Dei
522 295 574 339 pie
605 299 781 337 sancteque
802 294 1042 333 institutarum,

313 347 493 391 uberesque
507 348 665 382 bonorum
679 359 812 390 operum
827 348 948 379 fructus
961 347 1047 379 adiu-

312 406 405 433 vante
429 401 565 434 Domino
590 402 737 444 proferre
764 400 882 442 iugiter
901 405 1047 441 satagen-

313 453 400 493 tium,
417 464 525 486 curam
552 459 714 496 gerentes,
732 453 860 486 illarum
887 452 994 485 decori
1016 456 1048 484 et

313 506 501 546 commodis,
521 517 557 539 ac
586 506 780 550 praesertim
804 516 965 538 sacrarum
987 504 1048 537 cis-

313 568 374 600 que
406 559 639 592 aemulantium
664 558 842 592 bonarum¹
869 559 1047 591 litterarum

313 611 428 644 studiis
454 611 486 644 in
513 612 558 645 cis
580 612 618 644 ad
636 612 691 645 Dei
713 612 849 655 gloriam
868 617 899 643 et
916 610 1049 652 religio-

313 663 362 695 nis
379 663 616 697 incrementum
634 664 873 707 promovendis,
893 668 1049 706 quantum

314 716 408 749 nobis
428 728 464 750 ex
492 719 556 751 alto
582 718 783 757 conceditur,
802 716 971 761 providere
990 720 1051 747 stu·

317 769 459 803 deamus.

361 824 376 867 §
396 824 427 856 1.
453 824 577 867 Exponi
593 824 751 867 siquidem
776 823 869 856 nobis
886 832 990 866 nuper
1008 822 1052 853 se-

318 882 432 908 cerunt
455 877 564 910 dilecti
590 877 646 909 filii
672 876 807 909 vicarius
834 874 995 918 generalis
1022 878 1053 906 et

318 929 490 972 gremiales
517 930 691 962 detinitorii
708 928 975 971 Congregationis
992 927 1050 959 lta-

318 982 380 1015 liae
405 983 540 1015 fratrum
564 982 690 1015 Ordinis
721 982 929 1014 Eremitarum
953 979 1052 1012 sancti

319 1035 489 1077 Augustini
505 1035 767 1068 Excalceatorum
784 1038 1051 1076 nuncupatorum,

319 1089 415 1131 quod,
440 1088 518 1121 licet
541 1092 716 1120 conventus
742 1086 819 1119 olim
847 1086 879 1119 S.
906 1085 1050 1125 Antonii,

318 1150 404 1173 nunc
417 1140 487 1173 Iesu
502 1146 533 1173 et
548 1140 664 1173 Mariae
678 1145 891 1182 nuncupatus,
906 1139 944 1171 de
957 1138 1053 1177 Urbe,

319 1193 424 1226 dictae
448 1193 725 1236 Congregationis,
744 1193 822 1225 alias
848 1204 865 1225 a
888 1198 964 1225 tunc
989 1191 1054 1224 exi-

320 1246 479 1279 stentibus
505 1246 727 1290 superioribus
751 1257 787 1279 ex
814 1245 1054 1278 contributione

320 1298 561 1342 provinciarum
598 1305 672 1332 tunc
709 1299 919 1332 existentium
953 1297 1054 1341 ipsius

321 1352 589 1395 Congregationis
603 1353 777 1396 acquisitus
787 1359 819 1385 et
830 1353 978 1385 fundatus
992 1352 1055 1385 sue-

322 1405 364 1437 rit
391 1405 431 1438 ad
456 1406 517 1439 hoc
548 1411 583 1438 ut
615 1406 647 1438 in
673 1417 710 1439 eo
736 1406 877 1438 studium
903 1407 1054 1448 generale

321 1458 361 1491 ad
375 1469 580 1492 communem
605 1459 778 1492 utilitatem
804 1459 1000 1501 erigeretur3
1022 1459 1053 1491 in

323 1522 427 1555 eoque
462 1512 600 1545 subinde
632 1512 803 1555 collegium
836 1518 998 1553 erectum,
1025 1518 1057 1545 et

323 1566 497 1598 multorum
521 1576 680 1598 annorum
705 1565 809 1609 spatio
834 1570 1054 1606 sustentatum,

322 1618 505 1651 litterarum
522 1618 635 1651 studiis
649 1618 763 1651 eximie
782 1619 939 1659 florue1·it;
959 1629 1003 1659 ac,
1023 1624 1056 1651 ut

323 1671 408 1704 idem
416 1678 591 1704 conventus
601 1671 761 1714 religiosis
772 1672 949 1705 litterarum
957 1673 1056 1705 scien-

324 1723 366 1756 tia
383 1724 566 1767 conspicuis
583 1724 776 1765 abundaret,
799 1729 830 1757 et
843 1735 1056 1768 unaquaeque

324 1777 489 1821 provincia
513 1788 611 1810 unum
635 1778 835 1821 religiosum,
858 1779 911 1822 qui
937 1779 1057 1812 ibidem

323 1831 514 1873 perfectioni
532 1832 663 1864 studere
692 1842 790 1874 seque
812 1832 850 1865 ad
869 1832 1057 1865 exercitium

323 1883 555 1927 cuiuscumque
580 1883 724 1917 muneris
750 1884 782 1916 in
801 1885 993 1928 obsequium
1012 1886 1059 1918 di-

323 1941 394 1970 ctae
432 1935 700 1980 Congregationis
738 1938 880 1971 obeundi
916 1939 1059 1972 habilem

323 1990 462 2022 reddere
488 1990 645 2031 deberet,
669 1991 746 2024 illuc
781 1991 946 2032 mitteret,
973 2003 1057 2025 anno

323 2052 467 2076 unexvlu
487 2054 504 2076 a
523 2043 665 2086 capitulo
691 2044 835 2086 generali
861 2045 1059 2078 declaratum

324 2096 424 2129 suerit
453 2096 537 2140 quod
574 2096 676 2129 dictus
703 2103 879 2130 conventus
904 2098 1060 2132 habeatur

326 2148 453 2191 dignior
477 2150 626 2182 omnibus
657 2151 889 2192 conventibus,
916 2157 947 2184 et
971 2152 1060 2195 prior

326 2200 411 2234 illius
429 2201 549 2245 ubique
566 2213 678 2236 omnes
698 2203 824 2246 priores
849 2206 1060 2247 praecederet

325 2259 454 2297 praeter
470 2254 612 2297 priorem
628 2256 785 2297 localem;
809 2257 953 2300 quinimo
970 2259 1058 2301 capi-

326 2308 427 2340 tulum
453 2309 601 2350 generale
623 2309 766 2342 eiusdem
783 2309 1057 2353 Congregationis‚

326 2370 409 2393 anno
433 2370 597 2395 iuncxxvnl
621 2363 828 2404 celebratum,
848 2364 984 2407 insuper
1005 2365 1059 2398 de-

325 2414 495 2447 claraverit
527 2416 726 2457 praedictum
761 2423 954 2450 conventum
987 2429 1058 2451 esse

326 2473 523 2500 conventum
537 2471 732 2510 generalem,
743 2471 786 2503 ita
800 2471 880 2503 utin
896 2482 935 2504 eo
950 2471 1059 2504 existe-

325 2525 397 2552 rent
410 2520 449 2553 de
465 2521 585 2554 familia
599 2522 712 2556 fratres
728 2534 765 2557 ex
777 2526 972 2568 unaquaque
986 2536 1060 2568 pro-

362 2635 373 2662 1
395 2633 466 2662 Edit.
487 2635 566 2663 Main.
588 2635 652 2673 tegit
671 2638 811 2666 bonorum
829 2639 868 2673 (n.
884 2639 934 2674 ππ).

1720 233 1779 267 611
1830 239 2016 268 An.c.1676

1088 293 1191 326 vincia
1207 292 1245 325 ad
1262 291 1509 336 dispositionem
1526 292 1634 324 vicarii
1650 291 1820 333 generalis,

1089 350 1185 388 atque
1204 345 1248 377 ita
1265 345 1319 377 diu
1338 350 1498 377 servatum
1516 345 1632 377 suci-it:
1659 344 1822 376 nibilomi-

1089 408 1147 429 nus
1171 398 1378 441 postmodum
1403 397 1508 430 bonae
1534 397 1710 429 memoriae
1736 397 1823 429 loan-

1090 460 1146 482 nes
1164 451 1304 494 Baptista
1321 451 1350 484 S.
1369 451 1405 483 R.
1427 450 1462 483 E.
1482 450 1655 484 cardinalis
1669 450 1824 482 Pallottus

1089 510 1306 548 nuncupatus,
1332 504 1460 537 Ordinis
1484 503 1616 547 praestiti
1642 508 1716 535 tunc
1745 507 1824 535 tem-

1090 556 1179 599 poris
1192 557 1278 600 apud
1292 557 1406 590 Scdem
1417 557 1633 600 Apostolicam
1648 560 1823 598 protector,

1091 609 1327 644 declarationes
1340 610 1522 653 praedictas
1540 614 1672 653 propter
1689 607 1825 651 particu-

1091 663 1175 695 lares
1200 663 1479 696 considerationes
1497 662 1644 696 revocari
1662 666 1693 694 et
1710 661 1825 694 aunul-

1092 715 1151 748 lari
1176 716 1311 749 curavit.

1137 769 1152 811 §
1177 768 1208 801 2.
1235 769 1312 802 Cum
1338 774 1455 810 autem,
1469 769 1551 802 sicut
1569 770 1681 802 eadem
1700 767 1826 811 exposi-
1874 778 1970 808 subinde
1987 783 2021 798 ax-

1095 821 1139 854 tio
1165 821 1390 864 subiungebat,
1410 822 1485 854 dicti
1506 826 1707 865 exponentes
1734 831 1829 863 expe·
1839 807 2022 856 Effitflffltpffttsst

1094 874 1209 907 rientia
1233 880 1434 918 compertum
1459 875 1603 907 habeant
1627 874 1666 907 ad
1692 874 1827 916 gloriam
1839 858 2022 914 ggmpnr'ffiawuss

1094 927 1327 970 omnipotentis
1352 928 1417 968 Dei,
1435 938 1472 960 ac
1493 937 1697 960 communem
1723 927 1828 959 dictae
1840 912 2024 957 Elli'issssi'ituai'frj

1095 980 1361 1022 Congregationis
1394 980 1565 1013 utilitatem
1597 986 1628 1012 et
1652 980 1828 1018 unionem,

1096 1033 1327 1075 nationumque
1344 1042 1455 1076 pacem
1474 1033 1626 1076 expedire
1644 1038 1678 1065 ut
1698 1043 1830 1065 conven-

1098 1091 1147 1118 tus
1172 1085 1358 1128 praedictus
1381 1085 1415 1118 in
1440 1085 1615 1129 pristinum
1640 1090 1758 1118 statum
1780 1096 1830 1118 re-

1097 1139 1272 1179 stituatur,
1301 1149 1365 1182 quo
1400 1138 1495 1171 etiam
1528 1138 1575 1171 Ss.
1604 1138 1776 1181 Augustini
1801 1144 1832 1171 et

1096 1192 1238 1225 Tlioinae
1257 1191 1426 1234 Aquinatis
1439 1191 1594 1231 doctrina,
1610 1202 1703 1233 quam
1717 1191 1830 1223 fratres

1096 1244 1362 1287 Congregationis
1381 1244 1543 1287 praefatae
1570 1254 1606 1276 ex
1629 1244 1831 1287 praescripto

1097 1309 1229 1331 suarum
1260 1297 1529 1331 constitutionum
1566 1297 1655 1340 sequi
1690 1297 1831 1337 debent,

1097 1352 1217 1384 ibidem
1242 1351 1367 1384 facilius
1394 1352 1497 1384 valeat
1517 1351 1719 1394 promoveri:
1737 1351 1832 1383 nobis

1098 1410 1272 1448 propterea
1298 1404 1465 1437 humiliter
1492 1403 1667 1447 supplicari
1687 1404 1834 1437 fecerunt

1098 1463 1134 1490 ut
1168 1458 1199 1489 in
1236 1457 1423 1500 praemissis
1456 1462 1637 1500 opportune
1662 1456 1833 1499 providere

1099 1516 1130 1542 et
1146 1515 1180 1541 ut
1196 1509 1281 1542 inl'ra
1297 1510 1468 1551 indulgere
1487 1509 1526 1542 de
1543 1508 1745 1551 benignitate
1764 1519 1834 1552 apo-

1099 1563 1212 1596 stolica
1236 1563 1456 1606 dignaremur.

1143 1617 1158 1660 ἓ
1183 1616 1214 1650 3.
1229 1616 1293 1650 Nos
1311 1617 1418 1659 igitur,
1440 1617 1585 1660 ipsorum
1604 1616 1835 1660 exponentium
1872 1626 1967 1662 Pontifex
1993 1627 2028 1647 118.

1099 1672 1180 1704 votis
1213 1671 1274 1703 bac
1298 1671 1331 1702 in
1355 1681 1389 1703 re
1415 1675 1569 1714 quantum
1601 1681 1673 1703 cum
1699 1670 1834 1703 Domino
1846 1654 2030 1715 2¹.'{i.³1i1,†¹cji,³t¹.}¹s}f

1100 1734 1270 1767 possumus
1300 1723 1520 1756 favorabiliter
1556 1734 1698 1756 annuere
1723 1706 2029 1769 xrolcn—iizii¹⁶53“iir¹ifft{

1101 1783 1160 1818 tes,
1179 1783 1210 1810 et
1230 1788 1342 1811 eorum
1362 1777 1541 1820 singulares
1558 1788 1716 1821 personas
1732 1789 1748 1809 a
1766 1762 2030 1825 (111i2{2}⁹es⁰ii2l1is¹'¹¹2i

1101 1830 1208 1863 busvis
1233 1831 1584 1871 excommunicationis,
1613 1812 2030 1874 suspensionis“Udnwumm'

1102 1889 1134 1916 et
1157 1884 1331 1925 interdicti,
1349 1884 1487 1927 aliisque
1512 1883 1739 1917 ecclesiasticis
1765 1894 1837 1916 sen-

1102 1937 1222 1977 tentiis,
1238 1937 1381 1970 censuris
1407 1942 1438 1970 et
1461 1937 1587 1980 poenis,
1605 1947 1622 1969 a
1639 1937 1707 1969 iure
1725 1938 1776 1970 vel
1797 1938 1836 1969 ab

1103 1990 1244 2031 homine,
1264 1990 1372 2033 quavis
1388 1990 1556 2023 occasione
1574 1991 1625 2023 vel
1643 1992 1738 2029 causa
1755 1990 1834 2029 latis,

1102 2044 1127 2076 si
1152 2043 1269 2086 quibus
1296 2042 1542 2086 quomodolibet
1572 2043 1744 2076 innodatae
1772 2042 1837 2075 exi-

1103 2102 1200 2137 stunt,
1227 2097 1266 2129 ad
1291 2096 1440 2130 effectum
1465 2096 1689 2140 praesentium
1714 2097 1838 2129 dumta-

1104 2155 1155 2182 xat
1176 2150 1451 2192 consequendum,
1478 2150 1595 2182 harum
1620 2150 1704 2182 serie
1731 2149 1838 2182 absol-

1103 2208 1214 2235 ventes
1238 2208 1270 2235 et
1294 2201 1456 2235 absolutas
1481 2203 1549 2235 sore
1574 2207 1757 2243 censentes,
1779 2203 1839 2235 hu-

1103 2255 1240 2288 iusmodi
1266 2255 1559 2298 supplicationibus
1585 2255 1753 2295 inclinati,
1776 2266 1841 2287 me-

1103 2314 1263 2341 moratum
1287 2314 1481 2341 conventum
1506 2309 1577 2341 lesu
1610 2314 1641 2340 et
1666 2308 1780 2340 Mariae
1799 2308 1839 2340 de

1104 2361 1188 2394 Urbe
1214 2362 1318 2395 dictae
1343 2361 1609 2404 Congrcgationis
1644 2365 1840 2393 conventum

1104 2416 1290 2457 generalem
1305 2421 1335 2448 et
1349 2414 1445 2448 studii
1463 2414 1622 2457 generalis
1644 2414 1730 2446 iuxta
1747 2425 1837 2447 usum

1104 2475 1134 2501 et
1150 2469 1274 2511 praxim
1291 2474 1472 2511 temporum
1498 2467 1749 2511 praeteritorum
1768 2477 1839 2499 esse

1104 2527 1135 2554 et
1159 2521 1314 2564 deinceps
1339 2522 1417 2561 sore,
1437 2520 1625 2553 auctoritate
1651 2519 1837 2563 apostolica,

1105 2580 1213 2607 tenore
1239 2575 1468 2617 praesentium,
1486 2574 1703 2613 decernimus,
1730 2571 1839 2604 statui·-

1103 2638 1174 2661 mus
1200 2634 1232 2662 et
1256 2628 1467 2661 declaramus„
