2279 3260
244 242 293 269 An.
310 243 338 270 c.
363 243 430 270 ¹673
475 236 539 269 446

293 1777 315 1798 Si
331 1777 414 1798 in=imut

230 1806 369 1876 ‘ciiiirffn'i'ilffna
386 1815 414 1850 raf
425 1827 490 1853 trus
515 1821 679 1864 episcopi,
704 1829 838 1866 propter
872 1825 1017 1856 locorum
1044 1825 1164 1858 distan-

230 1859 414 1928 {3¹3ssiisgin'⁰¹¹c¹03⁰32
426 1873 500 1906 tiam
524 1875 574 1907 vel
599 1875 686 1907 aliud
708 1875 988 1918 impedimentum,
1014 1888 1073 1920 pro
1105 1879 1163 1911 1111-

229 1915 404 1982 ἒῖἒᾴιῖξῖἑὲᾞῖἶὲ
424 1926 565 1960 iusmodi
583 1928 729 1971 episcopi
746 1929 779 1961 in
796 1931 898 1962 locum
920 1932 1052 1974 praefati
1072 1932 1162 1975 Igna-

438 297 474 324 ut
496 303 594 325 unum
630 304 667 327 ex
691 295 844 338 praefatis
878 295 1072 339 presbyteris
1104 306 1175 327 cum

438 344 518 388 ipsis
543 348 606 378 una
631 347 670 380 ad
694 353 804 391 partes
836 348 1034 391 supradictas
1069 347 1176 390 profc-

438 398 506 439 6115,
531 409 626 442 quem
661 401 813 433 obeundo
844 400 1016 433 vicariatus
1050 405 1174 443 aposto-

437 450 491 484 lici
516 451 702 485 huiusmodi
728 453 853 486 muneri
887 452 987 495 magis
1020 452 1173 485 idoneum

437 504 469 536 in
506 504 706 537 conscientia
740 505 978 545 iudicavissent,
1016 505 1172 537 ecclesiae

436 557 741 599 Metellopolitanae,
757 568 815 600 per
837 556 959 590 obitum
985 557 1061 590 dicti
1087 557 1172 599 lgna·

437 610 471 642 tii
497 610 642 652 episcopi
667 611 782 643 solatio
807 610 946 653 pastoris
974 615 1048 642 tunc
1074 610 1172 642 desti-

437 668 532 702 tutae,
548 664 580 696 in
606 663 795 706 episcopum
822 668 853 695 et
876 668 1042 706 pastorem
1067 668 1172 695 aucto-

435 715 528 748 ritate
553 715 731 758 apostolica
755 715 949 758 praeferre',
975 715 1088 758 illique
1125 715 1170 748 sic

434 769 596 810 praefecto
622 778 736 800 munus
755 768 1008 801 consecrationis
1028 778 1100 801 cum
1125 778 1171 800 as-

435 819 583 852 sistentia
629 819 727 852 unius
767 821 817 853 vel
854 820 994 854 duorum
1030 821 1169 853 aliorum

434 873 707 916 presbyterorum,
733 873 856 905 etiamsi
882 884 948 906 non
974 879 1083 907 essent
1108 873 1169 917 epi-

433 925 521 968 scopi
546 925 655 958 necin
675 926 891 959 ecclesiastica
918 926 1073 969 dignitate
1098 938 1168 961 con-

432 977 543 1018 stituti,
581 978 606 1011 si
644 979 803 1019 adessent,
841 979 891 1011 sin
931 980 1046 1021 minus,
1072 980 1188 1024 etiam„

1186 1026 1188 1039 ²
1211 1034 1351 1067 tributae
1376 1034 1522 1074 fuerant,
1551 1035 1655 1067 donec
1682 1039 1790 1067 tamen
1815 1040 1846 1067 et
1870 1045 1949 1078 quo-

432 1030 554 1073 absque
595 1031 757 1064 eiusmodi
797 1032 991 1073 assistentia,
1034 1034 1167 1066 servatis

433 1090 540 1118 tamen
558 1085 690 1128 pariter,
710 1091 865 1128 quantum
884 1088 973 1120 locus
991 1092 1022 1119 et
1040 1093 1165 1130 tenipus

432 1137 668 1179 permitterent,
699 1139 914 1171 caeremoniis
940 1139 971 1172 in
998 1150 1166 1173 consecra-

432 1189 519 1222 tione
545 1190 772 1233 episcoporum
798 1191 944 1224 adhiberi
971 1193 1084 1233 solitis,
1113 1204 1165 1226 re-

431 1247 587 1285 ceptoque
613 1242 702 1286 prius
721 1243 759 1275 ab
776 1243 833 1277 illo
852 1243 1014 1277 fidelitatis
1035 1245 1162 1278 debitae

431 1294 612 1327 iuramento
637 1296 795 1338 praefato,
828 1296 949 1339 pariter
974 1297 1162 1340 impendere

429 1345 530 1379 libere
556 1352 588 1380 et
612 1347 697 1380 licite
724 1349 876 1388 valerent,
899 1350 1083 1382 facultatem
1110 1361 1164 1382 au-

429 1399 576 1433 ctoritate
596 1401 738 1443 praefata
759 1401 870 1433 tribuit
887 1402 1038 1435 similiter
1056 1408 1088 1435 et
1104 1403 1163 1435 im-

427 1452 563 1495 pertitus
589 1458 653 1493 est,
680 1456 717 1486 ea
743 1459 851 1486 tamen
877 1455 949 1497 lege
974 1460 1010 1487 ut
1034 1456 1094 1488 hac
1118 1456 1163 1488 fa-

427 1505 546 1538 cultate
571 1516 636 1538 non
662 1511 841 1547 uterentur,
875 1507 935 1539 nisi
962 1509 1090 1550 quando
1117 1508 1162 1541 eis

426 1557 619 1599 permissum
652 1558 765 1591 fuisset
796 1559 924 1602 ingredi
958 1571 994 1593 ea
1018 1562 1095 1599 loca,
1129 1561 1161 1593 in

426 1610 542 1652 quibus
566 1610 753 1644 vicariatum
778 1613 993 1655 apostolicum
1018 1615 1161 1656 praefato

424 1662 546 1704 Ignatio
572 1664 734 1707 episcopo,
762 1664 846 1697 sicut
862 1666 1081 1709 supradictum
1106 1673 1160 1706 est,

426 1715 685 1749 demandaverat.

468 1769 483 1812 g
509 1769 540 1801 5.
567 1769 659 1807 Quod
685 1770 710 1802 si
736 1770 811 1803 dicti
844 1771 1030 1804 Franciscus
1055 1779 1086 1805 et
1107 1774 1162 1806 Pe-

424 1979 458 2012 iii
485 1980 628 2013 defuncti
654 1981 869 2022 ordinatione,
889 1983 1018 2016 insimul
1044 1994 1161 2018 conve-

422 2033 492 2065 nire
518 2034 703 2076 nequirent,
729 2040 828 2067 totam
861 2036 944 2068 hanc
976 2037 1160 2071 facultatem

422 2096 592 2119 remanere
617 2087 721 2120 voluit
751 2099 852 2131 penes
887 2090 1066 2132 praefatum
1102 2092 1159 2124 Pe-

422 2144 506 2171 trum
543 2139 733 2183 episcopum
771 2141 1005 2185 Berytensem,
1038 2145 1092 2187 qui
1132 2146 1157 2178 si

422 2197 569 2235 tempore
594 2194 749 2226 adventus
774 2195 888 2228 ultimo
907 2196 1052 2229 datarum
1077 2197 1158 2231 litte-

422 2255 531 2277 raruui
556 2247 595 2279 ad
626 2247 697 2280 illas
730 2254 840 2291 partes
865 2249 903 2282 de
938 2249 999 2281 hoc
1030 2252 1157 2283 saeculo

422 2298 630 2340 migravisset,
658 2301 770 2333 eadem
796 2302 930 2334 facultas
962 2313 1063 2345 penes
1095 2314 1157 2336 mc-

421 2357 579 2384 moratum
604 2352 811 2386 Franciscum
836 2355 1028 2398 episcopum
1052 2356 1158 2390 116111)-

421 2403 601 2445 politanam
625 2406 793 2438 resideret.
814 2407 978 2440 Ambobus
995 2414 1100 2441 autem
1118 2410 1156 2442 ab

421 2456 576 2489 1111611166
611 2459 792 2499 subtractis,
827 2460 910 2492 hanc
939 2462 1085 2494 eamdem
1118 2462 1157 2495 fa-

421 2510 575 2542 cultatem
615 2511 787 2543 ordinandi
825 2513 1016 2556 episcopum
1053 2514 1156 2548 dictae

1021 248 1199 272 minantum
1222 247 1372 274 ROMANUM

1957 253 2006 279 Aa.
2026 252 2054 280 C.
2077 252 2144 281 ¹673

1217 296 1354 338 pradicti
1394 297 1506 340 Ignatii
1542 299 1685 332 defuncti
1722 299 1858 333 haberet
1894 300 1950 333 ille

1218 347 1403 391 episcopus,
1429 360 1524 393 quem
1541 352 1622 384 alter
1639 356 1806 395 superstes
1825 363 1863 385 ex
1889 352 1950 385 eis-

1217 400 1289 433 dem
1326 401 1496 436 Francisco
1527 409 1558 436 et
1589 404 1684 438 Petro
1721 404 1884 448 episcopis
1917 404 1951 437 in

1215 452 1278 484 vim
1305 454 1521 495 praefatarum
1556 455 1735 489 litterarum
1769 457 1820 490 die
1846 467 1877 491 1v
1910 457 1952 490 fe-

1216 505 1338 539 bruarii
1364 517 1504 541 nnetxiv
1530 515 1746 542 emanatarum
1784 520 1952 543 consecra-

1214 558 1322 591 visset.
1350 560 1394 592 Ac
1419 560 1604 603 episcopum
1628 562 1738 604 vigore
1765 563 1951 596 ultimarum

1214 611 1387 644 Alexandri
1411 612 1670 655 praedecessoris
1689 614 1870 648 litterarum
1895 616 1951 648 hu-

1214 662 1352 696 iusmodi
1378 664 1462 697 sicut
1485 665 1702 708 praemittitur
1719 667 1948 709 ordinandum,

1213 726 1250 748 ex
1276 721 1352 749 tunc
1376 722 1474 760 prout
1498 722 1671 761 postquam
1692 720 1857 753 ordinatus
1881 720 1952 754 suis-

1212 775 1278 809 set,
1304 769 1458 802 vicarium
1493 770 1709 813 apostolicum
1741 772 1774 804 in
1804 772 1951 815 partibus

1212 822 1401 864 supradictis
1427 824 1500 856 loeo
1537 823 1706 856 memorati
1742 824 1855 866 Ignatii
1885 825 1953 867 epi-

1211 875 1313 918 scopi,
1340 885 1411 908 cum
1450 876 1600 909 omnibus
1627 882 1658 909 et
1683 877 1817 919 singulis
1855 877 1952 910 sacul-

1212 929 1340 969 tatibus,
1373 940 1456 972 quae
1491 929 1598 962 eidem
1633 930 1758 972 Ignatio
1795 930 1950 974 episcopo

1211 991 1270 1024 per
1294 981 1453 1024 praefatas
1479 982 1600 1015 litteras
1630 982 1875 1025 quomodolibet
1909 987 1951 1015 at-

1211 1098 1312 1130 usque
1334 1098 1350 1120 a
1367 1089 1546 1120 memorata
1562 1087 1820 1130 Congregatione
1846 1088 1948 1121 cardi-

1209 1141 1331 1173 nalium
1358 1140 1451 1172 aliter
1475 1140 1660 1172 mandatum
1681 1142 1730 1173 vel
1755 1140 1947 1183 dispositum

1209 1193 1341 1233 fuisset,
1379 1192 1567 1225 auctoritate
1603 1193 1746 1236 praefata
1781 1194 1950 1236 deputavit

1207 1245 1336 1288 pariter,
1352 1256 1388 1277 ac
1406 1245 1570 1277 substituit
1587 1250 1618 1277 et
1635 1245 1837 1288 subrogavit3
1857 1247 1944 1278 salva

1207 1298 1355 1331 similiter
1379 1298 1412 1329 in
1436 1297 1623 1340 praemissis
1643 1297 1835 1330 auctoritate
1861 1297 1945 1331 eius-

1208 1352 1280 1383 dem
1304 1350 1573 1393 Congregationis
1598 1351 1822 1391 cardinalium,
1849 1361 1945 1394 quam

1207 1404 1246 1450 de
1271 1403 1309 1435 iis
1341 1403 1509 1443 011111111115,
1541 1413 1623 1446 quae
1653 1404 1840 1436 earumdem
1870 1403 1946 1436 ulti-

1205 1467 1329 1489 marum
1353 1456 1535 1489 litterarum
1554 1456 1665 1498 vigore
1686 1462 1778 1499 gesta
1798 1456 1942 1496 fuissent,

1207 1509 1420 1552 quantocitius
1435 1508 1531 1541 etiam
1543 1509 1744 1541 voluitreddi
1759 1508 1939 1541 certiorem.

1250 1562 1264 1604 g
1289 1561 1319 1594 6.
1346 1562 1477 1594 Β611111111
1503 1571 1586 1594 novo
1612 1561 1766 1604 episcopo
1800 1561 1942 1594 Metello-
1967 1576 2142 1604 Εμιςωρηωη..

1205 1615 1363 1658 pontano,
1386 1615 1468 1647 sicut
1488 1615 1671 1658 praefertur
1684 1614 1876 1655 ordinando,
1894 1614 1942 1647 111-
1954 1606 2069 1652 3ζῖἶῖζῖἶῖἶῖ
2097 1607 2140 1653 MT!

1207 1668 1330 1700 dultum
1355 1678 1418 1700 non
1437 1667 1613 1700 accedendi
1632 1667 1671 1700 ad
1692 1667 1863 1700 ecclesiam
1881 1667 1943 1700 Me-
1954 1657 2141 1707 §gssss‘hffiflmss'n

1208 1721 1464 1764 tellopolitanam
1490 1720 1687 1761 huiusmodi,
1710 1721 1863 1763 quamdiu
1888 1713 2058 1753 illa²²⁰⁹³¹¹¹‘·

1207 1774 1245 1806 ab
1270 1773 1453 1806 infidelibus
1478 1772 1686 1813 detineretur,
1713 1783 1771 1805 nec
1796 1774 1880 1816 apud
1912 1773 1944 1806 il-

1206 1828 1269 1860 lam
1295 1827 1514 1870 personaliter
1538 1826 1704 1859 residendi
1724 1826 1946 1869 pariformiter

1206 1879 1382 1919 concessit3
1404 1884 1436 1911 et
1452 1879 1539 1919 alias,
1559 1884 1657 1922 prout
1673 1878 1706 1910 in
1724 1879 1857 1921 praefati
1877 1880 1944 1912 Ale-

1205 1932 1318 1964 xandri
1349 1932 1612 1975 praedecessoris
1646 1931 1780 1972 litteris,
1807 1942 1945 1974 quarum

1206 1986 1352 2018 omnium
1377 1991 1408 2017 et
1428 1984 1626 2027 singularum
1643 1990 1776 2017 tenores
1795 1995 1943 2028 praesen-

1206 2038 1289 2070 tibus
1312 2048 1372 2080 pro
1389 2038 1485 2080 plene
1505 2043 1537 2069 et
1556 2037 1755 2069 sufficienter
1779 2038 1941 2080 expressis

1203 2102 1238 2123 ac
1263 2092 1302 2124 de
1326 2091 1426 2124 verbo
1452 2091 1491 2123 ad
1515 2091 1650 2123 verbum
1675 2090 1804 2123 insertis
1827 2090 1940 2124 haberi

1202 2146 1360 2183 volumus,
1380 2144 1513 2176 uberius
1535 2145 1729 2177 continetur.

1245 2198 1259 2239 g
1285 2197 1314 2229 7.
1341 2197 1378 2229 Et
1403 2197 1580 2229 successive
1606 2203 1737 2240 accepto
1762 2208 1820 2240 per
1847 2207 1939 2231 reco-
1983 2203 2042 2224 Novo
2053 2204 2134 2230 episco-

1201 2251 1315 2282 lendae
1340 2250 1515 2282 memoriae
1533 2249 1732 2283 Clementem
1751 2251 1867 2293 Papam
1884 2251 1935 2290 lx,
1948 2231 2134 2278 gshssggffissfffi‘:

1200 2303 1484 2346 praedecessorem
1516 2302 1637 2345 pariter
1662 2309 1820 2343 nostrum,
1851 2282 2071 2346 qiiod¹²⁵'u¹m²‘

1200 2355 1309 2388 civitas
1334 2355 1446 2395 Iuthia,
1467 2356 1563 2397 vulgo
1588 2355 1682 2396 Siam,
1708 2356 1938 2399 praecipuum¹

1201 2414 1288 2442 esset
1311 2409 1494 2452 emporium
1526 2408 1623 2441 totius
1659 2409 1751 2451 regni
1786 2409 1873 2442 Siani
1909 2415 1941 2442 et

1201 2463 1238 2494 ad
1264 2462 1351 2494 illam
1377 2461 1549 2494 continuus
1574 2467 1657 2495 esset
1686 2473 1861 2495 concursus
1893 2463 1941 2496 di-

1200 2525 1369 2547 versarum
1385 2514 1552 2547 nationum
1574 2520 1637 2547 tam
1652 2514 1829 2548 vicinarum
1843 2526 1940 2559 quam

422 2562 576 2595 ecclesiae
602 2563 894 2607 Mctcllopolitauae
919 2565 951 2597 in
977 2568 1083 2600 locum
1108 2578 1157 2600 su-
1200 2568 1460 2611 longinquarum‚
1487 2568 1603 2611 quibus
1635 2579 1690 2601 rex
1723 2568 1798 2601 dicti
1832 2569 1936 2612 regni,

458 2626 468 2652 1
490 2624 587 2660 Aptius
606 2625 664 2660 lege
682 2627 838 2661 praeficere
852 2628 890 2662 (tt.
904 2628 955 2662 T.).

1238 2631 1249 2656 1
1272 2629 1337 2657 Male
1358 2629 1422 2657 edit.
1444 2629 1525 2656 Maia.
1542 2629 1606 2665 legit
1622 2631 1812 2665 praecipuam
1832 2631 1871 2665 (11,
1888 2630 1936 2665 τ,).
