2279 3260
257 242 292 268 Λη
324 242 351 268 r..
373 244 438 270 ¹075
483 237 547 269 oet

278 1516 288 1541 ξ
304 1515 321 1535 t.
342 1514 372 1534 De
387 1518 432 1540 spe·

251 1542 356 1563 stantibus
406 1540 434 1560 ad

250 1568 389 1589 ‹lntiuitorittm
399 1572 432 1593 ge-

250 1594 332 1616 nauale.

449 353 483 379 ut
507 347 545 380 de
571 347 635 380 illis
662 349 793 381 iudicet.
821 348 889 386 Ouo
916 348 1011 387 sacto,
1040 347 1107 389 ipse
1127 357 1180 379 eas

449 400 554 433 mittet
570 401 608 434 ad
622 402 820 444 praedictum
839 401 991 443 generale
1004 399 1180 433 archivium

450 453 481 485 in
507 464 571 496 quo
596 459 828 486 conserventur
853 454 909 486 sub
935 452 1022 491 clavi,
1050 462 1131 495 quae
1149 462 1181 483 a-

449 506 513 548 pud
539 511 662 549 patrem
693 507 878 549 generalem
911 506 959 538 vel
986 504 1053 537 eius
1078 514 1183 536 secre-

450 559 564 591 tarium
589 559 640 591 sit¹

493 622 554 644 xlx.
583 611 620 643 Et
644 622 682 643 ne
709 612 847 644 decursu
865 610 1017 654 temporis
1036 609 1109 642 libri
1126 609 1181 642 Or-

449 663 543 703 dinis,
569 664 685 701 bullae,
710 663 828 703 brevia,
851 662 1020 706 privilegia
1044 668 1180 694 ceterae-

448 726 509 758 que
528 715 703 757 scripturae
719 715 957 757 disperdantur,
975 714 1179 747 decernimus

448 768 532 810 quod
559 767 589 799 in
615 773 725 800 nostro
752 773 912 801 conventu
941 767 1115 800 Matritensi
1141 766 1181 799 sit

447 819 626 852 archivium
653 821 815 861 generale,
842 820 873 852 in
901 820 989 852 cuius
1015 824 1106 862 parte
1132 829 1180 851 se-

447 874 557 915 parata
589 872 696 904 omnia
731 873 895 915 praedicta
927 877 1125 915 reponantur
1146 876 1180 904 'et

446 925 670 958 custodiantur
694 926 752 957 sub
779 926 900 958 duabus
926 926 1077 966 clavibus,
1103 936 1180 968 qua-

447 989 517 1013 rum
543 980 642 1011 altera
667 978 708 1010 sit
725 979 809 1021 apud
833 984 957 1021 patrem
984 979 1177 1021 generalem,

446 1033 548 1065 altera
572 1042 648 1064 vero
673 1032 757 1074 apud
784 1042 883 1064 unum
901 1043 937 1064 cx
957 1030 1179 1064 definitoribus

446 1084 681 1127 designandum
707 1095 723 1117 a
749 1083 947 1125 definitorio,
976 1089 1006 1117 et
1032 1083 1180 1117 similiter

445 1138 484 1170 ad
509 1137 657 1170 eumdem
676 1136 821 1170 effectum
839 1137 870 1169 in
888 1143 1048 1170 conventu
1065 1141 1178 1170 nostro

445 1190 557 1223 Curiae
584 1190 745 1223 Romanae
762 1189 802 1222 sit
820 1190 906 1222 aliud
924 1189 1113 1229 archivium,
1131 1200 1180 1222 cu-

446 1243 495 1275 ius
519 1244 622 1275 claves
648 1243 788 1275 habeant
805 1248 896 1285 pater
916 1242 1062 1274 minister
1079 1247 1109 1275 et
1126 1253 1178 1285 pa-

446 1301 494 1328 ter
518 1300 708 1338 procurator
733 1295 893 1338 generalis
928 1294 1020 1327 istius
1045 1294 1176 1334 Curiae,

445 1348 574 1390 quando
598 1358 672 1380 vero
699 1352 871 1390 utrumque
898 1357 1012 1379 munus
1031 1347 1180 1380 minister

445 1406 603 1439 exerceat,
624 1401 760 1432 alteram
777 1410 814 1432 ex
834 1400 883 1432 his
903 1399 1046 1433 clavibus
1062 1400 1180 1433 habeat

444 1453 649 1487 consiliarius
674 1454 851 1496 antiquior.

489 1517 511 1540 1.
538 1506 679 1539 Primum
705 1506 847 1549 pertinet
871 1506 909 1539 ad
934 1506 1176 1546 definitorium,

444 1560 576 1592 servatis
601 1559 679 1592 alias
711 1559 892 1599 servandis,
919 1571 1015 1593 novas
1041 1562 1179 1593 conven-

444 1617 530 1645 tuum
557 1612 761 1645 fundationes
788 1612 970 1653 admittere,
997 1624 1034 1646 ex
1059 1624 1122 1647 uno
1139 1614 1180 1646 si-

444 1670 477 1698 tu
514 1666 546 1698 in
578 1667 716 1698 alterum
747 1666 811 1698 iam
847 1666 946 1699 factas
979 1667 1177 1707 transferre,

443 1725 620 1752 conventus
646 1719 741 1751 unius
773 1719 958 1762 provinciae
990 1721 1081 1753 alteri
1106 1731 1180 1763 pro-

442 1772 566 1805 vinciae
591 1772 762 1815 designare
789 1777 821 1805 et
844 1772 1041 1813 adscribere,
1066 1784 1180 1806 consu-

442 1825 541 1858 lendo
567 1830 674 1857 tamen
700 1825 732 1857 in
757 1825 933 1867 praedictis
966 1825 1180 1868 provinciales

443 1877 573 1911 illarum
598 1877 837 1920 provinciarum
861 1877 1028 1921 inquibus
1057 1879 1179 1922 aliquid

443 1941 479 1964 ex
506 1930 600 1964 dictis
625 1930 807 1963 faciendum
833 1931 885 1963 sit.

487 1993 523 2017 11.
550 1983 652 2015 Etiam
676 1983 820 2026 pertinet
854 1984 893 2016 ad
924 1983 1030 2027 ipsum
1063 1985 1177 2027 punire

442 2037 551 2079 culpas
566 2035 777 2078 gravissimas,
804 2041 839 2068 ut
863 2036 982 2069 dictum
1002 2042 1051 2069 est
1071 2049 1177 2081 supra,

444 2099 513 2132 cap.
541 2098 608 2129 xiii,
627 2089 641 2132 ἓ
657 2088 685 2128 ⁶2,
704 2099 734 2121 n.
753 2099 804 2129 vn,
822 2089 928 2122 facere
946 2094 1065 2123 statuta
1083 2090 1177 2134 (quae

442 2145 516 2174 acta
532 2141 747 2174 communiter
768 2142 931 2185 dicuntur)
948 2153 1006 2185 pro
1026 2144 1178 2176 ret‘orma-

445 2194 531 2227 tione
558 2194 653 2227 totius
679 2194 817 2235 Ordinis,
832 2194 887 2228 illa
911 2206 1061 2229 revocare
1087 2207 1122 2229 ac
1146 2197 1177 2229 in

443 2247 508 2280 illis
542 2247 752 2290 dispensare,
787 2247 951 2281 declarare
984 2249 1079 2282 dubia
1102 2261 1179 2293 erga

442 2305 568 2332 nostras
594 2300 843 2333 constitutiones
874 2303 1088 2343 occurrentia,
1115 2303 1179 2336 dis-

442 2363 582 2396 pensare
607 2353 639 2385 in
665 2353 788 2386 eisdem
825 2355 1112 2388 constitutionibus
1139 2357 1176 2390 ad

442 2405 625 2438 universale
644 2405 770 2438 Ordinis
790 2406 935 2448 regimen
950 2418 1015 2440 non
1030 2415 1179 2451 spectan-

445 2460 540 2499 tibus,
565 2464 699 2501 excepto
725 2460 853 2502 quando
879 2460 910 2492 id
929 2459 960 2492 in
982 2462 1179 2496 constitutio-

444 2513 539 2545 nibus
565 2512 747 2545 desinitorio
773 2513 966 2555 prohibetur
998 2514 1107 2557 (quod
1135 2521 1179 2549 ta-

443 2577 518 2599 men
538 2577 611 2600 raro
626 2565 702 2609 siat),
723 2570 762 2606 et,
780 2567 1057 2600 consentientibus
1075 2570 1178 2602 omni-

445 2621 504 2653 bus
523 2618 680 2664 suffragiis
693 2623 821 2664 praeter
837 2629 947 2662 unum,
961 2619 1056 2654 etiam
1066 2622 1179 2656 attinet

1019 247 1197 271 numanum
1221 245 1371 273 nominum

449 293 520 326 illas
557 295 719 328 remittant
751 296 788 329 ad
819 307 913 329 suum
939 294 1201 338 provincialem,¹

1223 295 1261 327 ad
1287 295 1390 338 ipsum
1416 296 1601 340 dispensare
1627 298 1658 331 in
1685 299 1811 331 statutis
1830 308 1886 331 sen
1904 299 1954 331 de-

1223 347 1319 380 cretis
1343 348 1476 392 capituli
1502 351 1674 392 generalis.

1266 410 1313 433 111.
1342 401 1388 434 Ad
1424 400 1642 436 definitoriuni
1673 414 1804 447 qnoque
1831 407 1956 447 spectat

1223 452 1394 495 designare
1420 458 1544 497 tempus
1570 459 1601 487 et
1624 456 1730 488 locum
1756 456 1788 488 in
1814 467 1877 500 quo
1903 467 1953 489 ce-

1223 505 1411 538 lebrandum
1425 511 1472 539 est
1486 507 1661 550 capitulum
1679 510 1843 550 generale,
1858 509 1953 542 desti-

1223 568 1299 590 nare
1315 558 1409 591 etiam
1423 559 1530 592 locum
1546 559 1575 591 in
1592 570 1657 602 quo
1671 561 1865 594 celebranda
1878 566 1953 594 sunt

1222 607 1405 641 delinitoria
1430 620 1539 642 mense
1565 610 1650 642 maio
1675 615 1706 642 et
1730 611 1919 654 septembri.

1265 672 1305 693 iv.
1334 661 1378 694 Ad
1405 662 1510 705 ipsum
1537 662 1753 695 definitorium
1776 663 1868 696 etiam
1883 675 1955 708 spe-

1222 718 1285 746 ctat
1300 714 1469 747 admittere
1487 714 1765 748 renunciationem
1783 716 1882 759 patris
1904 727 1956 759 ge-

1222 765 1346 808 geralis,
1361 766 1386 799 si
1412 766 1580 800 actualiter
1597 772 1672 799 tunc
1692 777 1756 800 non
1775 768 1956 801 celebratur

1221 818 1397 861 capitulum
1423 820 1585 861 generale,
1614 820 1651 852 ad
1677 819 1767 853 cuius
1791 821 1956 854 admissio-

1222 881 1294 903 nem
1320 872 1427 904 omnia
1459 871 1610 915 suffragia
1642 883 1838 906 concurrere
1860 875 1951 907 volu-

1222 934 1313 964 mus,
1349 924 1518 957 admittere
1560 924 1654 957 etiam
1694 925 1956 959 renunciationes

1222 982 1309 1009 extra
1345 976 1521 1020 capitulum
1559 978 1710 1020 generale
1745 978 1844 1010 factas
1879 978 1957 1012 alio·

1222 1040 1291 1061 rum
1324 1031 1557 1072 praelatorum,
1584 1030 1706 1073 eligere
1731 1035 1763 1063 et
1786 1031 1954 1064 nominare

1222 1086 1447 1125 procuratores
1472 1084 1649 1125 generales,
1675 1094 1712 1116 ac
1733 1083 1888 1126 (leputare
1906 1094 1956 1116 re—

1222 1135 1353 1178 ligiosos
1380 1135 1432 1179 qui
1464 1136 1722 1180 redemptionem
1754 1136 1955 1179 captivorum

1222 1198 1372 1221 exercere
1399 1189 1529 1229 debent,
1556 1194 1585 1222 et
1612 1189 1666 1233 qui
1693 1189 1729 1222 ad
1759 1196 1956 1223 sacramenta

1221 1241 1432 1274 ministranda
1457 1241 1590 1285 captivis
1615 1242 1792 1285 profecturi
1817 1249 1900 1282 sunt,
1926 1248 1958 1276 et

1222 1298 1285 1325 tam
1311 1293 1361 1325 his
1395 1304 1490 1337 quam
1516 1294 1581 1327 illis
1607 1294 1838 1327 instructiones
1863 1305 1958 1338 prae-

1221 1350 1305 1378 stare
1330 1356 1408 1389 quas
1426 1346 1599 1379 observare
1625 1346 1755 1385 debent,
1770 1348 1957 1380 facultatem

1221 1398 1400 1431 concedere
1413 1399 1575 1441 religiosis
1591 1403 1626 1431 ut
1638 1399 1771 1432 Romam
1784 1404 1896 1443 petant
1907 1402 1957 1434 vel

1222 1451 1401 1494 quemlibet
1418 1451 1516 1484 alium
1531 1453 1637 1485 locum
1653 1457 1742 1485 extra
1757 1452 1955 1496 Hispaniam.

1265 1515 1294 1536 v.
1320 1504 1455 1547 Insuper
1479 1505 1639 1547 praebere
1668 1515 1857 1538 consensum
1883 1512 1917 1539 ut
1941 1518 1959 1540 a

1221 1556 1351 1590 Summo
1377 1557 1531 1590 Pontifice
1553 1558 1600 1590 vel
1619 1558 1686 1590 eius
1703 1558 1800 1591 sacris
1818 1558 1959 1602 Congre-

1222 1609 1403 1652 gationibus
1428 1610 1558 1643 licentia
1582 1610 1766 1644 obtineatur
1789 1616 1824 1644 ut
1840 1612 1957 1656 aliquis

1222 1673 1278 1696 seu
1304 1663 1401 1707 aliqui
1424 1663 1566 1706 religiosi
1592 1664 1692 1697 nostri
1718 1665 1887 1698 transitum
1913 1666 1958 1698 sa-

1222 1716 1308 1748 ciant
1331 1716 1371 1749 ad
1395 1716 1473 1749 alias
1494 1717 1680 1759 religiones,
1701 1717 1864 1751 licentiam
1885 1729 1960 1751 con-

1223 1770 1340 1802 cedere
1372 1775 1408 1802 ut
1438 1770 1509 1802 libri
1537 1769 1619 1813 typis
1647 1771 1860 1811 mandentur,
1887 1771 1957 1805 sine

1223 1834 1282 1866 qua
1308 1833 1404 1855 nemo
1429 1822 1461 1855 id
1486 1823 1603 1856 audeat
1628 1824 1744 1864 faeere,
1769 1825 1828 1857 sub
1852 1828 1959 1868 poena

1222 1876 1407 1920 privationis
1433 1876 1531 1909 officii
1548 1905 1556 1917 ,
1591 1877 1746 1922 vocisque
1780 1878 1902 1912 activae
1927 1885 1959 1912 et

1222 1929 1367 1973 passivae
1391 1940 1451 1973 per
1476 1930 1659 1963 triennium.

1265 1993 1307 2016 v1.
1326 1983 1405 2015 Item
1423 1983 1607 2016 facultatem
1629 1984 1807 2017 concedere
1825 1994 1958 2018 conven-

1222 2037 1317 2076 tibus,
1342 2041 1374 2069 ut
1401 2036 1628 2077 haereditates,
1644 2047 1700 2069 seu
1725 2037 1893 2080 legitimas,
1909 2049 1958 2071 re-

1220 2089 1384 2130 nuncient,
1398 2091 1530 2132 excepta
1549 2095 1654 2122 tamen
1669 2096 1759 2133 parte
1775 2091 1813 2123 ad
1832 2092 1957 2125 redem-

1220 2143 1366 2186 ptionem
1391 2143 1589 2186 captivorum
1614 2148 1802 2186 spectante,
1828 2149 1860 2176 et
1884 2155 1957 2178 cum

1221 2195 1405 2229 conditione
1442 2196 1528 2238 quod
1565 2195 1589 2228 si
1619 2205 1778 2238 persona,
1810 2196 1841 2228 in
1867 2197 1956 2230 cuius

1221 2250 1361 2282 savorem
1386 2249 1467 2281 sacta
1485 2248 1580 2280 fuerit
1600 2249 1812 2288 renunciatio,
1836 2251 1956 2293 absque

1221 2301 1362 2334 haerede
1388 2300 1568 2334 necessario
1601 2301 1791 2342 decesserit,
1816 2303 1854 2335 ad
1880 2303 1955 2336 reli-

1220 2355 1347 2398 gionem
1378 2352 1544 2396 legitima⁴
1569 2354 1693 2386 redeat.
1727 2354 1808 2387 Istae
1847 2361 1955 2389 autem

1220 2406 1480 2440 renunciationes
1498 2406 1529 2438 in
1548 2406 1631 2439 libro
1651 2414 1827 2441 conventus
1842 2419 1956 2443 renun-

1221 2460 1334 2493 ciantis
1360 2459 1498 2503 scriptae
1524 2460 1556 2492 in
1581 2460 1766 2496 memoriam
1790 2469 1952 2496 maneant.

1222 2514 1342 2547 Deinde
1368 2518 1477 2556 potest
1501 2514 1596 2546 etiam
1615 2514 1842 2555 deffinitorhun,
1865 2522 1896 2549 et
1915 2517 1954 2550 ad

1222 2568 1326 2611 ipsum
1350 2572 1489 2610 spectat,
1521 2566 1686 2600 licentiam
1711 2570 1892 2603 concedere
1920 2575 1955 2603 nt

1259 2632 1270 2658 1
1293 2630 1358 2657 Male
1379 2630 1443 2657 edit.
1469 2630 1548 2658 ltlain.
1573 2630 1634 2667 legit
1659 2631 1819 2667 leqitimam
1843 2632 1882 2669 (n.
1902 2634 1953 2671 ιη).

1955 250 2006 278 An.
2026 251 2056 279 C.
2079 252 2147 279 ¹676
