2279 3260
229 265 278 289 Λιι.
297 263 324 288 C.
350 261 415 287 ¹072

264 1750 385 1770 Exordium.

266 2330 347 2349 Causae
368 2329 422 2349 Cou-

239 2356 362 2376 stitutionis.

461 251 524 285 306

422 310 454 342 in
482 308 600 341 indicio
631 320 725 351 quam
751 313 840 341 extra
866 307 945 339 illud
978 305 1159 343 habeatur,

423 372 505 405 quae
531 361 607 403 ipsis
626 361 853 404 praesentibus
873 360 1047 391 haberetur
1072 356 1096 389 si
1116 356 1162 388 fo-

424 419 496 446 rent
512 413 675 446 exhibitae
691 414 738 445 vel
758 417 917 445 ostensae.

467 467 579 499 Datum
605 466 738 505 Itoniae,
766 464 850 507 apud
877 464 907 495 S.
936 461 1066 494 Mariam
1100 460 1163 492 Ma-

425 519 542 559 iorem,
571 518 630 550 sub
655 518 777 550 annulo
804 515 989 554 piscatoris,
1012 512 1063 546 die
1077 522 1161 545 xxvn

425 572 536 615 aprilis
586 581 736 604 moctxxn
764 597 770 609 ‚
808 568 1016 612 pontificatus
1058 565 1162 598 nostri

426 635 511 657 anno
540 635 573 657 11.

461 686 519 713 Dat.
537 686 581 714 die
601 687 633 714 27
655 685 746 721 aprilis
768 684 842 717 1672,
860 682 955 718 pontis.
977 690 1046 709 anno
1062 687 1091 708 11.

744 827 845 861 xcix.

426 910 577 942 Dectarat
595 907 679 951 quod
704 907 835 939 indulta
851 917 908 950 per
932 906 1035 949 felicis
1059 915 1162 937 recor-

470 962 613 993 dationis
630 961 797 993 Urbanum
812 960 903 1002 Papa
924 959 1005 991 VIII
1021 968 1163 989 concessa

470 1014 630 1055 siulribus
643 1012 760 1044 oblatis·
773 1023 827 1044 seu
840 1011 1052 1043 servientibus
1064 1009 1165 1042 Tertii

472 1066 605 1099 Ordinis
629 1066 734 1097 sancti
751 1065 916 1098 Francissct‘
943 1064 1164 1106 Conyreqalio-

472 1121 522 1151 nis
549 1120 740 1152 Gallicanae
758 1124 832 1150 tunc
852 1118 1003 1160 tenuioris
1031 1118 1165 1149 existen-

473 1172 567 1213 tibus,
593 1172 828 1213 inlelli'qanlw·
852 1175 1006 1202 emunata
1023 1169 1064 1201 ud
1084 1170 1166 1211 fara

472 1235 539 1256 rem
560 1225 658 1256 etiam
677 1224 909 1256 hodiernorum
937 1227 965 1254 el
988 1233 1046 1264 per
1062 1222 1165 1253 subse-

472 1277 608 1321 quentia
639 1281 793 1319 perpetua
820 1281 962 1318 tenzporav
978 1276 1162 1317 futurorum

473 1329 663 1361 huiusmodi
687 1329 952 1370 C0210⁷·eqaei'0m's
984 1327 1163 1359 oblatorum

472 1393 527 1413 seit
561 1382 772 1414 servientium
795 1381 1059 1423 pra&Helorum,⁴
1088 1390 1166 1422 quos

472 1436 628 1477 suffraqiu
653 1436 736 1476 ferre
756 1445 819 1466 non
835 1444 923 1476 posse
945 1433 1009 1465 nisi
1027 1433 1061 1464 in
1088 1443 1167 1464 reee-

470 1487 580 1529 ptione
604 1487 802 1518 novitiorum
826 1486 868 1517 ml
883 1485 1113 1528 professionem
1138 1495 1166 1516 e-

473 1539 597 1572 iusdem
611 1549 684 1571 cum
701 1539 745 1571 eis
763 1538 959 1570 conditionis
976 1537 1092 1569 statuit
1106 1536 1125 1569 ¹.

660 1618 793 1644 Clemens
814 1618 894 1650 Papa
914 1617 950 1650 X,

552 1663 588 1690 ad
609 1665 783 1696 perpetuam
803 1661 847 1688 rei
862 1660 1042 1688 memoriam.

473 1735 610 1769 iniuncti
635 1734 728 1766 nobis
753 1733 884 1766 caelitus
910 1732 1081 1775 pastoralis
1103 1731 1166 1764 ossi-

431 1789 471 1822 cii
496 1787 682 1821 sollicitudo
708 1797 767 1819 nos
793 1786 960 1825 admonet,
986 1791 1032 1825 ut,
1059 1790 1166 1828 pater-

431 1853 503 1875 nam
528 1840 795 1879 christifidelium,
814 1839 866 1882 qui
888 1850 904 1871 e
924 1839 1073 1871 fluctibus
1098 1849 1166 1871 sae-

430 1895 494 1928 culi
519 1895 553 1927 in
577 1899 705 1937 portum
729 1893 810 1925 vitae
828 1892 999 1934 religiosae
1020 1892 1167 1934 confuge-

429 1953 512 1988 runt,
538 1958 647 1979 curam
672 1951 832 1988 gerentes,
866 1950 975 1977 enatas
1001 1945 1087 1976 inter
1111 1955 1166 1977 eos

430 1998 678 2038 controversias,
698 2007 779 2040 qnae
810 1996 956 2029 amabilis
973 1995 1166 2028 concordiae

430 2053 656 2094 fraternaeque
683 2050 846 2082 eharitatis
873 2049 1081 2082 serenitatem
1110 2050 1167 2081 ob-

430 2105 581 2137 nubilare
606 2107 760 2147 possent,
787 2107 989 2145 opportunae
1013 2102 1167 2144 provisio-

432 2158 481 2191 nis
507 2157 653 2190 remedio
678 2156 836 2195 recidere,
858 2166 894 2187 ac
918 2155 1046 2187 illorum
1071 2155 1165 2187 statui

432 2218 464 2244 ct
488 2210 598 2254 quieti,
620 2215 775 2253 quantum
800 2208 893 2241 nobis
913 2219 949 2240 ex
971 2208 1035 2240 alto
1054 2218 1167 2241 conce-

433 2264 530 2305 ditur,
556 2264 727 2296 consulere
753 2262 950 2294 studeamus.

477 2319 491 2359 ᾖ
520 2317 546 2349 l.
574 2316 697 2348 Dudum
718 2314 877 2357 siquidem
893 2313 995 2346 felicis
1015 2314 1167 2347 recorda-

433 2370 530 2403 tionis
546 2369 690 2402 Urbanus
704 2368 779 2406 Vlll,
795 2367 1028 2410 praedecessor
1046 2372 1164 2408 noster,

434 2424 471 2456 ad
497 2422 654 2455 sedandas
680 2419 921 2464 inquietudines
948 2424 1042 2462 atque
1068 2419 1166 2452 animi

469 2514 476 2537 1
502 2510 539 2537 Ne
560 2509 663 2544 pluries
683 2508 754 2534 dicta
769 2507 854 2534 otiose
869 2510 1000 2542 repetam,
1017 2510 1042 2532 te
1058 2506 1167 2532 remitto

431 2558 464 2584 ad
485 2564 516 2582 ea
531 2563 599 2590 quae
615 2553 702 2580 notavi
718 2553 750 2579 ad
767 2553 877 2579 Constit.
895 2559 942 2581 Cli,
959 2552 1042 2578 Decet
1062 2552 1167 2578 Roma-

434 2610 516 2633 num,
533 2598 684 2626 lnnocentni
707 2597 735 2631 X,
752 2600 815 2623 tom.
834 2603 877 2630 xv,
897 2604 956 2630 pag.
973 2595 1036 2629 565,
1051 2595 1097 2622 ubi
1118 2595 1168 2622 ali—

435 2654 487 2682 qua
507 2645 539 2671 ad
560 2646 728 2679 praesentem
745 2641 885 2668 materiam
900 2639 1027 2675 reperies.

1007 256 1186 281 nnLLAnu'M
1211 254 1361 279 ROMKNPM

1204 302 1489 346 perturbationes,
1520 314 1598 346 quas
1630 302 1731 335 maior
1762 311 1836 344 pars
1862 305 1940 333 tune

1205 354 1411 387 existentium
1439 356 1572 386 fratrum
1596 355 1779 387 oblatorum
1801 363 1856 385 seu
1875 362 1940 384 ser-

1204 406 1357 439 vientium
1382 407 1480 439 Tertii
1505 406 1633 440 Ordinis
1659 405 1759 439 sancti
1777 404 1939 438 Francisei

1205 458 1473 501 congregationis
1499 459 1681 492 Gallicanae
1701 459 1733 491 in
1752 469 1809 490 suo
1829 457 1940 490 liuius—

1205 511 1290 544 modi
1305 516 1387 543 statu
1406 511 1598 554 patiebatur,
1617 522 1675 554 per
1693 511 1848 554 quasdam
1867 521 1940 542 suas

1205 564 1237 596 in
1262 564 1359 597 simili
1384 565 1486 596 forma
1506 564 1614 596 Brevis
1640 564 1690 596 die
1715 574 1785 597 xxvi
1810 562 1940 605 augusti

1205 626 1322 650 MDCXLI
1348 620 1513 649 emanatas
1548 616 1688 656 litteras,
1715 627 1786 648 cum
1818 615 1940 648 eisdem

1206 669 1358 701 fratribus
1378 669 1495 701 oblatis
1521 679 1579 701 seu
1603 668 1817 701 servientibus
1843 678 1941 711 super

1949 251 1997 277 An.
2015 251 2043 277 C.
2067 250 2132 278 1⁴72

1207 727 1322 766 quarto
1359 728 1433 755 voto
1465 732 1523 765 per
1548 732 1603 754 eos
1636 721 1737 754 emitti
1769 721 1865 754 solito
1900 721 1971 753 de⁴

1206 786 1270 808 non
1289 776 1494 818 procurando
1524 775 1587 808 alio
1607 785 1703 818 quam
1732 785 1789 807 suo
1810 775 1942 807 fratrum

1207 828 1390 860 oblatorum
1420 838 1476 860 seu
1514 826 1722 860 servientium
1755 826 1943 859 huiusmodi

1207 885 1297 920 statu,
1324 881 1361 913 ad
1389 880 1538 912 effectum
1563 871 1814 922 infrascriptum,
1835 884 1944 912 aucto-

1208 932 1300 965 ritate
1318 933 1495 975 apostoliea
1509 931 1714 975 dispensavit,
1729 936 1942 974 quartumque

1208 991 1316 1018 votum
1339 986 1527 1018 huiusmodi
1542 985 1606 1018 illis
1627 984 1796 1024 relaxavit;
1816 995 1943 1017 necnon

1208 1039 1328 1071 eisdem
1364 1038 1514 1071 fratribus
1545 1038 1660 1070 oblatis
1689 1048 1747 1069 seu
1777 1036 1944 1069 servienti-

1208 1091 1267 1123 bus
1294 1096 1366 1123 tunc
1390 1091 1422 1123 in
1447 1091 1531 1123 dicto
1557 1090 1674 1123 Ordine
1706 1089 1916 1122 existentibus
1934 1117 1941 1130 ‚

1208 1144 1294 1187 quod
1320 1144 1391 1187 ipsi,
1419 1149 1589 1187 postquam
1613 1153 1671 1186 per
1694 1147 1818 1185 septem
1841 1152 1943 1175 annos

1209 1199 1379 1231 continuos
1404 1198 1442 1230 ab
1468 1208 1581 1230 eorum
1607 1196 1808 1240 professione
1833 1206 1944 1228 nume-

1210 1252 1338 1289 rafidos,
1360 1261 1394 1282 ae
1415 1261 1474 1293 per
1499 1249 1630 1282 alterius
1647 1248 1721 1280 anni
1743 1247 1892 1290 spatium,
1911 1247 1944 1280 in

1210 1304 1318 1347 aliquo
1332 1302 1572 1335 recollectionis
1586 1303 1657 1334 loco
1672 1312 1689 1333 a
1706 1300 1862 1332 ministris
1875 1311 1944 1343 pro-

1180 1372 1183 1374 >
1208 1356 1397 1389 vincialibus
1423 1361 1453 1388 et
1478 1354 1700 1387 definitoribus
1726 1354 1894 1395 designato
1912 1353 1943 1385 in

1210 1410 1294 1443 dicto
1326 1410 1459 1442 fratrum
1488 1408 1671 1441 oblatorum
1713 1417 1768 1439 seu
1799 1406 1943 1439 servien-

1210 1463 1289 1495 tium
1314 1468 1397 1494 statu
1422 1461 1693 1505 permansissent,
1720 1460 1759 1492 ab
1784 1459 1862 1502 ipsis
1887 1459 1944 1492 mi-

1209 1515 1319 1548 nistris
1333 1514 1585 1558 provincialibus
1600 1519 1631 1546 et
1644 1512 1869 1546 definitoribus
1887 1513 1944 1545 liu-

1209 1569 1346 1602 iusmodi
1364 1569 1396 1600 in
1422 1568 1562 1611 capitulo
1587 1572 1641 1600 aut
1667 1565 1850 1599 definitorio
1868 1576 1944 1608 pro-

1208 1622 1336 1654 vinciali
1361 1622 1399 1654 ad
1426 1620 1587 1664 caputium
1607 1625 1639 1653 et
1656 1624 1772 1652 statum
1796 1618 1945 1652 laicalem

1209 1675 1344 1715 admitti,
1365 1681 1395 1707 et
1420 1674 1602 1717 interipsos
1621 1673 1734 1712 fratres
1747 1671 1847 1705 laicos
1862 1672 1945 1704 eius-

1208 1728 1294 1761 modi
1310 1727 1447 1767 Ordinis,
1469 1727 1554 1759 iuxta
1572 1736 1685 1759 eorum
1710 1724 1942 1767 antiquitatem,

1208 1791 1332 1813 necnon
1351 1780 1446 1813 etiam
1463 1780 1547 1812 inter
1564 1779 1708 1819 clericos,
1726 1777 1779 1821 qui
1800 1778 1945 1810 nondum

1208 1839 1345 1876 quatuor
1380 1843 1481 1865 annos
1514 1844 1531 1864 a
1562 1834 1619 1864 sua
1654 1830 1859 1875 professione
1891 1841 1943 1863 ex-

1209 1888 1384 1930 pleverant,
1402 1887 1489 1919 iuxta
1515 1885 1761 1918 constitutiones
1778 1885 1942 1927 praefatae

1209 1940 1474 1983 Congregationis
1500 1939 1699 1978 Gallicanae,
1727 1938 1842 1970 sedere
1868 1948 1942 1980 pos-

1209 1998 1289 2033 sent,
1304 1992 1466 2026 concessit
1481 1991 1672 2031 etindulsit·,
1692 1993 1728 2023 ea
1747 1996 1852 2023 tamen
1871 1992 1942 2033 loge

1208 2052 1243 2078 ut
1266 2056 1326 2078 nee
1351 2045 1509 2078 eiusmodi
1535 2045 1649 2076 fratres
1675 2043 1787 2083 oblati,
1807 2054 1863 2076 seu
1881 2054 1933 2075 ser

1208 2104 1329 2139 ventes,
1357 2099 1394 2131 ad
1417 2098 1579 2141 caputium
1597 2103 1628 2129 et
1652 2102 1769 2129 statum
1787 2096 1942 2129 laicorum

1209 2152 1373 2194 assumpti,
1395 2161 1454 2183 nec
1478 2150 1562 2190 laici,
1584 2150 1637 2193 qui
1662 2150 1805 2182 nondum
1834 2149 1943 2181 sull'ra-

1209 2205 1336 2247 giorum
1361 2204 1430 2237 iure
1449 2203 1543 2247 potiti
1561 2203 1701 2242 fuerunt,
1722 2213 1782 2234 nec
1800 2203 1942 2245 denique

1209 2259 1261 2291 alii
1287 2258 1341 2300 qui
1366 2257 1519 2299 deinceps
1538 2256 1577 2288 ad
1601 2261 1718 2288 statum
1743 2256 1890 2288 laicalem
1910 2255 1943 2288 in

1209 2312 1292 2344 dicto
1317 2310 1436 2343 Ordine
1461 2309 1721 2348 admitterentur,
1742 2309 1808 2341 ullo
1835 2308 1942 2341 suifra-

1209 2365 1333 2407 giorum
1357 2364 1427 2396 iure
1452 2363 1594 2406 gaudere
1630 2363 1796 2402 valerent,
1821 2361 1883 2394 nisi
1908 2362 1942 2395 in

1208 2417 1395 2461 receptione
1425 2416 1618 2449 novitiorum
1644 2416 1682 2448 ad
1707 2415 1942 2459 professionem

1209 2472 1356 2504 eiusdem
1381 2481 1452 2503 cum
1477 2469 1522 2502 eis
1546 2474 1645 2502 status
1676 2475 1708 2501 et
1732 2468 1938 2502 conditionis.

1208 2524 1314 2557 Voluit
1339 2524 1472 2566 insuper
1503 2522 1606 2555 dictus
1630 2521 1775 2554 Urbanus
1806 2522 1942 2564 praede-

1209 2587 1329 2616 cessor,
1349 2582 1380 2609 et
1399 2575 1519 2619 pariter
1535 2575 1678 2615 indulsit,
1697 2580 1743 2615 ut,
1766 2575 1791 2608 si
1817 2574 1887 2617 quis
1904 2585 1942 2608 ex

1186 2652 1190 2676 Ι
1211 2629 1303 2663 dictis
1328 2629 1479 2662 fratribus
1493 2629 1620 2668 oblatis,
1639 2638 1695 2661 sen
1713 2627 1939 2669 servientibus,
