2279 3260
151 235 203 263 Λιι.
221 234 250 262 C.
270 236 338 264 ¹675

211 1988 338 2010 Rosci-untur

153 2014 279 2039 Pontifices,
301 2016 337 2042 qui

153 2041 336 2067 dictasindulge‘n-

153 2067 193 2087 tias
228 2068 336 2089 confirma·

154 2095 209 2114 runt.

976 239 1118 265 CLEMENS
1139 241 1157 265 X
1182 241 1230 266 PP.

347 286 463 320 Beatae
488 287 605 321 Mariae
630 287 784 331 Virginis,
812 288 890 321 scria
914 288 1024 332 quinta
1048 288 1081 320 in
1123 289 1340 329 remissiones,
1366 300 1570 333 quocumque
1589 291 1720 324 nomine
1739 302 1860 324 nuncu-

346 338 450 372 Cocna
468 340 605 379 Domini,
623 341 655 373 in
674 340 835 374 dominica
861 340 1082 373 Resurrectio·
1124 348 1216 384 pata,
1251 348 1277 375 et
1316 344 1375 375 sub
1406 344 1659 387 ‹prilmsmmque
1691 345 1859 377 tenoribus

346 391 396 424 nis
428 392 563 432 Domini,
583 393 616 425 in
642 393 841 426 Ascensione
868 393 1024 433 ciusdem,
1049 393 1080 425 in
1125 394 1247 428 eidem¹
1273 395 1382 429 Ordini
1410 396 1540 428 fratrum
1560 396 1773 429 E1·‹·*mitarum
1792 408 1862 429 san-

347 444 398 477 die
420 449 530 478 sancto
549 446 768 486 Pentecostes,
786 446 818 478 in
838 447 917 479 festo
931 446 1082 489 Corporis

346 497 474 537 Christi,
493 498 525 530 in
549 498 721 532 Nativitate
746 499 849 532 sancti
874 499 1002 532 loannis
1028 500 1083 532 na:

1124 448 1166 480 cti
1191 448 1370 491 Augustini,
1397 448 1550 492 illiusque
1577 449 1725 481 fratribus
1752 455 1779 481 et
1807 450 1862 481 do-

1118 500 1227 542 ¹mibus
1261 501 1509 544 quomodolibet
1542 511 1719 540 concessa,
1749 501 1814 533 sive
1844 512 1861 534 a

345 550 483 593 ptistae,
509 551 541 583 in
566 551 644 584 sesto
676 552 908 595 Apostolorum
939 552 1026 585 Petri
1051 557 1083 585 ct
1125 552 1206 585 Scdc
1233 554 1428 596 Apostolira,
1455 553 1521 587 sive
1547 565 1562 586 a
1582 554 1647 585 suis
1670 554 1862 596 praedeces-

346 603 460 643 Pauli,
484 605 516 637 in
554 606 780 650 Assumptione
814 607 930 639 Beatae
966 605 1081 638 Mariae

345 657 504 700 Virginis,
530 658 562 691 in
589 659 670 692 sesto
703 660 802 692 sancti
834 659 1024 702 Augustini,
1050 658 1080 690 in

345 711 513 745 Nativitate
539 713 682 746 eiusdem
704 714 821 746 Beatac
846 712 963 745 Mariae
980 711 1082 754 Virgi-

345 764 405 803 nis,
431 764 463 797 in
491 765 571 798 festo
596 766 696 798 sancti
723 765 887 798 Michaelis
913 764 1080 807 Arcangeli

345 822 378 850 et
404 817 436 850 in
465 818 669 851 solemnitate
699 817 847 851 Omnium
871 818 1080 856 Sanctorum,

344 870 503 913 praedicti
528 870 694 914 utriusque
715 881 808 904 sexus
834 870 1081 912 corrigiatorum

345 923 528 956 confratres
546 924 752 966 poenitentes
771 928 802 955 et
822 922 961 956 confessi
979 932 1014 954 ac
1039 932 1082 954 sa-

346 978 398 1008 cra
432 976 660 1009 communione
685 975 814 1016 resecti,
840 976 866 1008 si
891 980 964 1018 post
979 975 1081 1017 ipsam

346 1030 608 1063 communionem
635 1029 771 1071 genibus
803 1028 892 1061 flexis
924 1027 1081 1060 recitave-

344 1083 410 1115 rint
435 1082 616 1115 orationem
634 1082 718 1114 Deus
743 1082 890 1113 omnium
919 1080 1079 1123 fidelium,

345 1139 414 1175 etc„
433 1140 487 1168 aut
511 1134 692 1168 orationem
712 1134 914 1173 dominicam,
941 1133 966 1166 si
992 1144 1083 1177 prae-

346 1188 464 1220 dictam
502 1187 700 1227 nescierint,
738 1197 798 1230 pro
835 1186 1081 1220 conservatione

346 1246 446 1273 status
475 1245 603 1273 sanctae
628 1240 736 1272 Matris
766 1240 938 1280 Ecclesiae,
962 1249 997 1271 ac
1022 1239 1084 1271 Ro-

346 1293 430 1326 mani
466 1292 633 1326 pontificis
671 1304 729 1336 pro
761 1298 906 1335 tempore
944 1292 1083 1325 existen-

348 1347 398 1385 tis,
425 1358 459 1378 ev
487 1347 588 1389 gratia
614 1351 645 1378 et
663 1346 870 1378 concessione
891 1345 980 1378 Sedis
1001 1346 1083 1387 Apo-

347 1399 478 1432 stolicae
505 1399 680 1442 plenariam
709 1398 851 1431 omnium
876 1404 1081 1441 peccatorum

347 1462 480 1484 suorum
506 1451 742 1494 indulgentiam
768 1451 882 1484 diebus
909 1451 1082 1494 praedictis

348 1510 601 1548 consequentur.

349 1584 461 1617 Omnes
485 1584 689 1627 supradictae
710 1584 933 1627 induloentiue
950 1586 1083 1626 fuerunt

391 1638 598 1680 approbatae,
625 1637 833 1678 confirmatae
857 1641 885 1669 et
910 1637 1083 1669 innovatae

392 1700 412 1721 a
435 1690 570 1722 dirersis
584 1689 798 1731 Pontificibus
824 1690 998 1731 respectio-e,
1018 1699 1083 1721 nec-

392 1751 457 1774 non
481 1742 512 1774 S.
537 1742 576 1774 R.
598 1741 636 1774 E.
657 1741 894 1779 cardinalibus,
910 1741 1084 1784 archiepis-

391 1795 485 1836 copis,
505 1794 672 1837 episcopis,
690 1794 850 1837 praelatis
869 1804 905 1826 ae
922 1794 1083 1826 minislris

389 1858 449 1889 pro
475 1848 716 1880 ntanulenlione
733 1847 982 1887 commendatae,
998 1848 1084 1880 inter

391 1910 470 1942 quos
491 1901 665 1943 praecipue
688 1904 764 1932 sunt
788 1905 972 1943 sequentes:

391 1980 573 2013 Alexander
597 1980 634 2013 IV
658 1979 690 2012 in
726 1980 816 2013 bulla
850 1979 951 2014 Odore
975 1981 1079 2021 suavi,

347 2033 453 2066 idibus
479 2033 561 2074 iulii,
588 2033 795 2076 pontificatus
825 2044 910 2066 anno
936 2044 965 2073 i;
997 2034 1081 2067 idem

348 2091 379 2118 et
400 2086 551 2119 Nicolaus
581 2086 620 2119 III
652 2087 703 2129 (ex
738 2091 939 2130 transumpto
965 2086 1081 2120 Oscen-

347 2139 383 2179 si,
408 2144 447 2171 ut
474 2140 605 2183 supra);
640 2138 838 2172 Caelestinus
870 2139 893 2171 V
919 2139 968 2172 iu¹
994 2141 1081 2174 bulla

347 2192 396 2224 Ex
419 2196 509 2235 parte
533 2192 741 2233 dilectorum,
769 2193 863 2225 nouis
888 2194 1081 2234 decembris,

347 2255 433 2277 anno
459 2255 489 2285 1·,
516 2245 662 2278 Urbanus
686 2245 722 2278 Vl
748 2246 780 2278 in
805 2246 892 2279 bulla
916 2246 1000 2279 Solet
1025 2258 1082 2279 an-

346 2307 460 2337 nuere,
486 2308 515 2330 >31
540 2298 686 2331 kalendis
719 2298 802 2338 maii,
830 2310 914 2332 anno
945 2310 986 2340 113
1014 2300 1081 2333 Six-

345 2356 394 2383 tus
418 2350 454 2383 lv
478 2350 511 2382 in
534 2350 624 2383 bulla
647 2351 730 2384 Dum
749 2352 874 2395 fluctus
898 2352 1022 2393 uberes,
1046 2359 1081 2386 ut

1125 606 1262 646 soribus,
1281 612 1311 639 et
1326 617 1362 639 ca
1381 618 1462 650 quae
1484 619 1500 639 a
1526 607 1690 650 quibusvis
1709 606 1861 649 praelatis

1125 663 1156 690 ct
1181 659 1329 701 personis
1355 659 1581 692 ecclesiasticis
1600 665 1631 692 ct
1649 671 1665 692 a
1682 659 1812 701 regibus
1831 664 1863 690 et

1125 711 1326 755 principibus
1353 723 1408 745 scu
1434 713 1504 745 aliis
1523 713 1789 745 christifidelibus
1814 712 1862 744 in-

1125 764 1214 797 dulta
1227 770 1311 804 sunt,
1326 765 1544 805 confirmavit,
1565 766 1662 798 lulius
1679 766 1704 798 ll
1723 765 1753 798 in
1773 766 1861 799 bulla

1124 819 1219 849 aurea
1250 818 1333 850 Dum
1368 819 1493 860 fruetus
1525 819 1651 858 uberes,
1678 824 1713 850 ut
1745 829 1860 861 supra,

1124 869 1199 903 item
1221 870 1252 902 in
1270 871 1356 903 brevi
1379 871 1418 903 Εί
1436 872 1464 903 si
1485 872 1526 903 ud
1552 872 1636 910 bene,
1659 872 1710 904 die
1733 881 1799 904 xvu
1818 872 1862 903 iu-

1125 923 1168 955 nii
1194 933 1313 963 novin,
1340 934 1425 955 anno
1443 935 1473 963 v,
1496 930 1525 956 et
1552 924 1583 956 in
1608 924 1696 957 brevi
1729 924 1860 967 Eoea'yit,

1125 976 1175 1008 die
1200 987 1249 1009 xm
1274 975 1341 1008 iulii
1368 987 1453 1013 nnn,
1481 987 1565 1009 anuo
1591 987 1657 1015 vui,
1685 982 1714 1009 et
1740 977 1771 1009 in
1798 978 1861 1010 alio

1125 1029 1221 1061 Nihil
1238 1034 1290 1069 est,
1310 1030 1360 1061 die
1379 1040 1448 1062 xxiv
1467 1030 1661 1072 septembris
1679 1040 1793 1070 MDvui,
1812 1040 1863 1062 an-

1125 1093 1165 1115 no
1193 1093 1222 1122 η
1249 1083 1312 1115 Leo
1338 1083 1373 1120 X,
1400 1082 1439 1114 ln
1462 1092 1570 1114 rerum
1597 1083 1861 1122 christianorum,

1124 1147 1142 1168 x
1165 1136 1232 1168 iulii
1258 1145 1370 1175 nunu,
1397 1146 1482 1168 anno
1508 1145 1527 1174 Ι,
1555 1140 1587 1167 ct
1612 1135 1642 1167 in
1667 1136 1758 1168 hulla
1778 1135 1863 1168 Solet

1125 1199 1282 1228 amittere,
1313 1193 1348 1220 ut
1379 1199 1492 1231 supra,
1527 1194 1558 1220 et
1588 1188 1620 1220 in
1653 1187 1741 1220 brevi
1776 1188 1863 1220 Licet

1124 1246 1242 1284 sponte,
1266 1241 1316 1273 die
1341 1251 1371 1274 v1
1397 1241 1470 1273 maii
1496 1251 1603 1279 immv,
1626 1251 1710 1273 anno
1731 1251 1775 1280 xm
1795 1240 1864 1273 Cle-

1127 1305 1215 1327 mens
1239 1294 1308 1333 Vll,
1336 1295 1502 1327 Romanus
1538 1294 1710 1336 Pontifex,
1741 1292 1864 1336 pariter

1126 1354 1157 1380 ut
1183 1359 1293 1391 supra3
1321 1348 1495 1390 Gregorius
1529 1348 1580 1380 XV
1605 1347 1637 1380 in
1663 1346 1864 1390 amplissima

1127 1401 1228 1433 forma
1253 1401 1285 1433 in
1309 1401 1397 1433 bulla
1415 1400 1564 1433 Iniuncli
1580 1400 1680 1439 nobis,
1699 1410 1734 1433 111
1760 1410 1862 1432 nonas

1126 1453 1205 1486 iunii
1231 1463 1357 1494 nncxxn
1384 1464 1469 1486 anno
1491 1464 1510 1493 1,
1533 1458 1607 1496 post
1627 1453 1863 1485 revocationem

1127 1506 1240 1539 factam
1265 1518 1281 1539 a
1306 1507 1405 1539 Paulo
1430 1506 1468 1547 V,
1488 1506 1568 1539 Cum
1593 1510 1751 1545 caeteras,
1780 1515 1862 1548 quae

1127 1559 1258 1602 quidem
1277 1559 1365 1592 bulla
1391 1559 1538 1602 Gregorii
1567 1559 1618 1591 XV
1644 1569 1660 1591 a
1677 1560 1764 1591 sacra
1781 1558 1864 1590 Con-

1125 1612 1313 1655 gregatione
1346 1612 1621 1655 indulgentiarum
1647 1616 1679 1644 et
1703 1611 1859 1654 reliquia-

1126 1676 1197 1697 rum
1217 1665 1273 1698 suit
1287 1666 1461 1708 diligenter
1476 1665 1665 1703 examinata,
1684 1665 1861 1707 eademque

1126 1719 1254 1752 censuit
1277 1719 1359 1751 nihil
1385 1719 1513 1752 obstare
1543 1718 1716 1761 quominus
1737 1718 1863 1750 confra-

1128 1777 1192 1804 tres
1217 1771 1584 1805 arcliiconsraternitatis
1598 1771 1861 1810 cincturatorum,

1127 1825 1221 1868 eique
1255 1830 1501 1867 aggregatarum
1538 1823 1860 1862 confraternitatum,

1127 1878 1171 1911 uti
1197 1883 1229 1911 et
1252 1878 1314 1910 frui
1340 1883 1472 1921 possent
1495 1888 1531 1910 ac
1556 1878 1697 1910 debeant
1714 1876 1863 1909 omnibus

1127 1937 1157 1964 et
1180 1931 1316 1974 singulis
1340 1930 1552 1973 indulgentiis
1577 1929 1610 1962 in
1636 1929 1749 1962 eadem
1774 1929 1863 1962 bulla

1126 1984 1324 2017 confirmatis
1356 1988 1386 2016 et
1415 1983 1594 2023 innodatis,
1619 1993 1685 2016 non
1716 1983 1862 2015 obstante

1126 2037 1271 2081 praefata
1295 2037 1383 2070 Pauli
1408 2036 1430 2068 V
1455 2036 1673 2076 revocatione,
1697 2040 1733 2068 ut
1753 2046 1791 2068 ex
1809 2036 1862 2067 de-

1125 2096 1216 2123 creto
1234 2090 1377 2123 eiusdem
1397 2100 1505 2123 sacrae
1520 2089 1786 2133 Congregationis
1801 2089 1860 2121 sub

1125 2144 1176 2176 die
1200 2153 1262 2176 xvu
1288 2143 1398 2186 aprilis
1424 2153 1600 2176 iinctxxiu.

1124 2223 1353 2265 Indulgentiae
1371 2234 1430 2265 pro
1447 2223 1568 2255 cunctis
1580 2223 1752 2265 utriusque
1769 2232 1861 2255 semus

1168 2275 1433 2316 christifidelibus
1468 2275 1678 2308 visitantibus
1716 2275 1862 2308 ecclesias

1170 2328 1314 2368 Ordinis,
1336 2328 1384 2361 vel
1408 2328 1625 2361 eoeercentz'bus
1649 2338 1745 2371 opera
1767 2330 1835 2371 pia.

1756 233 1820 267 33ss3
1868 242 1916 266 Αη.
1935 241 1962 268 c.
1988 242 2053 270 ¹675

1168 2408 1352 2440 Alexander
1393 2407 1429 2440 lv
1466 2407 1617 2440 omnibus
1655 2407 1858 2440 venientibus
1904 2415 2003 2436 Omnibus
2019 2421 2053 2435 ve·

1869 2443 1974 2463 mentibus
2024 2442 2052 2462 ad

1123 2461 1162 2494 ad
1184 2461 1458 2504 praedicationem
1490 2461 1621 2493 fratrum
1645 2461 2047 2494 Eremitarumpraedicationem

1123 2514 1225 2547 sancti
1258 2514 1430 2557 Augustini
1467 2519 1597 2547 centum
1629 2519 1661 2546 et
1692 2494 2052 2572 οεῐοςίηῑαἓπὲἓῖὲῑωΕᾸ-Ξτξέἐξ

1124 2568 1191 2600 dies
1228 2567 1379 2600 concedit
1413 2567 1634 2610 indulgentiae
1673 2567 1733 2609 (ex
1771 2573 2049 2622 ¹¹'3n'i‘iuii122⁰⁶‘⁰‘¹⁰‘

343 2415 456 2447 supra,
483 2404 560 2438 item
585 2404 617 2437 in
640 2405 730 2438 hulla
753 2407 844 2439 Inter
864 2408 1080 2450 praecipuas,

343 2457 438 2491 etiam
471 2463 508 2490 ut
539 2469 655 2502 supra,
681 2460 735 2502 qui
767 2460 875 2494 omnia
900 2466 931 2493 et
954 2460 1080 2504 singula

341 2510 511 2554 privilegia
526 2537 533 2551 ,
567 2510 805 2554 immunitates,
833 2514 1053 2557 exemptiones
1070 2541 1078 2554 ‚

342 2564 590 2604 concessiones,
616 2575 652 2597 ac
676 2570 883 2608 peccatorum
914 2567 1079 2611 plenarias

380 2626 390 2652 1
414 2624 486 2652 Edit.
505 2625 582 2653 Maia*
602 2626 663 2662 logi!
679 2636 714 2654 cx
729 2628 765 2662 (n.
783 2628 830 2663 L).
1159 2631 1170 2657 1
1193 2628 1263 2656 Edit.
1285 2629 1352 2656 Main
1387 2629 1449 2665 legit
1468 2629 1574 2657 eisdem
1594 2629 1630 2665 (R.
1648 2629 1697 2664 T.).
