2279 3260
239 221 288 245 m».
307 219 334 246 c.
358 219 427 247 nat
474 211 539 246 4871.

1012 226 1191 250 ntiLLAnltJM
1216 227 1365 254 ROMANUM

1954 235 2002 261 An.
2019 235 2047 262 C.
2068 234 2136 263 1674

432 272 480 302 cta
498 270 580 303 Sede
602 271 754 315 partibus,
781 272 926 307 fidelium
944 274 1166 317 operariorum
1211 276 1443 319 interpretandi
1469 279 1620 315 facultate
1639 288 1668 315 et
1683 282 1886 323 auctoritate,
1902 282 1948 315 iu-

432 322 463 354 iu
501 323 592 356 vinca
625 324 749 358 Domini
786 331 916 359 strenue
951 325 1167 359 laborantium

431 375 544 409 studiis
573 388 631 420 per
660 378 715 410 Dei
746 378 880 421 gratiam
906 379 943 411 ad
965 383 1107 421 optatum
1133 377 1168 408 si-

432 438 503 460 ncm
538 430 669 471 perduci
694 431 815 469 valeat,
853 431 1023 473 propensis
1053 429 1166 462 studiis

431 479 648 522 intendinnis,
685 487 716 514 et
740 482 912 525 pastoralis
942 481 1038 514 officii
1064 481 1166 514 nostri

432 538 538 575 partes
564 536 698 576 paterna
723 533 877 566 charitate
909 534 1048 577 desuper
1072 534 1168 566 inter-

432 585 592 627 ponimus,
612 587 693 618 sicut
711 587 748 618 ad
775 586 1006 629 omnipotentis
1027 586 1082 619 Dei
1101 586 1169 628 glo-

431 638 511 670 riam
537 644 568 670 et
592 639 769 671 animarum
796 640 932 671 salutem
954 639 1109 682 expedire
1134 639 1166 671 in

432 690 567 722 Domino
592 691 795 722 arbitramur.

474 744 489 785 ξ
517 743 543 773 l.
572 743 678 784 ltaque
704 743 949 783 contentiones,
977 754 1059 786 quae
1084 742 1168 775 inter

410 784 420 822 i}
433 795 635 826 venerabiles
671 795 784 827 fratres
810 795 1002 838 episcopos,
1029 795 1166 828 vicarios

407 836 630 889 isapostolicos
662 847 746 889 apud
779 847 868 879 Sinas
904 848 943 880 ab
976 848 1037 880 hac
1060 850 1167 880 sancta

361 887 512 930 undisono
539 898 725 940 Apostolica
757 899 927 942 deputatos
944 926 951 939 ‚
979 907 1011 933 et
1034 900 1168 932 Ordina-

381 941 389 952 ⁵
417 940 497 982 ¹rios
530 950 690 982 Iudiaruin
726 951 929 994 aliarumque
953 951 1166 985 Orientalium

431 1003 569 1045 partium
601 1002 677 1035 oriri
703 1009 848 1046 possent,
877 1015 894 1037 e
918 1004 1025 1038 medio
1049 1005 1165 1037 tollere

432 1055 617 1098 cupientes,
643 1056 682 1088 dc
708 1055 913 1098 particularis
938 1056 1167 1100 Congregatio-

431 1107 479 1139 nis
522 1106 757 1139 venerabilium
801 1108 934 1141 fratrum
978 1114 1167 1142 nostrorum

431 1159 461 1192 S.
490 1159 525 1191 R.
559 1159 592 1191 E.
626 1159 839 1193 cardinalium
876 1162 1016 1204 negotiis
1047 1162 1166 1206 Propa-

432 1213 553 1253 gandae
578 1212 667 1246 Fidei
698 1214 958 1257 praepositorum
984 1225 1083 1259 super
1117 1225 1166 1248 re-

428 1265 488 1297 bus
518 1265 665 1298 Sinarum
698 1266 871 1309 deputatae
909 1267 1068 1309 consilio,
1096 1278 1166 1301 eos-

428 1318 500 1350 dem
534 1318 666 1351 vicarios
702 1320 900 1362 apostolicos
935 1320 974 1352 ab
1009 1320 1165 1353 omnimo-

429 1371 467 1403 da
492 1370 716 1405 iurisdictione
742 1372 887 1405 omnium
920 1371 1163 1406 Ordinariorum

428 1423 459 1455 in
485 1424 657 1466 provinciis
683 1424 742 1456 sibi
768 1425 953 1468 assignatis,
973 1426 1163 1459 auctoritate

428 1476 624 1519 apostolica,
658 1482 768 1510 tenore
794 1478 1028 1520 praesentium,
1055 1479 1164 1511 eximi-

427 1538 498 1560 mus
525 1534 556 1561 et
572 1529 716 1572 plenarie
734 1530 920 1570 liberamus,
944 1541 980 1563 ac
998 1535 1163 1574 exemptos

428 1585 459 1613 et
483 1580 636 1614 liberatos
663 1582 831 1625 dictaeque
858 1582 1076 1615 iurisdictioni
1105 1583 1164 1615 mi-

427 1633 513 1665 nime
538 1633 695 1666 obnoxios
723 1645 794 1667 esse
821 1640 852 1667 et
878 1635 944 1668 sore
963 1635 1164 1668 decernimus

428 1690 459 1717 et
484 1685 704 1726 declara11ms;
731 1689 893 1719 reservata
918 1693 1023 1720 tamen
1059 1687 1163 1721 dictae

428 1737 694 1780 Congregationis
713 1739 925 1773 cardinalium
941 1740 1090 1774 facultate
1108 1740 1164 1774 ali-

428 1795 479 1821 ter
504 1791 713 1824 decernendi.

473 1843 487 1886 g
512 1842 543 1875 ⁶2.
569 1843 785 1878 Dccernentes
810 1846 941 1879 easdem
973 1852 1162 1890 praesentes

429 1895 552 1928 litteras
578 1896 694 1936 sirmas,
720 1898 840 1931 validas
869 1905 901 1931 et
928 1899 1072 1932 efficaces
1098 1901 1163 1933 exi-

429 1953 515 1980 stere
541 1954 572 1980 et
597 1949 673 1989 sore,
708 1961 847 1994 suosque
872 1952 1038 1995 plenarios
1059 1958 1091 1986 et
1115 1953 1162 1986 in-

429 2005 536 2042 tegros
568 2000 697 2034 etl'ectus
730 2003 839 2035 sortiri
871 2009 903 2036 et
933 2005 1096 2046 obtinere,
1127 2016 1162 2039 ac

426 2053 552 2085 vicariis
578 2055 764 2097 apostolicis
787 2056 938 2099 praefatis
958 2057 989 2090 in
1008 2058 1160 2092 omnibus

427 2111 455 2138 et
482 2116 540 2148 per
564 2106 670 2139 omnia
694 2108 884 2150 plenissime
911 2109 1098 2154 suffragari,
1124 2124 1160 2146 ac

428 2158 466 2198 ab
493 2158 567 2199 illis,
589 2159 626 2191 ad
653 2170 734 2202 quos
751 2166 873 2204 spectat
898 2167 927 2195 ct
954 2164 1114 2207 spectabit
1128 2165 1159 2197 in

427 2210 575 2250 futurum,
599 2211 830 2245 inviolabiliter
848 2219 878 2246 et
898 2214 1085 2249 inconcusse
1104 2218 1160 2250 ob-

426 2262 543 2294 servari
559 2295 565 2302 ,
584 2263 694 2306 sicque
714 2269 745 2297 et.
761 2275 823 2297 non
846 2267 939 2299 aliter
955 2267 986 2299 in
1008 2269 1159 2311 praemis-

425 2315 467 2347 sis
493 2327 551 2357 prr
576 2327 797 2360 quoscumque
824 2319 944 2352 iudices
978 2321 1158 2356 ordinarios

424 2373 452 2399 ct
482 2369 667 2410 delegatos,
703 2370 799 2402 etiam
841 2382 1007 2405 causarum
1047 2375 1155 2417 palatii

423 2431 460 2462 ap
479 2421 593 2453 „aunei
620 2422 803 2463 auditores,
831 2430 862 2456 et
886 2425 965 2458 alios
995 2428 1158 2469 quoslibet

422 2484 625 2517 quamuinspic·
658 2476 911 2516 praeeminentia
943 2484 974 2511 et
998 2485 1155 2522 potestate

422 2526 592 2566 fungentes
611 2532 642 2558 et
659 2527 831 2566 sum-turos,
846 2530 968 2564 sublata
989 2532 1033 2565 eis
1051 2538 1083 2565 ct
1102 2544 1156 2567 oo—

420 2586 489 2611 rum
520 2577 647 2610 cuilibet
675 2580 785 2621 quavis
811 2580 905 2614 aliter
930 2583 1090 2617 iudicandi
1125 2593 1157 2619 et

248 1850 371 1880 *onmium
392 1851 417 1871 ir·

236 1880 309 1897 litans.

1211 327 1308 360 dicari
1335 334 1366 362 et
1390 331 1517 365 deliniri
1542 334 1675 375 debere,
1694 345 1730 367 ac
1761 335 1888 368 irritum
1915 341 1948 368 et

1211 379 1304 413 inane
1330 381 1354 414 si
1381 393 1472 417 secus
1498 395 1598 428 super
1628 387 1679 419 his
1713 398 1730 420 a
1763 398 1944 430 quoquam,

1210 433 1319 475 quavis
1343 436 1543 477 auctoritate,
1570 439 1709 472 scienter
1726 441 1774 473 vcl
1793 440 1946 483 ignoran-

1211 490 1266 525 tcr,
1293 487 1466 530 contigerit
1490 490 1652 523 attentari.

1253 538 1267 580 g
1291 538 1321 571 3.
1345 539 1414 572 Non
1432 541 1636 576 obstantibus
1658 543 1691 576 in
1709 544 1943 579 universalibus
2023 556 2139 578 Contrariis

1210 591 1525 636 provincialibusque
1547 600 1578 626 ct
1602 596 1810 638 synodalibus
1837 583 2051 630 conci-“⁰'‘''⁵⁷“¹'

1211 642 1260 675 liis
1296 643 1390 676 editis
1427 646 1631 687 generalibus
1661 649 1711 681 vel
1751 649 1946 691 specialibus

1210 696 1492 731 constitutionibus
1518 704 1549 731 et
1570 699 1849 742 ordinationibus,
1874 712 1946 735 nec-

1211 758 1273 779 non
1296 749 1473 791 quibusvis,
1494 751 1590 783 etiam
1608 751 1805 793 iuramento,
1829 752 1946 786 confir-

1211 801 1349 835 matione
1375 804 1563 846 apostolica,
1588 805 1637 837 vel
1664 805 1774 848 quavis
1795 805 1944 838 firmitate

1210 854 1270 887 ati-:1
1294 856 1467 896 roboratis,
1499 858 1625 890 statutis
1651 863 1682 890 et
1706 858 1946 891 consuetudini-

1211 907 1279 947 bus,
1307 909 1483 951 privilegiis
1503 920 1643 953 quoque,
1664 910 1797 943 indultis
1816 916 1848 943 et
1864 911 1944 943 litte<

1210 959 1252 991 ris
1288 961 1475 1003 apostolicis
1507 960 1539 993 in
1565 962 1762 994 contrarium
1793 962 1946 1005 praemis-

1210 1023 1319 1045 sorum
1349 1014 1597 1057 quomodolibet
1621 1015 1803 1056 concessis,
1829 1014 1946 1048 contir-

1210 1065 1302 1097 matis
1328 1071 1359 1097 et
1383 1066 1565 1107 innovatis;
1592 1067 1708 1110 quibus
1741 1067 1891 1100 omnibus
1916 1073 1947 1100 et

1209 1117 1366 1160 singulis,
1397 1118 1525 1151 illorum
1561 1124 1690 1152 tenores
1720 1120 1946 1162 praesentibus

1209 1180 1268 1212 pro
1293 1172 1391 1214 plene
1428 1176 1459 1204 et
1485 1171 1683 1205 sufficienter
1718 1173 1876 1215 expressis
1912 1182 1947 1204 ac

1209 1223 1339 1256 insertis
1366 1224 1536 1264 habentes,
1564 1224 1628 1257 illis
1654 1224 1733 1257 alias
1759 1225 1792 1257 in
1817 1235 1873 1257 suo
1901 1235 1947 1257 ro-

1208 1276 1285 1309 bore
1310 1277 1541 1319 permansuris,
1568 1278 1607 1309 ad
1627 1277 1880 1320 praemissorum
1903 1277 1947 1309 es-

1209 1328 1336 1369 l‘ectum‚
1357 1329 1418 1361 hac
1440 1328 1506 1362 vice
1525 1329 1699 1369 dumtaxat,
1717 1329 1900 1372 specialiter
1916 1335 1945 1361 et

1208 1390 1358 1423 expresse
1377 1381 1589 1424 derogamus,
1615 1382 1797 1425 ceterisque
1821 1388 1933 1415 contra

1208 1432 1263 1465 riis
1289 1433 1568 1477 quibuscumque·

1250 1486 1264 1528 ἓ
1296 1486 1328 1519 4.
1355 1486 1509 1520 Volumus
1550 1492 1657 1520 autem
1681 1492 1718 1519 ut
1753 1487 1941 1520 earumdem

1207 1539 1426 1581 praesentium
1451 1540 1631 1573 litterarum
1647 1540 1870 1584 transumptis,
1887 1551 1941 1573 seu

1206 1592 1372 1635 exemplis,
1385 1593 1480 1625 etiam
1498 1593 1677 1636 impressis,
1697 1603 1794 1625 manu
1811 1593 1944 1626 alicuius

1206 1645 1324 1678 notarii
1362 1646 1483 1688 publici
1519 1645 1736 1689 subscriptis,
1773 1651 1805 1679 et
1835 1646 1942 1689 sigillo

1206 1708 1367 1740 personae
1393 1698 1425 1731 in
1443 1695 1665 1732 ecclesiastica
1690 1699 1846 1741 dignitate
1872 1710 1944 1732 con—

1207 1750 1336 1784 stitutae
1369 1751 1523 1792 munitis,
1557 1752 1672 1785 eadem
1701 1762 1835 1795 prorsus
1863 1751 1943 1785 fides

1207 1808 1269 1835 tam
1297 1803 1329 1836 in
1359 1803 1479 1837 iudicio
1501 1815 1596 1847 quam
1622 1809 1711 1837 extra
1735 1804 1940 1845 adhibeatur,

1206 1866 1288 1898 quae
1313 1856 1390 1900 ipsis
1416 1857 1646 1900 praesentibus
1679 1857 1889 1891 adhiberetur
1916 1859 1940 1891 si

1205 1908 1312 1942 forent
1331 1909 1494 1943 exhibitae
1520 1910 1569 1943 vel
1594 1914 1757 1943 ostensae.

1248 1962 1362 1995 Datum
1388 1963 1527 2003 Romae,
1552 1963 1638 2006 apud
1666 1963 1697 1996 S.
1724 1963 1855 1996 Mariam
1879 1964 1942 1996 Ma-

1204 2015 1324 2056 iorem,
1356 2016 1415 2049 sub
1447 2018 1569 2050 annulo
1602 2017 1792 2057 piscatoris,
1826 2017 1877 2050 die
1897 2027 1941 2050 vn

1203 2068 1283 2101 iunii
1315 2079 1494 2110 Mnctxxw,
1518 2069 1724 2113 pontificatus
1755 2070 1859 2104 nostri
1886 2080 1941 2104 an·

1203 2132 1245 2155 no
1271 2132 1299 2155 v.

2006 1497 2067 1517 Fides
2083 1499 2140 1518 tran-

1954 1526 2089 1549 sumptorum.

1643 2167 1665 2199 l.
1693 2167 1728 2201 G.
1752 2166 1892 2201 Smsms.

1238 2228 1296 2256 Dat.
1314 2229 1357 2256 die
1374 2229 1387 2256 7
1406 2228 1472 2256 iunii
1491 2229 1574 2264 1674,
1595 2230 1693 2265 pontif.
1715 2237 1759 2256 an.
1781 2237 1808 2256 ν.

1236 2291 1396 2324 ΒεῃὶεΙγαια
1414 2291 1442 2317 iu
1459 2291 1565 2319 Secret.
1581 2291 1777 2326 Brevim71,in
1793 2291 1842 2320 lib.
1858 2286 1937 2320 men·

1201 2334 1239 2361 sis
1261 2335 1348 2369 nmis,
1366 2338 1447 2370 part.
1472 2341 1490 2370 1,
1510 2336 1562 2371 fol.
1590 2335 1632 2363 13.

1507 2460 1632 2495 CLVlll.

1199 2537 1350 2571 Extensio
1368 2538 1614 2575 Constitutiom‘s
1631 2541 1753 2575 Urbani
1766 2542 1851 2577 VIII
1863 2553 1935 2577 con-

1244 2593 1292 2621 !rrr
1319 2591 1528 2633 impedientes
1554 2594 1778 2639 reliqiosorum
1811 2598 1936 2631 millen-
