2279 3260
152 249 204 277 An.
216 249 247 276 C.
270 249 333 277 ¹671

176 1526 298 1546 Exordium.

181 2210 323 2234 Supplicaim.

972 251 1098 275 CLEMEN

344 309 402 331 seu
426 299 603 341 superioris
636 298 795 340 generalis
820 298 962 330 eiusdem
1000 298 1080 330 Con-

344 350 540 393 grcgationis
560 350 701 391 munitis,
715 352 828 383 cadom
844 362 981 394 prorsus
1002 351 1080 383 tides

344 403 376 435 in
408 402 527 435 iudicio
559 408 590 435 et
621 408 711 435 extra
745 403 824 436 illud
862 403 1077 444 adhibeatur,

344 466 424 499 quae
450 455 660 488 adhiberetur
692 455 769 498 ipsis
798 456 1028 499 praesentibus
1053 456 1079 487 si

343 508 449 540 forent
473 508 636 541 exhibitae
660 510 708 540 vel
730 514 892 541 ostensae.

387 560 498 591 Datum
524 560 663 600 Romae,
690 561 774 603 apud
804 562 835 593 S.
864 561 993 593 Mariani
1019 561 1081 593 Ma-

343 612 455 652 iorem,
482 614 541 645 sub
570 614 691 646 annulo
716 613 897 653 Piscatoris,
919 614 971 646 die
996 624 1014 646 x
1035 614 1081 645 iu-

343 665 378 698 lii
399 675 546 706 noemin,
568 665 776 708 pontificatus
804 666 907 699 nostri
928 677 1014 699 anno
1041 677 1077 699 11.

786 727 808 760 I.
833 728 868 760 G.
895 728 1033 761 Sbusit's.

378 787 437 814 Dat.
456 788 500 815 die
519 790 549 815 10
564 788 622 815 iulii
641 789 719 822 1671,
737 788 834 823 pontis·
850 797 920 815 anno
937 795 964 815 ιι.

379 850 544 884 Βερίειιάἰα
564 850 596 876 in
621 851 787 878 Secretarz'a
812 850 843 876 in
869 850 918 877 lib.
939 850 1076 876 Brevium

342 895 449 922 mens-is
468 894 547 922 iulii.

644 1025 774 1057 LXXIII.

343 1104 433 1143 Quod
463 1106 580 1146 fratres
613 1103 746 1136 Ordinis
779 1104 942 1136 Minorum
974 1105 1078 1137 sancti

1101 250 1115 274 s
1138 252 1157 275 x
1181 252 1229 275 pp.
1756 241 1814 274 241

1099 301 1101 336 ξ
1166 299 1181 341 ξ
1206 298 1236 330 9..
1253 298 1325 337 Nos,
1344 298 1404 341 piis
1422 309 1532 330 eorum
1552 299 1632 330 votis·
1649 298 1855 330 favorabilem

1099 339 1101 354 Ι
1123 361 1290 383 assensum
1317 351 1377 382 liac
1403 350 1434 382 in
1461 361 1493 382 re
1522 352 1679 393 praebere
1702 352 1857 389 volentes,

1099 401 1100 404 ¹
1123 402 1309 445 dictumspie
1334 402 1513 435 ministrum
1540 403 1723 444 generalem
1748 413 1764 433 a
1792 402 1859 444 qui-

1124 454 1229 487 busvis
1255 454 1612 494 excommunicationis‚
1638 454 1859 496 suspensionis

1100 497 1155 563 {set
1180 507 1350 547 interdicti,
1372 507 1507 550 aliisque
1534 506 1763 539 ecclesiasticis
1788 516 1860 538 sen-

1100 579 1101 583 =
1126 559 1254 599 tentiis,
1279 559 1423 592 censuris
1459 564 1490 591 et
1515 559 1646 601 poenis,
1673 569 1690 590 a
1715 558 1783 590 iure
1810 559 1859 590 vel

1100 594 1102 646 i
1123 613 1162 644 ab
1188 612 1334 652 homine,
1361 611 1471 654 quavis
1498 612 1668 644 occasione
1695 612 1742 644 vel
1763 613 1860 643 causa

1123 665 1206 705 latis,
1228 665 1252 697 si
1274 665 1388 708 quibus
1414 665 1659 708 quomodolibet
1683 665 1858 697 innodatus

1122 717 1237 758 existit,
1263 718 1301 749 ad
1320 716 1465 749 effectum
1491 717 1711 760 praesentium
1738 717 1859 749 dumta-

1122 776 1173 802 xat
1196 770 1477 812 consequendum,
1505 770 1617 802 harum
1642 769 1726 801 serie
1752 769 1859 801 absol-

1122 827 1232 855 ventes
1261 827 1293 854 et
1310 822 1493 854 absolutum
1510 822 1576 854 sore
1595 826 1774 861 censentes,
1788 831 1857 863 sup-

1121 874 1351 917 plicationibus
1382 874 1450 906 eius
1484 874 1615 907 nomine
1639 874 1733 906 nobis
1758 884 1858 916 super

1122 928 1183 960 boc
1207 926 1375 959 humiliter
1398 927 1557 969 porrectis
1581 926 1736 966 inclinati,
1755 927 1857 959 omni-

1120 980 1178 1013 bus
1196 985 1227 1012 et
1246 979 1381 1022 singulis
1411 985 1474 1012 tam
1500 979 1650 1012 fratribus
1675 991 1768 1022 quam
1791 990 1858 1012 mo-

1120 1032 1260 1065 nialibus
1285 1032 1480 1074 praedictis,
1508 1036 1542 1064 ut
1571 1032 1710 1064 officium
1736 1033 1773 1064 de
1808 1034 1859 1064 ea-

1120 1085 1193 1117 dem
1214 1086 1325 1117 sancta
1341 1084 1441 1124 Clara,
1460 1084 1596 1126 singulis
1610 1084 1786 1122 mensibus,
1805 1083 1859 1116 ali-

383 1157 552 1189 Francz'sci
571 1149 1183 1199 Cappaccinormn,etmom'ates³qua
1219 1138 1271 1170 dm
1308 1148 1373 1170 ¹¹⁰⁰
1409 1137 1563 1180 ”npedlm
1599 1136 1705 1175 Offi-Cm
1741 1147 1857 1169 novem

385 1210 607 1252 Cappuccinae
623 1236 633 1249 ,
660 1210 831 1242 cuiuslibet
868 1211 988 1242 mensis
1026 1210 1098 1247 die,

383 1273 448 1294 non
471 1262 628 1304 impedisti
649 1262 789 1304 officium
811 1266 938 1295 sanctae
963 1263 1078 1296 Clarae

383 1315 518 1347 recitare
542 1315 682 1347 valeant.

566 1395 700 1421 Clemens
722 1395 799 1428 Papa
819 1395 852 1428 X,

460 1439 496 1466 ad
515 1442 693 1472 perpetuam
711 1439 757 1465 rei
777 1438 958 1467 memoriam.

1121 1189 1304 1229 lectionum,
1323 1190 1382 1221 sub
1401 1189 1465 1221 ritu
1485 1188 1700 1232 semiduplici,
1721 1188 1857 1221 recitare

1121 1242 1222 1275 libere
1240 1246 1271 1274 et
1288 1241 1373 1275 licite
1392 1241 1520 1285 possint⁴
1541 1246 1573 1273 et
1598 1242 1733 1280 valeant,
1753 1246 1860 1274 aucto-

1121 1296 1214 1328 ritate
1250 1296 1438 1339 apostolica,
1462 1300 1574 1328 tenore
1615 1294 1857 1337 praesentium,

1121 1348 1326 1382 concedimus
1353 1354 1384 1381 et
1408 1348 1625 1391 indulgemus.

1164 1402 1228 1445 ἐῢ.
1253 1402 1472 1434 Decernentes
1507 1401 1639 1434 easdem
1665 1404 1858 1443 praesentes

1122 1455 1245 1488 litteras
1276 1464 1405 1497 semper
1425 1453 1541 1493 firmas,
1560 1452 1681 1485 validas
1699 1458 1730 1485 et
1753 1452 1861 1485 effica-

386 1510 427 1542 Ex
454 1503 597 1543 iniuncto
623 1509 715 1542 nobis
744 1509 896 1543 divinitus
922 1511 1079 1554 apostoli·
1122 1518 1174 1540 ces
1205 1506 1342 1540 existere
1368 1511 1400 1538 et
1424 1506 1508 1545 sore,
1531 1515 1669 1548 suosque
1697 1505 1863 1548 plenarios

343 1573 399 1595 cae
424 1562 584 1595 servitutis
598 1561 715 1602 officio,
735 1562 787 1605 pia
809 1562 1079 1604 christifidelium,
1100 1594 1101 1604 ,

343 1615 471 1648 illorum
496 1615 702 1658 praesertim,
731 1615 793 1658 qui,
810 1615 964 1648 Altissimi
991 1617 1080 1649 obse·
1123 1624 1159 1645 ac
1176 1612 1253 1652 illis,
1271 1613 1309 1645 ad
1328 1622 1408 1654 quos
1433 1616 1559 1654 spectat
1583 1616 1615 1643 et
1639 1621 1698 1653 pro
1718 1616 1862 1653 tempore

344 1668 428 1711 quiis
452 1668 510 1700 sub
535 1667 624 1700 suavi
649 1668 794 1700 arctioris
819 1668 986 1711 religionis
1004 1669 1079 1712 iugo
1101 1711 1103 1715 .

343 1719 539 1763 mancipati,
576 1720 729 1762 bonoque
765 1719 881 1753 Christi
918 1722 1016 1754 odore
1042 1723 1080 1755 de

343 1774 429 1806 bona
453 1772 702 1805 conversatione
740 1774 939 1816 fragrantes,
967 1774 1080 1807 uberes

343 1825 505 1858 bonorum
541 1836 679 1868 operum
716 1826 837 1857 fructus
874 1826 906 1858 in
938 1827 1104 1862 Ecclesia.

344 1879 408 1919 Dei,
435 1878 622 1921 adspirante
646 1879 779 1922 superni
805 1880 922 1913 favoris
949 1881 1078 1920 auxilio,
1102 1876 1104 1913 ’1

344 1932 490 1976 proferre
515 1931 633 1974 iugiter
665 1938 836 1974 satagunt,
856 1938 938 1972 vota,
965 1934 1004 1966 ad
1029 1927 1104 1965 au-¹

343 1985 481 2027 gendam
507 1984 540 2016 in
566 1984 660 2017 terris
697 1984 844 2017 caelestis
876 1985 967 2028 regni
996 1983 1104 2019 inco-'

344 2038 446 2070 larum
472 2036 716 2070 venerationem
742 2037 920 2078 tendentia,
942 2038 1083 2071 libenter
1103 2066 1105 2072 ,

347 2089 547 2130 exaudimus,
578 2089 696 2133 illaque
723 2089 885 2122 favoribus
916 2095 947 2122 et
971 2090 1082 2132 gratiis

348 2142 578 2186 prosequimur
602 2142 806 2185 opportunis.

393 2198 408 2240 ἓ
432 2196 463 2228 1.
490 2195 566 2228 Cum
591 2195 711 2238 itaque,
728 2195 810 2227 sicut
834 2195 972 2228 dilectus
998 2196 1082 2229 tilius
1104 2208 1105 2215 ¹

349 2250 494 2282 minister
526 2249 689 2291 generalis
714 2248 842 2281 Ordinis
873 2250 1006 2282 fratrum
1032 2250 1086 2281 Mi-

350 2314 463 2336 norum
495 2302 597 2334 sancti
623 2302 782 2335 Francisci
807 2302 1083 2346 Cappuccinormn

349 2360 607 2399 nuncupatorum
632 2355 725 2388 nobis
741 2366 845 2398 nuper
862 2356 981 2399 exponi
1002 2356 1083 2395 secit,

349 2414 414 2441 tam
433 2409 547 2441 fratres
573 2408 650 2440 dicti
667 2408 796 2441 Ordinis
815 2419 910 2452 quam
927 2408 1085 2442 moniales

349 2462 571 2506 Cappuccinae
597 2468 809 2505 nuncupatae,
844 2473 902 2505 pro
927 2462 1087 2505 singulari

351 2528 467 2550 eorum
491 2527 566 2558 erga
590 2521 733 2549 sanctam
757 2516 880 2549 Claram
906 2516 1086 2550 devotionis

353 2570 474 2610 affectu,
501 2570 640 2602 officium
665 2570 704 2602 de
730 2571 786 2603 illa
811 2570 947 2613 singulis
973 2570 1087 2603 mensi-

353 2623 414 2656 bus
438 2622 575 2655 recitare
599 2621 773 2665 plurimum
798 2623 996 2656 desiderent:

423 2685 501 2714 Ball.
524 2685 606 2712 Rom.
629 2700 659 2704 -
685 2685 741 2714 Vol.
764 2684 871 2711 XVIII.
913 2705 937 2712 ,.
1016 2685 1047 2712 31

1123 1566 1154 1593 et
1177 1559 1321 1602 integros
1353 1558 1484 1591 effectus
1514 1557 1623 1590 sortiri
1646 1563 1677 1589 et
1704 1557 1861 1596 obtinere,

1124 1665 1394 1707 quandocumque
1419 1663 1588 1706 spectabit,
1607 1663 1639 1695 in
1661 1663 1812 1695 omnibus
1831 1667 1863 1695 et

1126 1728 1183 1761 per
1201 1717 1309 1750 onmia
1328 1716 1518 1760 plenissime
1540 1715 1707 1758 suffragari
1723 1742 1730 1755 ,
1752 1714 1862 1758 sicque

1125 1771 1157 1803 in
1171 1769 1356 1814 praemissis
1372 1780 1431 1812 per
1447 1779 1666 1812 quoscumque
1681 1768 1802 1800 iudices
1816 1778 1863 1800 or-

1126 1823 1268 1856 dinarios
1293 1828 1324 1855 et
1357 1823 1523 1864 delegatos
1539 1848 1546 1862 ,
1577 1821 1673 1854 etiam
1698 1831 1864 1853 causarum

1126 1875 1235 1920 palatii
1261 1875 1431 1918 apostolici
1461 1874 1625 1907 auditores
1644 1900 1651 1913 ,
1674 1873 1808 1906 iudicari
1834 1879 1866 1905 et

1127 1928 1252 1963 definiri
1270 1929 1397 1967 debere,
1416 1939 1451 1960 ac
1470 1927 1594 1959 irritum
1611 1932 1642 1959 et
1661 1927 1756 1958 inane
1777 1926 1801 1958 si
1816 1937 1865 1958 se—

1126 1993 1179 2015 cus
1203 1992 1300 2025 super
1320 1981 1370 2014 liis
1395 1993 1412 2013 a
1434 1991 1608 2024 quoquam,
1628 1979 1737 2023 quavis
1754 1985 1865 2012 aucto-

1127 2035 1230 2074 ritate,
1251 2034 1391 2067 scienter
1408 2035 1455 2066 vel
1474 2033 1671 2076 ignoranter,
1691 2032 1866 2075 contigerit

1126 2088 1289 2121 attentari.

1170 2142 1185 2184 ξ
1210 2141 1241 2173 li.
1264 2140 1333 2173 Non
1355 2140 1558 2173 obstantibus
1576 2139 1865 2172 constitutionibus

1127 2200 1159 2227 et
1179 2193 1435 2226 ordinationibus
1463 2192 1659 2235 apostolicis,
1684 2191 1865 2235 ceterisque

1127 2248 1300 2281 contrariis
1326 2247 1597 2290 quibuscumque.

1171 2301 1185 2344 ἓ
1207 2300 1237 2333 5.
1256 2301 1410 2333 Volumus
1429 2305 1533 2332 autem
1564 2304 1597 2331 ut
1614 2299 1757 2342 ipsarum
1775 2309 1866 2341 prae-

1129 2354 1270 2387 sentium
1308 2354 1492 2387 litterarum
1537 2352 1749 2395 transumptis
1768 2378 1774 2391 ,
1808 2362 1865 2383 seu

1129 2407 1296 2451 exemplis,
1320 2407 1418 2440 etiam
1443 2406 1622 2449 impressis,
1648 2416 1746 2437 manu
1772 2404 1867 2437 alicu-

1129 2462 1178 2494 ius
1206 2460 1324 2493 notarii
1341 2459 1464 2503 publici
1479 2458 1689 2500 subscriptis,
1709 2462 1740 2490 et
1760 2457 1868 2499 sigillo

1130 2525 1300 2558 personae·
1316 2514 1349 2546 in
1365 2511 1590 2546 ecclesiastica
1615 2510 1773 2553 dignitate
1794 2521 1870 2542 con-

1130 2569 1261 2601 stitutae
1303 2566 1437 2600 munitis
1455 2593 1462 2606 ,
1494 2566 1607 2598 eadem
1631 2574 1767 2608 prorsus
1788 2563 1867 2595 tides

1132 2621 1288 2654 habeatur
1314 2620 1347 2652 in
1373 2618 1495 2652 iudicio
1514 2623 1545 2651 et
1562 2622 1650 2651 extra
1673 2616 1762 2656 illud,
1786 2626 1867 2659 quae

1867 251 1915 275 Αη.
1933 250 1960 274 C.
1983 249 2045 275 1571

1908 311 2009 328 (lours-ulit
2031 311 2053 329 ul

1870 337 1889 357 in
1905 338 1999 357 rubrica.

1897 1412 2008 1432 Daci-etum
2027 1417 2055 1432 ir-

1872 1443 1944 1459 TIIRDS.

1946 2147 2061 2166 Contrariis

1875 2174 1970 2199 derogat.

1915 2304 2060 2329 'si-absumptis

1877 2332 1938 2352 tidem
1953 2331 2020 2351 addit.
