2279 3260
229 221 278 247 An.
298 219 325 246 c.
350 219 416 246 1670
462 211 526 245 666

257 386 267 412 g
282 386 299 406 ὓ,
324 385 353 405 Do
370 385 413 405 offi-

230 418 263 432 em
274 415 355 437 patrum
366 418 413 438 pru-

231 439 359 459 Vtthl-tllun).

423 270 451 302 la
477 274 509 301 et.
532 269 780 303 constitutiones
797 269 974 313 disponunt
991 268 1097 312 quoad
1114 269 1155 301 lo-

423 333 458 354 ca
483 328 514 355 ct
539 327 685 365 tempora
710 322 837 355 tacendi
863 327 894 355 ct
918 320 1085 364 loquendi.

469 387 490 408 1.
517 375 635 408 Omnes
662 375 828 408 humiliter
864 380 895 408 et
920 378 1070 417 prompte
1097 382 1156 405 sno

424 428 614 473 provinciali
647 429 800 461 obediant
836 433 996 470 tamqnam
1020 425 1103 469 patri
1129 430 1160 458 et

426 481 556 525 pastori,
582 481 637 524 qui
663 486 694 514 et
718 482 791 514 ideo
808 481 922 522 magna
939 478 1158 512 sollicitudine

426 545 500 567 suae
527 534 711 577 provinciae
738 533 892 575 invigilet,
919 537 948 564 et
973 531 1005 563 in
1024 532 1089 564 tota
1107 530 1160 563 illa

427 588 573 621 camdeni
599 587 716 619 habeat
741 591 930 629 potesta-tem
956 595 1050 628 quain
1068 583 1159 616 mini-

427 641 483 673 stri
507 640 538 672 in
563 640 627 671 suis
658 639 889 678 conventibus;
917 638 950 670 in
975 647 1089 669 eorum
1117 642 1160 668 ta-

426 704 503 726 men
528 692 630 725 officia
654 702 717 723 non
747 702 779 723 se
806 691 1011 730 intromittat,
1037 689 1099 721 nisi
1124 688 1161 720 il-

427 747 533 779 lorum
559 743 755 786 negligentia
779 747 811 775 et
828 744 922 786 culpa
939 741 1095 784 exigente,
1114 741 1161 774 vel

429 797 622 832 necessitate
649 802 679 828 ct
704 795 874 838 prudentia
898 795 1095 838 postulante.

475 862 508 884 11.
537 851 583 883 Ad
614 854 738 893 patrem
772 848 1002 891 provincialem
1039 851 1164 890 spectat

430 903 611 937 concedere
636 902 801 935 licentiam
826 905 860 933 ut
885 900 916 932 in
942 900 1099 942 religione
1118 911 1165 932 re-

429 957 590 1000 cipiantur
616 954 669 998 qui
703 955 739 987 atl
773 955 907 987 clioruni
939 953 1163 993 destinantur3

429 1010 506 1042 itcni
530 1014 565 1041 111
591 1014 652 1040 tant
677 1007 727 1040 isti
764 1018 860 1049 quam
895 1006 967 1040 laici
993 1005 1168 1039 existentes

431 1063 463 1095 in
490 1072 575 1094 anno
601 1059 802 1104 probationis
834 1069 889 1092 seu
919 1058 1094 1092 novitiatus
1119 1068 1167 1090 ro-

431 1114 589 1157 cipiantur
609 1124 667 1146 suo
688 1118 830 1155 tempore
853 1112 891 1145 ad
908 1111 1164 1155 professi0nem3

432 1167 581 1200 similiter
605 1171 769 1209 praestare
800 1165 922 1199 litteras
949 1164 1060 1207 (vulgo
1085 1175 1167 1197 reve-

431 1220 562 1262 rendas)
600 1223 634 1250 ut
659 1217 804 1260 religiosi
842 1216 939 1249 saeris
977 1217 1166 1255 initientur,

433 1273 618 1305 facultatem
637 1276 671 1303 ut
691 1270 937 1309 concionentur,
957 1274 988 1301 et
1005 1269 1168 1301 licentiam

432 1331 468 1357 ut
493 1324 714 1357 consessiones
740 1323 873 1355 audiant
895 1322 1047 1361 virorum,
1069 1327 1097 1354 et
1117 1332 1170 1364 pe-

433 1385 502 1413 tere
528 1390 544 1410 a
570 1376 754 1409 definitorio
779 1375 941 1408 licentiam
967 1379 1001 1406 ut
1025 1373 1169 1416 religiosi

434 1430 658 1463 consessiones
675 1428 865 1461 stnninarun]
885 1427 1028 1460 audiant.
1045 1427 1106 1460 Pro
1121 1427 1170 1459 his

434 1489 541 1517 antem
561 1481 710 1515 omnibus
728 1481 896 1513 hortamur
913 1485 1023 1523 patres
1044 1480 1170 1522 provin-

435 1536 542 1575 ciales,
568 1540 598 1567 et
615 1544 729 1567 eorum
752 1532 965 1566 conscientias
984 1543 1168 1572 oneramus,

434 1594 479 1629 ut,
493 1594 665 1631 antequam
681 1587 781 1620 dietas
801 1587 966 1619 facultates
980 1587 1171 1625 concedant,

435 1648 554 1675 certam
580 1646 611 1673 et
636 1642 765 1684 plenam
797 1639 944 1673 notitiam
970 1640 1092 1672 habere
1118 1651 1172 1672 011-

436 1701 508 1728 rent
533 1696 572 1727 (le
593 1695 708 1727 virtute
727 1694 867 1733 illorum,
889 1692 1006 1736 quibus
1025 1704 1079 1725 eas
1097 1704 1173 1725 con-

436 1749 565 1787 cedunt,
591 1758 628 1780 ac
653 1748 691 1780 de
718 1747 863 1790 ipsorum
888 1750 1012 1785 aetate,
1038 1745 1172 1779 scientia

437 1807 467 1835 et
492 1800 607 1833 ceteris
632 1801 670 1833 ad
703 1811 739 1832 ea
771 1799 936 1842 requisitis
968 1804 1029 1831 tam
1061 1810 1077 1831 a
1103 1799 1171 1832 iure

437 1864 532 1898 qnam
558 1864 575 1885 a
600 1852 698 1885 Bullis
723 1851 899 1899 pontificiis
917 1856 948 1884 et
965 1850 1083 1884 nostris
1101 1862 1173 1883 con-

437 1905 676 1945 stitutionibus,
704 1910 736 1937 et
761 1904 901 1947 insuper,
929 1905 1003 1936 stum
1024 1915 1041 1936 a
1067 1904 1173 1937 (letini-

439 1960 520 1992 torio
552 1957 767 2001 postulaverit
802 1957 964 1989 licentiam
994 1961 1029 1989 ut
1060 1957 1174 2000 aliquis

438 2012 611 2054 religiosus
648 2010 840 2043 seminarum
882 2010 1019 2052 excipiat.
1050 2010 1175 2043 eonl'es·

438 2065 566 2105 siones,
593 2064 698 2096 mittat.
722 2063 912 2106 petitionem
939 2063 1061 2106 proprii
1086 2063 1176 2096 inini-

439 2119 495 2151 stri
522 2118 666 2151 eiusdem
692 2116 848 2158 religiosi,
866 2115 897 2148 in
925 2127 985 2159 qua
1004 2121 1067 2148 tam
1085 2116 1175 2148 mini-

439 2176 506 2204 ster
523 2182 617 2214 quain
635 2169 813 2202 consiliarii
835 2169 978 2201 eiusdem
999 2174 1175 2202 conventus

440 2226 489 2258 vel
511 2223 637 2265 collegii
657 2221 868 2255 testificentur
886 2222 924 2254 de
942 2221 1034 2253 annis
1053 2222 1174 2263 aetatis,

439 2278 565 2312 habitus
588 2282 620 2308 et
644 2275 886 2319 presbyteratus
916 2275 988 2307 talis
1020 2275 1173 2318 religiosi,

440 2338 471 2365 et
491 2334 612 2374 *guanto
632 2335 774 2371 tempore
792 2328 1013 2360 consessiones
1033 2328 1174 2361 virorum

440 2386 468 2418 la
486 2381 648 2416 :dabilitwr
673 2393 708 2414 ae
733 2385 882 2424 prompte
908 2380 1078 2413 audiverit.

486 2448 530 2471 tn.
566 2435 709 2469 Pertinet
744 2434 839 2467 etiam
870 2434 908 2466 ad
946 2434 1176 2477 provincialem

440 2490 644 2535 suspendere
675 2493 706 2521 et
732 2488 866 2527 tollere,
905 2487 1034 2530 qnando
1060 2498 1176 2521 conve-

441 2546 533 2578 niens
559 2542 754 2582 iudicaverit,
782 2542 948 2574 facultates
975 2546 1006 2573 et
1031 2541 1174 2574 licentias

441 2596 646 2642 praedicandi
685 2601 716 2628 et
762 2594 912 2627 audiendi
949 2594 1174 2627 consessiones

1005 219 1185 245 BULLARIUM
1209 219 1359 245 ROMANUM

1200 273 1262 300 tam
1289 269 1430 301 virorum
1456 280 1551 313 quam
1577 269 1787 309 seminarum,
1818 268 1935 302 deinde

1200 320 1356 364 impertiri
1382 321 1413 353 in
1442 323 1498 354 sua
1523 322 1689 365 provincia
1717 321 1936 355 benefactori-

1201 373 1259 405 bus
1285 378 1317 406 et
1346 373 1416 407 aliis
1452 375 1598 417 personis
1628 375 1781 418 epistolas
1811 375 1937 408 confra-

1202 426 1372 466 ternitatis,
1400 427 1516 470 quibus
1541 428 1714 471 participes
1732 427 1808 460 siant
1826 426 1936 460 sull'ra-

1203 479 1327 521 giorum
1349 484 1594 522 ceterorumque
1620 480 1777 513 bonorum
1803 489 1935 523 operum

1203 542 1276 564 suae
1302 532 1498 575 provinciae,
1518 537 1549 564 et
1567 532 1749 566 faetiltatem
1770 538 1936 576 praestare

1204 584 1414 617 conventibus
1439 584 1476 616 acl
1503 589 1661 628 perpetuo
1682 585 1869 619 alienandas
1888 596 1938 618 se-

1204 637 1348 678 pulturas
1374 636 1595 677 ecclesiarum,
1621 648 1686 670 non
1710 648 1785 670 vero
1809 639 1939 681 cappel-

1206 690 1253 721 lae
1278 688 1408 721 maioris
1433 690 1480 722 vel
1508 689 1656 722 minoris.

1250 751 1291 774 tv.
1326 741 1447 774 Rursus
1473 741 1610 784 singulis
1634 741 1728 775 annis
1753 743 1854 776 semel
1880 743 1941 776 sal-

1207 800 1270 827 tem
1286 794 1414 827 visitare
1431 805 1542 827 omnes
1562 799 1738 827 conventus
1756 800 1787 828 et
1804 796 1941 838 collegia

1187 866 1190 871 ‹
1207 857 1281 879 suae
1307 847 1503 889 provinciae.
1527 847 1557 880 Si
1577 858 1650 880 vero
1672 853 1761 891 pater
1781 848 1942 891 generalis

1208 899 1348 943 aliquam
1375 899 1459 932 illius
1485 900 1669 942 provinciae
1688 900 1819 933 domurn
1839 901 1943 933 visita-

1207 952 1260 992 vit,
1287 957 1360 984 tunc
1386 951 1590 994 provincialis
1615 963 1679 985 non
1707 958 1856 985 teneatur
1874 964 1943 986 earn

1210 1015 1268 1048 pro
1293 1005 1349 1037 illo
1382 1015 1466 1038 auno
1499 1005 1638 1037 visitare.
1673 1004 1762 1043 Quod
1792 1005 1817 1038 si
1842 1005 1944 1038 eonti-

1210 1058 1291 1100 gerit
1314 1058 1453 1101 aliquem
1486 1058 1615 1090 fratrem
1648 1069 1835 1100 germanum
1870 1069 1944 1101 pro-

1210 1110 1353 1143 vincialis
1379 1121 1448 1143 esse
1470 1110 1653 1142 ministrum
1671 1111 1806 1143 alicuius
1827 1111 1944 1143 domus

1210 1176 1284 1197 snae
1295 1164 1489 1208 provinciae,
1506 1174 1570 1196 non
1586 1163 1693 1196 visitet
1710 1164 1842 1196 domum
1858 1164 1944 1197 illam

1212 1217 1279 1259 ipse
1304 1221 1397 1259 pater
1415 1216 1630 1259 provincialis,
1648 1217 1696 1249 vel
1716 1217 1755 1253 de
1773 1216 1842 1248 eius
1859 1228 1947 1248 com-

1213 1268 1365 1302 missione
1392 1270 1472 1301 alter
1497 1267 1678 1310 religiosus.
1700 1268 1822 1300 Deinde
1847 1268 1872 1300 si
1894 1279 1948 1311 pa-

1214 1328 1260 1354 ter
1284 1321 1501 1364 provincialis,
1517 1319 1702 1353 infirmitate
1717 1321 1765 1353 vel
1791 1321 1852 1353 alia
1866 1321 1948 1354 insta

1214 1376 1310 1407 causa
1333 1374 1516 1417 impedith
1539 1384 1602 1405 non
1621 1375 1727 1406 valeat
1742 1373 1869 1406 visitare
1891 1385 1949 1417 per

1214 1439 1258 1467 se,
1283 1437 1439 1470 suumque
1466 1426 1608 1459 officium
1634 1437 1805 1467 exercere,
1830 1427 1950 1470 poterit

1214 1481 1298 1513 vices
1335 1490 1407 1512 suas
1445 1479 1538 1512 alteri
1570 1479 1724 1522 religioso
1761 1479 1948 1522 provinciae

1215 1542 1290 1564 suae
1315 1531 1534 1573 committere3
1561 1542 1725 1575 nunquam
1756 1536 1860 1565 tamen
1892 1543 1950 1566 110-

1214 1586 1337 1618 rninare
1363 1595 1417 1617 seu
1448 1584 1617 1618 instituere
1645 1584 1795 1617 vicarium
1822 1586 1950 1628 provin-

1216 1639 1346 1678 cialem,
1373 1638 1439 1670 sive
1469 1648 1528 1680 pro
1563 1640 1628 1670 tota
1663 1638 1730 1670 sive
1762 1648 1819 1681 pro
1855 1644 1948 1682 parte

1215 1702 1291 1723 suae
1317 1691 1525 1734 provinciae3
1554 1691 1617 1723 hoc
1641 1690 1726 1723 enim
1744 1691 1782 1723 ad
1802 1691 1951 1724 definito-

1216 1744 1298 1776 rium
1325 1743 1471 1776 attineat.

1259 1808 1288 1829 v.
1315 1797 1483 1829 Praeterea
1508 1798 1547 1830 ad
1573 1797 1804 1840 provincialem
1829 1803 1953 1841 spectat

1217 1860 1292 1883 suos
1316 1849 1489 1892 religiosos
1527 1850 1564 1882 ab
1590 1861 1655 1882 uno
1692 1850 1725 1883 in
1750 1851 1848 1883 alium
1875 1861 1952 1884 con-

1217 1908 1345 1936 ventum
1371 1903 1557 1943 transferre,
1575 1907 1606 1935 et
1630 1904 1788 1946 praebere
1814 1904 1860 1936 eis
1886 1904 1953 1947 (ex-

1217 1956 1320 2000 ceptis
1352 1955 1527 1988 lectoribus
1554 1961 1585 1988 et
1609 1955 1828 1998 studentibus)
1854 1956 1952 1989 licen-

1220 2010 1277 2042 tias
1302 2010 1340 2042 ad
1360 2009 1477 2042 itinera
1497 2008 1653 2049 facienda,
1675 2009 1868 2041 necessitate
1889 2010 1953 2042 exi-

1219 2067 1325 2108 gente,
1349 2067 1380 2094 et
1394 2061 1529 2094 servatis
1547 2061 1597 2093 his
1615 2071 1698 2104 quae
1717 2061 1803 2094 dieta
1820 2067 1952 2095 manent

1218 2126 1325 2159 supra,
1352 2125 1423 2158 cap.
1450 2125 1477 2155 x,
1503 2115 1517 2158 ἓ
1544 2114 1574 2147 1.

1262 2180 1303 2202 vi.
1331 2169 1535 2212 Suspendere
1561 2179 1689 2212 quoque
1716 2169 1754 2202 ab
1773 2169 1879 2203 officio
1895 2170 1953 2204 mi-

1221 2222 1372 2262 nistrum,
1394 2221 1448 2265 qni
1475 2222 1657 2264 gubernare
1682 2223 1796 2263 nescit,
1814 2224 1864 2256 vel
1886 2224 1952 2268 qui,

1219 2277 1276 2308 sna
1299 2275 1421 2308 malitia
1445 2280 1499 2308 aut
1524 2275 1722 2318 negligentia
1751 2277 1801 2309 vel
1827 2277 1952 2310 defectu

1219 2328 1413 2372 capacitatis,
1428 2328 1598 2371 permittit,
1625 2339 1734 2361 ansam
1752 2329 1898 2372 praebet,
1921 2336 1954 2363 et

1219 2393 1315 2415 eausa
1341 2387 1388 2414 est
1413 2381 1497 2424 quod
1519 2391 1632 2413 omnes
1657 2385 1687 2414 et
1713 2381 1860 2425 plerique
1885 2383 1953 2415 sub-

1220 2435 1359 2468 ditorum
1385 2434 1491 2467 vivant
1514 2433 1708 2476 irreligiose,
1731 2436 1799 2468 laxe
1817 2436 1866 2468 vel
1884 2435 1953 2469 sine

1219 2500 1305 2532 pace,
1332 2488 1460 2531 aliaque
1486 2487 1747 2521 inconvenientia
1772 2489 1883 2522 tamin
1902 2501 1954 2533 op-

1220 2542 1296 2585 pitlo
1322 2552 1416 2584 quam
1443 2540 1474 2572 in
1494 2550 1567 2572 coni
1599 2545 1652 2572 11111
1671 2546 1863 2584 seqnantnr;
1882 2553 1954 2586 qua-

1196 2623 1198 2638 ,
1220 2604 1355 2638 cunique
1382 2604 1457 2636 vrgo
1484 2603 1517 2626 ev
1545 2592 1614 2626 istis
1633 2593 1739 2627 causis
1757 2599 1865 2637 potest
1882 2605 1955 2640 pro-

1945 219 1995 248 An.
2011 219 2039 248 C.
2061 220 2130 248 1676
