2279 3260
138 209 233 238 Asi-C.
257 212 323 239 1675

329 262 485 303 voluntas,
512 263 638 296 cuinam
669 264 766 296 iidem
789 268 823 295 ut
848 274 947 306 supra
975 273 1063 295 rece-

329 314 374 356 pti
390 314 460 355 arti,
478 325 536 347 seu
551 315 712 355 exercitio,
726 321 779 348 aut
793 316 899 355 statui,
921 326 983 358 qua
1008 326 1062 347 seu

330 377 394 409 quo
419 367 591 408 mediante,
612 372 785 411 postquam
811 379 827 401 e
845 368 932 401 dieto
958 367 1065 410 hospi-

331 419 375 452 tio
401 419 523 453 dimissi
549 420 686 461 suerint,
717 421 890 454 sustentari
916 420 1060 464 possint,

330 484 460 516 operam
479 474 555 507 dare
573 474 604 506 in
623 480 730 508 mente
757 480 787 508 et
812 475 992 507 intentione
1010 484 1065 515 gc-

329 531 408 566 rant,
440 527 601 570 explorari
626 529 739 568 valeat,
769 528 806 560 ad
829 529 890 560 hoc
915 532 957 567 ut,
984 526 1064 558 sacta

285 613 289 617 ,
330 589 389 621 per
413 579 483 612 illos
510 580 727 614 declaratione
757 591 868 614 eorum
884 579 1062 617 voluntatis,

330 631 362 664 in
381 634 418 665 ea
442 638 517 671 arte,
537 644 593 665 seu
612 634 776 673 exercitio,
794 638 843 666 aut
865 638 957 672 statu,
976 631 1061 664 omni

330 687 405 717 cura
419 690 450 717 et
463 686 643 726 sedulitate,
661 686 755 729 dirigi
774 691 806 719 et
822 685 976 729 applicari
996 696 1064 727 pos-

330 737 392 770 sint
410 738 566 780 (eremitis
591 739 622 771 in
649 740 733 772 dicto
759 739 901 782 bospitio
919 739 957 771 ad
976 748 1064 780 prae-

330 801 404 823 sens
424 796 455 823 et
472 802 531 834 pro
555 797 697 835 tempore
723 792 915 834 degentibus
933 790 1062 822 minime

329 844 478 883 remotis,
509 854 687 887 eorumque
713 844 860 876 instituto
885 849 916 875 et
940 843 1064 881 habitu,

329 894 373 926 uti
399 895 499 938 prius,
515 895 547 928 in
573 896 638 928 suis
663 896 786 928 iuribus
811 901 842 929 et
867 894 1064 933 redditibus,

330 947 466 990 aliisque
485 948 648 981 observari
667 948 782 988 solitis,
801 958 929 990 semper
947 952 978 979 et
993 957 1064 989 per-

328 1006 429 1043 petuo
455 1002 709 1041 remanentibus,
731 1012 766 1034 ae
784 1002 871 1033 salva
895 1000 978 1033 dicta
996 1010 1065 1042 pro-

330 1054 484 1094 tectione,
504 1054 564 1086 sub
588 1065 663 1097 qua,
683 1059 717 1086 ut
737 1055 932 1097 praefertur,
952 1063 1064 1085 eorum

330 1106 509 1149 hospitium
539 1107 701 1150 iidemque
728 1106 881 1139 eremitae
901 1105 1065 1148 reperiun-

330 1159 405 1202 tur),
420 1165 578 1202 perpetuo
604 1160 757 1202 erigimus
790 1164 818 1191 et
849 1158 1061 1197 instituimus3

135 1215 320 1268 dffffffiiffli',
375 1212 389 1254 ξ
409 1212 439 1244 6.
459 1212 573 1255 Illique
592 1212 638 1245 sic
656 1218 762 1244 erecto
788 1218 817 1244 ct
836 1212 993 1251 institutoy
1006 1220 1063 1252 pro

330 1263 417 1297 illius
443 1266 518 1298 dote
544 1271 575 1298 et
601 1265 843 1298 manutentione
869 1276 904 1297 ar
930 1274 1064 1297 onerum

331 1318 571 1358 sustentatione,
590 1318 756 1361 praedicta
775 1319 844 1350 loca
859 1318 1014 1350 montium
1034 1323 1063 1349 et

333 1371 459 1404 domum
470 1371 668 1414 praedictam
684 1382 699 1403 a
714 1371 796 1403 dicta
807 1371 935 1402 natione
951 1371 1065 1403 Picena

332 1430 470 1467 emptam
499 1424 717 1457 mediantibus
742 1424 913 1467 praedictis
931 1425 1064 1456 summis

332 1488 390 1520 per
414 1488 471 1510 nos
502 1482 537 1509 ut
560 1478 743 1520 praefertur
772 1476 925 1519 erogatis,
948 1488 984 1509 ac
1010 1478 1066 1509 do-

332 1531 516 1563 munculam
544 1541 643 1573 prope
681 1530 797 1562 dictam
828 1531 956 1562 domum
988 1531 1064 1563 olim

333 1584 474 1615 ciusdem
501 1584 651 1622 nationis,
666 1589 805 1625 emptam
832 1584 890 1615 sub
916 1583 1065 1617 (1101110-

332 1636 470 1668 cembris
499 1647 582 1668 anno
600 1636 725 1668 Domini
751 1646 907 1669 itinchxiv
924 1647 981 1679 per
998 1642 1066 1669 acta

331 1688 452 1722 Nicolai
477 1689 652 1721 Mazzeselii
672 1689 787 1721 notarii
812 1689 933 1732 publici
959 1690 1065 1723 curiae

332 1752 498 1774 causarum
517 1741 666 1774 Gamerae
685 1742 890 1784 Apostolicae
908 1744 1066 1784 gelteralis

332 1794 486 1827 auditoris
509 1794 659 1836 (maiores
684 1794 715 1825 in
734 1794 801 1826 dies
818 1800 1003 1837 proventus,
1023 1796 1067 1828 sa-

330 1853 425 1879 vente
442 1847 587 1887 Domino,
607 1846 813 1890 assignaturi)
832 1858 866 1880 ac
884 1849 980 1880 etiam
1001 1860 1066 1882 om-

330 1899 383 1931 nia
404 1905 434 1931 ct
452 1910 672 1942 quaecumque
701 1900 797 1939 bona,
818 1901 972 1941 redditus,
1001 1903 1066 1935 ele-

330 1962 494 1995 emosynas
527 1952 632 1985 eidem
664 1963 747 1985 novo
781 1953 925 1996 hospitio
950 1965 967 1986 a
992 1955 1064 1998 qui-

328 2005 438 2038 busvis
456 2005 721 2038 christifidelibus
740 2007 882 2049 elargita,
899 2008 1017 2040 donata
1034 2014 1063 2041 et

329 2059 442 2091 relicta
459 2070 493 2091 ac
513 2059 667 2102 acquisita
688 2060 837 2102 (quorum
856 2060 1061 2104 quantitates,

329 2111 497 2154 qualitates
521 2116 552 2144 et
576 2113 702 2145 valores
735 2123 795 2155 pro
820 2114 980 2156 expressis
1006 2114 1063 2147 ha-

329 2164 398 2196 beri
423 2165 582 2207 volumus)
601 2175 636 2197 ae
662 2164 760 2208 quae¹
781 2166 819 2197 de
845 2171 956 2198 cetero
981 2167 1063 2198 elar-

330 2216 460 2259 gienda,
488 2217 638 2250 donanda
662 2223 694 2250 et
711 2218 925 2261 relinquenda
943 2220 980 2251 ab
1009 2230 1062 2252 eo—

332 2270 477 2302 rumdem
502 2270 761 2303 christifidelium
775 2270 893 2313 pietate
912 2277 942 2304 et
956 2272 1061 2304 chari-

331 2327 393 2354 tate
416 2322 473 2365 (ita
487 2323 573 2365 quod
588 2323 683 2356 liceat
703 2324 952 2367 Congregationi
970 2336 1062 2368 prae-

330 2374 444 2415 dictae,
459 2375 588 2408 nomine
602 2376 676 2409 dieti
688 2376 831 2420 hospitii,
850 2377 1061 2421 illorumque‘z

329 2429 543 2471 corporalem,
560 2429 680 2461 realem
706 2434 737 2462 et
756 2430 915 2462 actualem
932 2440 1061 2473 posses-

327 2481 455 2514 sionem
480 2481 744 2525 apprehendere,
770 2488 801 2516 et
824 2483 1060 2526 apprehensam

365 2555 375 2579 1
399 2552 510 2579 Videtur
525 2555 607 2587 alque
619 2562 666 2587 pro
677 2562 708 2580 ac
720 2562 793 2588 quae
809 2554 950 2589 legendum
960 2556 999 2589 (u.
1009 2558 1059 2589 r).

361 2598 378 2624 2
399 2596 488 2624 Potius
508 2597 565 2631 tege
584 2597 698 2624 illorum
716 2606 763 2634 pro
780 2598 950 2634 illorumque
966 2599 1058 2633 rask).

956 215 1097 239 CLEMENS
1118 215 1137 238 Χ
1161 216 1209 239 ΡΡ.

1738 208 1801 240 547
1847 217 1896 242 Αη.
1913 216 1939 242 C.
1964 216 2032 242 1675

1104 268 1263 306 perpetuo
1289 264 1440 304 retinere,
1464 265 1601 296 cuiusvis
1628 265 1759 297 lit—mitia
1785 266 1839 295 ‹ln-

1105 326 1203 359 supcr
1224 317 1355 349 minime
1375 318 1544 360 requisita)
1566 318 1660 349 etiam
1680 322 1838 360 perpetuo

1105 369 1304 412 applicamus
1326 375 1356 402 et
1381 370 1594 412 assignamus.

1149 422 1162 465 ξ
1189 423 1219 455 7.
1248 424 1290 455 Ac
1307 423 1392 456 idem
1411 433 1528 455 novum
1556 423 1745 466 hospitium,
1768 434 1838 455 cum
1873 433 1968 453 [lm-tarni
1984 433 2031 452 ‚uui

1105 475 1192 507 illius
1219 477 1365 515 ecelesia,
1388 476 1526 519 aliisque
1552 476 1705 508 membris
1732 481 1760 506 et
1785 476 1839 507 de·
1850 461 2034 512 {lif}1‚{''‘'.-¹.¹;.¹5,'-'{531

1107 529 1300 570 p'endentiisy
1319 541 1354 561 at·
1372 529 1495 561 iuribus
1518 534 1549 560 et
1565 528 1670 566 bonis,
1691 528 1719 559 in
1740 528 1841 559 0111111-
1851 513 1934 558 {liiiio
1945 512 2033 563 “ii-‹sissiiff

1105 580 1162 612 bus
1183 586 1214 613 ct
1235 592 1293 624 per
1317 581 1422 613 omnia
1448 581 1558 624 palatii
1585 580 1687 613 nostri
1714 585 1841 622 aposto·
1852 565 1908 585 ’ΜΝ

1105 633 1156 666 lici
1176 634 1354 666 membrum
1380 634 1543 673 estis-imus,
1562 645 1596 665 ac
1615 633 1709 665 ctiam
1729 633 1768 664 ab
1787 643 1841 664 eo-

1106 686 1178 718 dem
1204 687 1336 719 omnino
1362 687 1548 729 depcudm'e
1571 687 1786 725 declaramus,
1806 696 1841 717 ac

1105 750 1234 782 semper
1248 746 1274 771 et
1292 741 1560 783 quandocumque
1575 750 1644 772 esse
1660 745 1689 771 et
1707 739 1841 777 censeri,

1106 803 1140 824 ac
1166 793 1208 824 uti
1237 794 1297 825 tale
1325 793 1438 836 respit-i
1465 798 1495 824 et
1522 791 1722 825 rsuisitlerari
1754 792 1844 824 volu-

1106 856 1174 877 mus
1196 851 1225 877 et
1243 846 1442 882 mandamus,
1460 846 1605 888 illudque
1623 847 1687 877 una
1704 856 1774 877 cum
1793 856 1843 876 su-

1106 898 1279 939 pradietis,
1308 909 1432 931 necnon
1460 899 1627 941 hospites,
1660 898 1842 936 ministros,

1106 949 1256 992 illiusque
1281 951 1374 989 bona,
1393 951 1608 983 jurisdictioni
1636 950 1782 983 moderni
1812 955 1843 982 et

1106 1013 1164 1044 pro
1191 1008 1337 1045 tempore
1356 1003 1523 1035 existentis
1542 1003 1651 1045 palatii
1671 1002 1841 1045 apostolici

1106 1056 1262 1097 praefecti
1295 1056 1390 1087 etiam
1426 1061 1606 1098 perpetuo,
1633 1061 1722 1088 motu
1752 1056 1840 1098 pari,

1106 1108 1301 1147 subiicimus,
1321 1108 1472 1151 ponimus
1494 1113 1523 1140 et
1547 1109 1753 1141 collocamus.

1150 1161 1208 1203 §8
1226 1160 1303 1199 Quia
1319 1172 1395 1193 vcro
1410 1161 1524 1204 pietas,
1539 1161 1712 1205 prudentia
1727 1166 1758 1193 et
1771 1161 1842 1193 fide·
1880 1169 2038 1190 Genumana!-

1860 1199 1992 1215 ministratio·
2004 1205 2006 1212 1
2017 1203 2034 1216 ni

1107 1214 1179 1247 litas
1195 1214 1337 1247 eiusdem
1356 1214 1624 1256 Congregationis
1650 1214 1746 1246 nobis
1767 1214 2037 1271 satistt'tgffiflgufflfzss

1107 1272 1182 1299 nota
1220 1267 1352 1306 existit,
1386 1267 1700 1299 administrationcn‘i
1736 1267 1948 1306 illius‚rubuca-

1108 1325 1169 1351 tam
1182 1320 1289 1362 quoad
1301 1319 1456 1362 regimen,
1472 1320 1676 1363 disciplinam
1687 1321 1843 1352 etvictum

1108 1373 1295 1415 hospitum,
1321 1383 1416 1415 quam
1451 1373 1537 1405 circa
1567 1373 1787 1415 receptionem
1814 1378 1845 1404 et

1108 1426 1328 1459 dimissionem
1353 1427 1482 1458 illorum
1509 1431 1540 1459 et
1561 1426 1733 1458 cuiuslibet
1751 1425 1844 1457 mini-

1108 1485 1259 1519 strorum,
1285 1490 1410 1512 necnon
1437 1479 1532 1511 etiam
1559 1479 1761 1516 reddituum,
1789 1479 1845 1510 bo—

1109 1542 1235 1571 norum,
1248 1532 1449 1575 aliorumque
1467 1531 1730 1575 piu-temissorum,
1748 1537 1779 1563 ut
1796 1542 1845 1563 su-

1108 1596 1175 1627 pra,
1191 1590 1220 1617 et
1236 1584 1267 1616 in
1286 1584 1366 1617 alios
1384 1595 1458 1617 usus
1478 1589 1705 1617 convertentes
1725 1590 1752 1616 et
1777 1595 1844 1616 ero-

1108 1637 1251 1679 gantes',
1278 1648 1347 1669 cum
1379 1637 1443 1669 hoc
1477 1643 1581 1669 tamen
1617 1637 1703 1680 quod
1735 1637 1844 1679 vigore

1109 1691 1333 1723 mandatorum
1359 1690 1467 1733 palatii
1486 1689 1657 1733 apostolici
1675 1690 1843 1733 praesceti,

1108 1744 1157 1776 cui
1183 1743 1231 1776 bis
1257 1744 1289 1775 in
1314 1743 1460 1786 spiolibet
1484 1754 1580 1783 anno,
1607 1749 1635 1776 et
1662 1743 1789 1786 quotics
1816 1743 1845 1775 ei

1108 1796 1208 1840 magis
1221 1797 1364 1837 libuerit,
1379 1797 1461 1829 ratio
1477 1796 1763 1829 administrationis
1778 1797 1845 1829 red-

1108 1849 1232 1882 dituum
1258 1848 1444 1882 huiusmodi
1470 1849 1561 1881 reddi
1588 1849 1717 1890 debeat,
1737 1850 1841 1883 eidem

1107 1902 1358 1945 Congregationi
1387 1902 1598 1935 concedimus
1619 1907 1650 1935 et
1675 1902 1842 1935 tribuimus

1107 1967 1142 1988 ac
1167 1965 1388 1995 reservamus,
1417 1961 1449 1987 et
1472 1954 1606 1998 insuper
1630 1955 1736 1988 eidem
1762 1955 1842 1988 Con-

1107 2008 1297 2051 gregationi,
1323 2018 1382 2051 pro
1408 2008 1491 2041 felici
1525 2008 1703 2041 directione
1731 2014 1762 2041 et
1786 2019 1842 2051 gu-

1106 2061 1220 2093 bernio
1245 2061 1392 2093 eiusdem
1417 2061 1549 2103 hospitii
1575 2071 1633 2103 per
1657 2071 1716 2093 nos
1732 2061 1841 2101 erecti,

1106 2124 1327 2157 quaecumque
1353 2119 1469 2146 statuta
1495 2120 1525 2146 et
1550 2114 1777 2153 ordinationes
1793 2124 1843 2146 sa-

1105 2167 1166 2199 cris
1192 2166 1370 2199 canonibus
1387 2171 1418 2198 et
1435 2165 1570 2199 Concilii
1588 2166 1767 2199 Tridentini
1788 2167 1842 2198 de-

1104 2219 1200 2251 cretis
1230 2219 1367 2262 aliisque
1392 2219 1679 2252 constitutionibus
1705 2224 1737 2251 et
1754 2219 1842 2252 ordi—

1104 2271 1289 2304 nationibus
1314 2272 1500 2315 apostolicis
1522 2271 1654 2304 minime
1667 2272 1838 2312 contraria,

1104 2325 1252 2365 faciendi,
1284 2325 1503 2364 decernendi,
1522 2335 1634 2368 eaque,
1659 2336 1729 2357 cum
1757 2336 1839 2368 opus

1104 2378 1209 2417 suerit,
1239 2377 1437 2418 revocandi,
1471 2378 1662 2411 immutandi
1688 2384 1719 2411 et
1742 2378 1839 2411 corri-

1104 2430 1212 2473 gend1‚
1233 2431 1359 2474 aliaque
1379 2431 1417 2463 de
1434 2439 1515 2464 novo
1542 2431 1702 2464 condendi
1729 2433 1836 2474 (quae,

1103 2489 1311 2527 posteaquam
1338 2484 1429 2524 facta,
1459 2484 1554 2525 edita,
1587 2489 1757 2523 revocata,
1782 2484 1838 2516 im-

1140 2555 1150 2579 1
1174 2554 1313 2584 Quomodo
1333 2554 1476 2589 legendum
1497 2558 1523 2581 et
1542 2553 1691 2581 ordinanda
1710 2553 1836 2589 syntaxis,

1103 2606 1154 2625 non
1175 2597 1238 2625 satis
1258 2598 1342 2633 liquet
1361 2599 1398 2632 (11.
1415 2600 1461 2633 r).
