2279 3260
163 233 211 261 An.
230 233 257 260 C.
282 234 349 261 1073

357 288 392 316 ut
416 285 455 318 ad
480 285 566 319 illam
591 284 746 318 libentius
771 284 972 317 confluerent
989 289 1020 317 et
1038 283 1095 315 ibi-

359 338 431 370 dem
462 337 604 371 securius
634 343 922 377 commorarentur,
955 338 1093 370 liberum

358 391 525 434 religionis
550 396 581 424 et
597 396 756 423 sectarum
774 390 991 433 quarumlibet
1008 401 1092 422 ex'cr-

359 443 470 476 citium
495 448 718 483 concesserat3
754 454 789 475 ac
814 443 944 476 nomine
970 443 1093 486 praesa-

359 501 463 528 torum
488 495 714 539 episcoporum
744 495 937 528 vicariorum
970 501 1093 538 aposto-

359 548 493 581 licorum
518 548 556 580 ad
581 558 681 590 regna
705 547 866 587 Sinaruni,
883 547 1041 580 Tuncliini
1064 553 1094 580 ct

360 600 549 633 Cocincinae
575 601 808 633 destinatorum
835 600 918 633 dicto
936 599 1092 633 Clementi

359 653 603 697 praedecessori
638 653 797 696 exposito,
834 654 918 696 qnod
956 653 1026 696 ipsi,
1052 653 1093 685 ob

360 706 478 738 arduas
494 706 695 738 difficultates
710 705 914 747 ingrediendi
930 705 1008 737 fines
1027 715 1095 737 suo-

360 770 430 790 rum
456 758 674 798 vicariatuum,
693 759 801 790 sedem
820 758 851 789 in
868 758 950 789 dicta
968 757 1094 789 civitate

360 812 482 843 interea
509 811 657 850 fecerant,
683 810 850 843 ecclesiam
887 821 942 842 seu
969 810 1096 853 cappel-

361 866 422 897 lam
447 864 567 896 ibidem
595 868 774 902 erexerant,
797 868 829 895 et
854 863 885 895 in
912 862 1096 895 conversio-

361 917 435 949 nem
449 916 627 949 intidelium
656 921 717 947 tam
738 926 870 948 suorum
885 915 1095 947 vicariatuum

361 980 455 1012 quam
496 969 627 1000 aliarum
664 968 831 1000 nationum
868 968 1095 1007 incubuerant,

361 1021 568 1053 seminarium
594 1031 724 1063 quoque
751 1021 966 1060 instituerant,
993 1020 1097 1062 cupie·

361 1074 502 1116 bantque
528 1078 703 1116 propterea
727 1073 883 1116 episcopo
910 1073 1097 1115 Metellopo-

360 1126 458 1158 litano
483 1126 600 1158 vicario
626 1126 804 1169 apostolico
837 1126 875 1158 ad
905 1126 996 1157 Sinas
1022 1136 1098 1157 con-

361 1185 500 1218 secrato,
523 1190 579 1211 seu
601 1190 671 1211 mox
691 1179 924 1217 consecrando,
943 1178 1097 1211 extensio-

360 1242 434 1265 nem
459 1232 747 1265 administrationis
785 1243 839 1264 seu
866 1232 1034 1264 vicariatus
1059 1232 1096 1264 ad

361 1285 480 1317 dictum
493 1295 628 1327 regnum
644 1285 727 1317 Siani
740 1290 770 1317 et
780 1285 939 1317 civitatem
957 1285 1099 1317 luthien-

361 1348 427 1370 sem
462 1338 602 1380 benigne
638 1338 792 1370 concedi:
831 1338 916 1370 idem
951 1337 1098 1370 Clemens

361 1390 600 1433 praedecessor,
614 1389 903 1433 supplicationibus
918 1400 1030 1422 eorum
1045 1400 1099 1422 no-

362 1442 447 1474 mine
474 1442 534 1474 sibi
561 1453 658 1485 super
676 1443 737 1475 lioc
756 1443 923 1475 humiliter
940 1443 1097 1486 porrectis

361 1495 544 1534 inclinatus,
563 1496 602 1527 de
621 1501 872 1528 memoratorum
890 1496 1098 1528 cardinalium

362 1548 591 1590 Propagandae
612 1548 701 1580 Fidei
718 1548 977 1591 praepositorum
998 1549 1099 1581 consi-

363 1600 417 1640 lio,
453 1601 596 1643 praefato
634 1601 787 1643 episcopo
824 1601 1098 1643 Metellopolitano

363 1653 680 1685 administrationem
716 1653 763 1685 sui
794 1653 960 1685 vicariatus
987 1654 1024 1686 ad
1051 1665 1099 1686 re·

364 1716 462 1748 guum
487 1705 573 1738 Siani
599 1711 630 1738 et
649 1706 809 1738 civitatem
830 1706 1027 1739 luthiensem
1045 1707 1100 1738 hu-

364 1757 504 1790 iusmodi
539 1757 726 1790 auctoritate
753 1758 928 1801 apostolica
957 1759 1100 1791 extendit

364 1820 532 1853 quousque
558 1810 684 1852 ingredi
710 1810 742 1842 in
767 1810 856 1842 Sinas
879 1810 964 1842 idem
982 1811 1100 1854 episco-

363 1873 422 1906 pus
446 1863 733 1906 Metellopolitanas
765 1868 883 1906 posset,
915 1874 988 1896 cum
1020 1864 1101 1897 obli-

364 1915 494 1958 gatione
519 1921 625 1948 tamen
661 1916 783 1948 dictum
814 1916 994 1958 ingressum
1031 1917 1102 1950 dili-

364 1973 479 2011 genter
496 1968 703 2011 procurandi,
717 1974 749 2001 et
764 1979 802 2001 eo
818 1980 901 2006 casu,
920 1969 1099 2002 facultatem

364 2031 493 2064 quoque
515 2021 619 2054 eidem
637 2022 798 2054 concessit
814 2022 1028 2064 provicarium
1046 2022 1101 2054 ibi-

365 2074 438 2106 dem
452 2074 681 2113 constituendi‚
693 2075 795 2107 donec
808 2075 900 2106 aliter
913 2085 973 2117 per
986 2074 1101 2108 Sedem

365 2127 585 2169 Apostolicam
602 2127 765 2170 provisum
784 2128 907 2159 suisset.

180 2188 283 2221 „Eisdem
298 2187 354 2224 '³⁰.³-¹'
408 2180 422 2222 g
447 2178 479 2211 8.
506 2179 545 2211 Ut
569 2185 674 2212 antem
704 2180 836 2222 praefati
874 2180 1019 2223 episcopi
1056 2181 1101 2213 vi-

167 2215 440 2274 if·¹*ru⁸rli·i=⁵ii1⁰<istiicai*ii
459 2232 639 2274 apostolici,
657 2234 739 2275 apud
758 2233 860 2272 Sinas,
878 2244 912 2265 ac
930 2233 1100 2267 Tunchino

169 2269 280 2288 Lucina-ina
290 2266 353 2286 indul-

170 2298 229 2319 gutur
244 2290 395 2319 uiperwet
413 2284 585 2318 Cocineina
612 2287 794 2329 respective
815 2287 1005 2320 auctoritate
1027 2298 1100 2330 apo-

169 2324 477 2392 ffi'i'iilainssiiiuilzi}stolica
494 2338 649 2381 deputati,
669 2340 811 2372 iniuncta
833 2340 892 2372 sibi
911 2351 1045 2373 munera
1061 2342 1099 2374 ad

168 2377 351 2445 ἴξινέἱίυρέηῐᾶἑᾪ
363 2390 621 2423 christifidelium
634 2392 760 2424 illarum
773 2393 910 2435 partium
920 2393 1098 2435 utilitatem,

169 2441 352 2501 ggffisssusgrentkffj
363 2443 532 2476 adiuvante
553 2444 698 2484 Domino,
725 2445 847 2478 facilius
874 2446 989 2489 exequi
1014 2448 1100 2479 vale-

168 2501 449 2555 Rii'pifflomffrssrem'
482 2495 584 2528 dictus
617 2495 763 2529 Clemens
796 2499 1032 2540 praedecessor
1062 2509 1098 2531 ex

169 2555 203 2577 du.
214 2557 275 2580 prout
286 2555 306 2576 in
320 2561 352 2575 ru·
364 2548 537 2581 commisso
563 2548 623 2581 sibi
650 2549 781 2582 caelitus
806 2551 1002 2583 sacrosancti
1028 2562 1100 2594 apo-

168 2582 235 2602 b‘m'
363 2603 498 2635 stolatus
517 2601 622 2634 officio
642 2602 813 2644 providere
830 2604 952 2644 volenS,
975 2604 1098 2638 eisdem

983 235 1125 259 ctizuENS
1148 237 1165 260 Χ
1190 238 1237 260 ΡΡ.

1766 229 1831 263 447
1878 238 1972 264 Aac
1998 239 2064 265 1073

1135 284 1298 328 episcopis
1322 285 1446 318 vicariis
1472 287 1656 329 apostolicis
1689 298 1760 320 cum
1795 298 1871 320 neo-

1136 337 1241 380 phytis
1273 349 1403 371 suorum
1437 340 1615 382 respective
1651 340 1868 379 vicariatuum,

1136 401 1263 433 quoqne
1279 401 1334 422 sen
1351 390 1518 433 quibusvis
1534 391 1612 433 (non
1630 396 1734 424 tamen
1750 392 1868 435 primo)

1136 443 1426 485 consanguinitatis
1450 445 1498 476 vcl
1526 443 1689 476 affinitatis
1719 444 1870 486 gradibus

1125 498 1183 541 ‘vel
1209 497 1286 529 alias
1307 496 1488 529 coniunctis
1521 507 1576 529 seu
1595 508 1628 529 so
1650 497 1868 535 attinentibus,

1137 553 1171 580 ut
1201 549 1437 581 matrimonium
1472 549 1556 581 inter
1591 559 1624 581 se
1662 550 1869 588 contrahere,

1136 612 1189 633 scu
1216 602 1246 633 in
1273 613 1310 634 eo
1336 601 1432 634 etiam
1461 602 1600 634 scienter
1631 606 1794 634 contracto
1821 612 1872 633 re-

1138 665 1265 687 manere
1291 655 1443 694 valerent,
1470 654 1553 687 dicta
1577 654 1778 694 auctoritate,
1806 664 1872 696 gra-

1139 707 1176 739 tis
1213 712 1330 747 tamen,
1359 706 1582 750 dispensandi,
1610 712 1641 739 et
1665 717 1721 739 eos
1748 706 1801 750 qui
1839 707 1870 739 in

1138 760 1289 802 gradibus
1311 759 1484 803 prohibitis
1503 759 1686 792 huiusmodi
1705 759 1871 793 matrimo-

1139 812 1225 844 nium
1252 812 1347 844 etiam
1379 812 1520 844 scienter
1552 812 1796 851 contraxissent,
1831 814 1870 845 ab

1138 864 1324 896 excessibus
1339 870 1370 896 et
1383 864 1779 904 excommunicationibus,
1792 865 1873 897 aliis-

1139 927 1200 958 que
1240 916 1387 948 censuris
1430 921 1461 948 et
1496 916 1611 959 poenis
1648 916 1871 950 ecclesiasticis

1140 970 1176 1000 ca
1204 969 1242 1000 de
1268 970 1362 1000 causa
1388 968 1540 1007 incursis,
1567 969 1596 1000 in
1624 973 1762 1012 utroque
1787 970 1871 1008 soro,

1140 1021 1236 1063 gratis
1251 1020 1378 1063 pariter,
1395 1021 1592 1061 absolvendi,
1607 1032 1643 1053 ac
1658 1023 1782 1064 prolem
1797 1021 1872 1054 inde

1139 1078 1323 1115 susceptam
1357 1077 1389 1104 ct
1421 1072 1662 1115 suscipiendam
1695 1074 1872 1115 legitimam

1142 1125 1348 1165 tzlecci‘nencjli,
1369 1126 1562 1165 facultatem,
1586 1126 1625 1158 ad
1643 1126 1755 1168 viginti
1773 1137 1874 1159 annos

1142 1184 1263 1210 tantum
1289 1179 1490 1218 duraturam,
1522 1189 1616 1221 qnam
1641 1177 1702 1221 ipsi
1728 1178 1874 1221 episcopi

1141 1231 1248 1263 vicarii
1271 1231 1439 1274 apostolici
1454 1231 1518 1264 suis
1533 1231 1713 1274 respective
1731 1231 1875 1274 provica-

1142 1285 1208 1322 riis,
1229 1285 1405 1317 secuudum
1420 1285 1526 1316 datam
1540 1284 1600 1317 sibi
1616 1295 1632 1316 a
1648 1284 1783 1316 Domino
1801 1295 1875 1327 pru-

1141 1337 1300 1373 dentiam,
1327 1337 1568 1369 communicare
1593 1342 1736 1379 possent,
1763 1337 1875 1370 eadem

1141 1389 1331 1422 auctoritate
1359 1388 1519 1421 concessit
1544 1394 1575 1421 et
1600 1388 1781 1431 impertitus
1807 1394 1873 1428 est;

1142 1447 1172 1475 et
1198 1442 1290 1481 alias,
1318 1447 1413 1484 prout
1430 1441 1462 1473 in
1481 1441 1564 1473 binis
1584 1441 1683 1484 ipsius
1701 1440 1875 1473 Clementis

1143 1494 1404 1538 praedecessoris
1430 1494 1549 1537 pariter
1574 1493 1605 1525 in
1632 1494 1733 1526 forma
1768 1493 1875 1526 Brevis

1142 1547 1279 1587 litteris,
1306 1546 1356 1579 die
1390 1557 1420 1579 iv
1450 1551 1481 1580 et
1512 1546 1564 1579 die
1588 1556 1619 1579 xi
1644 1545 1714 1578 iulii
1739 1555 1877 1579 MDCLxlx

1143 1600 1321 1642 respective
1348 1599 1525 1642 expeditis,
1546 1598 1676 1641 plenius
1694 1598 1791 1631 etiam
1807 1608 1878 1631 con-

1143 1653 1274 1685 tinetur.

1186 1706 1201 1749 §
1225 1704 1256 1737 9.
1285 1705 1327 1736 Ac
1348 1704 1478 1737 demum
1503 1704 1590 1737 idem
1615 1704 1765 1738 Clemens
1786 1715 1879 1748 prae·
1910 1713 2072 1751 nonunquam

1143 1760 1297 1791 decessor
1314 1758 1393 1791 alias
1412 1758 1444 1790 in
1463 1758 1558 1791 simili
1577 1758 1680 1790 fornia
1697 1758 1807 1791 Brevis
1829 1758 1879 1791 lit-
1889 1741 2000 1762 mmm*
2018 1741 2049 1762 m

1144 1817 1229 1844 teras
1255 1811 1415 1843 concessit
1439 1810 1560 1843 tenoris
1585 1810 1639 1853 qui
1665 1811 1822 1853 sequitur,
1840 1810 1880 1843 vi-

1144 1864 1276 1897 delicet:

1188 1916 1331 1950 Clemens
1360 1916 1453 1958 Papa
1481 1915 1549 1956 IX,
1583 1915 1626 1947 ad
1653 1916 1801 1958 futuram
1831 1916 1880 1947 rei

1144 1970 1345 2001 memoriam.
1369 1968 1596 2011 Speculatores
1617 1968 1732 2000 domus
1750 1967 1877 2007 lsrael¹‚

1144 2033 1223 2065 quae
1249 2026 1297 2054 est
1321 2027 1431 2053 sancta
1452 2020 1507 2053 Dei
1525 2020 1674 2060 Ecclesi'a,
1696 2020 1729 2052 in
1749 2020 1843 2053 terris
1861 2031 1876 2053 a

1143 2074 1279 2107 Domino
1314 2073 1494 2112 constituti,
1536 2073 1576 2105 ad
1612 2073 1668 2105 illa
1704 2073 1877 2116 praecipue

1143 2127 1310 2161 charitatis
1340 2131 1435 2169 atque
1464 2125 1649 2168 vigilantiae
1670 2127 1798 2158 nOstrae
1823 2136 1878 2169 pa-

1143 2180 1269 2213 storalis
1294 2179 1397 2212 studia
1422 2178 1653 2218 convertimus,
1681 2189 1763 2221 quae
1790 2178 1877 2211 chri-

1143 2233 1263 2265 stianae
1278 2231 1444 2274 religionis
1459 2231 1700 2274 catholicaeque
1715 2230 1790 2264 fidei
1804 2241 1879 2275 pro-

1142 2285 1348 2328 pagationem
1373 2288 1581 2324 concernunt,
1606 2288 1642 2316 ut
1666 2284 1729 2316 illis
1759 2289 1879 2316 certam

1143 2344 1238 2382 atque
1263 2338 1470 2381 prudentem,
1498 2348 1533 2370 ex
1560 2337 1655 2370 solita
1679 2337 1774 2369 huius
1807 2347 1880 2370 san-

1143 2397 1211 2424 ctae
1247 2390 1339 2424 Sedis
1375 2389 1581 2433 providentia
1612 2393 1644 2422 et
1667 2389 1875 2430 rectitudine,

1179 2481 1189 2505 1
1210 2478 1282 2505 Bulla
1296 2478 1443 2505 Clementis
1456 2477 1493 2504 lx
1507 2477 1559 2504 iam
1576 2478 1674 2513 legitur
1686 2477 1713 2504 in
1729 2481 1794 2504 tom.
1809 2484 1876 2509 xvii,

1142 2532 1203 2559 pag.
1219 2523 1280 2550 816:
1298 2524 1416 2549 attamen
1430 2530 1489 2549 eam
1505 2522 1603 2549 iterum
1618 2522 1713 2549 damus
1728 2525 1757 2548 ut
1770 2521 1877 2548 diversa

1142 2568 1256 2595 maxime
1277 2568 1415 2594 nominum
1435 2567 1608 2603 propriorum
1622 2566 1701 2595 lectio
1715 2566 1801 2594 altera
1814 2573 1875 2593 cum

1142 2612 1226 2639 altera
1241 2611 1356 2639 conferri
1372 2613 1455 2648 possit
1468 2613 1507 2647 (a.
1522 2612 1573 2647 τ.).
