2279 3260
141 244 190 269 An.
206 243 236 269 C.
263 243 327 271 1675

165 672 236 695 Novae
246 676 327 698 preces.

958 240 1100 264 CLEMENS
1123 240 1140 263 X
1165 240 1213 263 PP.

336 292 454 325 nostris
478 292 616 335 desuper
648 292 678 323 in
713 291 809 323 simili
836 291 935 322 forma
962 288 1069 321 Brevis

335 345 386 377 die
407 355 502 377 xxviu
528 344 663 377 ianuarii
691 350 722 377 et
747 344 797 376 die
818 353 899 376 xxvii
917 340 1068 374 febrimrii

335 406 470 430 uocnxxi
508 396 667 439 expeditis
703 397 828 436 litteris,
858 405 989 438 ‹piarmn
1026 398 1070 425 tc-

335 460 430 482 nores
467 449 692 491 praesentibus
727 459 783 492 pro
808 451 904 491 plene
930 453 961 480 01.
985 446 1070 479 suffi-

336 501 458 534 cienter
475 501 635 544 expressis
659 512 696 534 ac
711 503 751 534 de
769 502 865 533 verbo
883 502 921 533 ad
941 500 1070 533 verbum

337 553 464 586 insertis
489 554 603 587 haberi
630 556 786 594 volumus,
822 554 951 586 uberius
975 553 1070 586 ctiam

337 606 532 639 continetur.

381 660 396 700 ,ξ
419 659 450 691 li.
481 660 606 700 Verum,
628 671 701 693 cum
716 660 850 703 praefati
873 661 986 693 fratres
1004 658 1072 691 Dis-

339 712 472 744 calceati
508 714 545 745 ea
571 724 633 755 qua
657 724 715 756 par
746 718 794 745 est
818 712 1072 755 promptitudine

339 765 527 808 apostolicis
538 766 696 798 mandatis
713 766 1073 808 obtemperare‚etcon-

339 823 453 851 ventus
491 818 553 851 iam
590 824 714 851 erectos
750 818 910 851 dimittere
935 818 1073 857 vellent,

341 870 565 904 dilectissimus
590 871 623 903 in
640 870 766 904 Christo
787 869 870 903 filius
891 876 1002 903 noster
1019 870 1074 902 Pe-

341 927 409 955 trus
439 922 592 965 princeps
631 922 819 955 eorumdem
856 921 1073 963 Portugalliae

342 980 374 1007 et
408 975 635 1017 Algarbiorum
660 985 833 1017 regnorum
865 975 1074 1016 gubernator,

341 1031 537 1059 memoratae
563 1027 709 1069 Aloysiae
734 1026 850 1059 Mariae
873 1027 1004 1068 reginae
1022 1037 1075 1068 ge-

341 1077 464 1111 nitricis
496 1089 571 1111 suae
603 1079 755 1121 pietatem
791 1079 907 1111 imitari
940 1080 1076 1121 populo-

342 1141 476 1174 rumque
513 1141 645 1164 suorum
683 1131 818 1174 speciali
859 1131 1075 1164 consolationi

343 1184 511 1217 consulere
536 1183 692 1226 cupiens,
714 1184 807 1217 nobis
834 1185 984 1227 exposuit
1008 1195 1078 1217 eos-

344 1238 416 1270 dem
440 1236 611 1279 religiosos
640 1238 672 1269 in
697 1237 789 1270 vinea
813 1237 939 1270 Domini
965 1238 1077 1270 sedulo

344 1291 505 1329 laborare,
524 1295 556 1322 et
579 1290 760 1323 animarum
777 1291 913 1323 salutem
931 1293 1077 1334 exemplo

346 1348 377 1375 et
394 1342 539 1375 doctrina
563 1353 747 1385 procurare,
774 1343 1018 1387 uberrimosque
1047 1344 1078 1376 in

347 1396 414 1429 dics
440 1396 561 1428 fructus
581 1406 616 1428 cx
635 1406 745 1428 eorum
767 1397 1009 1439 propagatione,
1024 1397 1081 1430 be-

346 1448 517 1481 nedicente
531 1449 677 1489 Domino,
694 1449 816 1492 sperari
835 1460 937 1492 posse3
956 1461 991 1483 ae
1008 1461 1081 1492 pro-

346 1502 421 1534 inde
440 1502 574 1544 supplex
595 1512 612 1534 a
628 1501 723 1534 nobis
741 1502 836 1544 petiit
855 1509 889 1535 ut
905 1503 1080 1546 praemissa

349 1564 519 1594 revocare,
546 1564 581 1586 ac
606 1554 831 1597 infrascriptos
861 1557 973 1588 deceni
998 1566 1077 1589 con—

347 1612 459 1641 ventus
485 1607 675 1640 eorumdem
712 1608 843 1640 fratrum
868 1608 1081 1641 Discalceato-

349 1671 418 1692 rum
452 1661 515 1692 iam
545 1665 695 1700 erectos,
730 1672 765 1693 ac
802 1662 1081 1704 suppellectilibus

349 1713 445 1746 sacris
471 1719 502 1745 et
530 1713 672 1756 profanis
704 1714 949 1757 redditilmsque
973 1715 1013 1748 ad
1030 1715 1078 1747 vi-

349 1772 435 1799 0111111
460 1766 653 1799 1100055111115
686 1767 882 1800 sufficienter
907 1768 1080 1801 instructos

347 1825 442 1862 atque
468 1820 618 1859 dolatos,
642 1830 759 1862 nempe
792 1826 970 1853 conventus
1000 1821 1082 1854 Con-

348 1872 506 1915 ceptionis
522 1872 556 1904 B.
574 1871 689 1904 Mariae
704 1872 842 1914 Virginis
856 1873 1081 1907 immaculatae

347 1925 379 1958 in
394 1924 560 1968 praedicta
578 1925 657 1957 valle
680 1925 719 1957 dc
740 1925 901 1967 Xabregas
925 1936 1026 1969 prope
1052 1933 1083 1960 et

347 1983 435 2010 extra
458 1987 566 2010 muros
588 1977 791 2019 supradictae
813 1977 949 2010 civitatis
966 1979 1083 2021 [111551-

346 2031 509 2073 ponensis,
521 2030 754 2073 Assumptionis
767 2030 912 2063 eiusdem
924 2031 955 2063 B.
968 2031 1082 2065 Mariae

347 2083 485 2125 Virginis
514 2083 547 2115 in
574 2082 735 2116 Cassarica
760 2082 900 2123 Pietatis,
923 2083 929 2098 ¹
956 2089 1083 2117 sanctae

349 2135 492 2168 eiusdem
502 2134 730 2177 Conceptionis
738 2135 770 2167 in
781 2135 886 2168 Monte
897 2135 1028 2170 Morono
1035 2148 1082 2179 vo,

348 2188 501 2221 Mercedis
522 2188 556 2220 in
573 2187 698 2220 civitate
724 2187 893 2228 Eborensi,
910 2189 941 2222 S.
968 2189 1082 2223 Mariae

348 2240 583 2273 Consolationis
614 2239 646 2272 in
679 2241 874 2280 extremos-²,
908 2241 938 2274 S.
968 2242 1082 2275 Mariae

348 2293 620 2335 Portalegrcnsis,
647 2293 678 2326 S.
706 2293 821 2326 Mariae
859 2295 898 2327 de
922 2293 1025 2327 Orada
1050 2297 1082 2328 in

348 2346 524 2385 1110110111115,
554 2345 633 2378 Boni
664 2346 732 2379 lesu
758 2346 790 2379 in
816 2347 911 2380 Porto
937 2348 976 2380 de
998 2348 1080 2389 Mos,

349 2405 380 2432 et
394 2398 525 2441 hospitii
542 2398 575 2431 in
592 2399 676 2432 dicta
692 2399 818 2432 civitate
835 2399 1081 2443 Ulyssiponensi

347 2453 380 2485 in
412 2451 545 2494 regione
577 2462 632 2485 seu
666 2454 810 2485 contrata
848 2463 930 2496 quae
965 2453 1082 2486 dicitur

384 2533 395 2558 1
418 2532 568 2566 Praeposit.
588 2532 618 2558 in
636 2531 701 2558 hinc
719 2531 862 2558 abiicimus
880 2533 918 2566 (a.
935 2532 984 2566 T.).

381 2576 398 2603 2
417 2575 485 2606 Quid
503 2574 646 2610 legendum
660 2583 707 2610 pro
722 2575 753 2602 in
768 2578 910 2603 extremos
924 2575 1026 2603 iudicet
1040 2575 1079 2603 le-

346 2625 404 2649 ctor
423 2620 479 2646 sius
498 2622 535 2653 (11.
555 2620 604 2652 1.).

420 2674 499 2704 Ball.
522 2674 604 2702 Rom.
628 2689 658 2694 -
681 2673 741 2702 Vol.
762 2673 867 2702 XVIII.
1010 2673 1045 2701 ¹38

1740 228 1802 261 5:37

1110 287 1227 329 sculpas
1247 287 1283 319 ilc
1308 287 1488 329 Faringsltm
1511 287 1691 329 approbare
1712 292 1743 317 et
1768 296 1843 317 ‹son-

1112 339 1249 379 iirmare,
1276 350 1396 382 eosque
1421 340 1453 371 in
1484 350 1597 371 novam
1622 339 1844 380 congregatio-

1111 402 1185 425 nem
1216 392 1341 435 crigere
1373 393 1411 424 dc
1444 391 1642 434 benignitate
1667 390 1844 433 apostoliea

1112 444 1327 487 dignaremur.

1110 528 1119 539 ¹
1155 498 1169 539 ᾖ
1194 497 1225 529 5.
1252 497 1354 535 Quare
1379 507 1450 535 nos,
1470 507 1528 540 pro
1555 496 1711 539 peculiari
1737 501 1844 538 pater-
1883 506 2039 542 aninumr-,1117

1113 560 1173 583 nac
1197 556 1328 583 nostrae
1346 561 1422 591 erga
1440 550 1588 583 eumdem
1607 550 1735 581 Petrum
1757 549 1844 591 prin·
1854 539 2038 580 ἶῖ’1ἱ.’1ἷζ1’ὶξῖ.’.ἷ”.ᾋ[ζ’.

1113 603 1216 646 eipem
1241 604 1495 646 gubernatorem
1521 602 1687 635 charitalis
1721 586 2040 640 atl'eclu,fiiffnii'tifl“33⁰⁰

1113 661 1279 699 porrectas
1305 657 1398 689 nobis
1423 657 1489 689 eius
1509 656 1637 688 nomine
1658 665 1770 698 preces
1788 665 1847 696 per

1113 708 1405 750 Congregationem
1443 707 1673 741 venerabilium
1711 707 1848 739 fratrum

1114 767 1296 794 nostrorum
1320 762 1351 794 S.
1380 761 1415 793 R.
1443 761 1477 793 E.
1505 761 1718 793 cardinalium
1750 770 1850 801 nego-

1116 813 1167 845 tiis
1189 819 1220 846 et
1247 813 1538 846 consultationibus
1564 813 1793 855 cpiscoporum
1818 816 1850 843 et

1115 865 1311 907 regularium
1329 864 1564 908 praepositam¹
1583 864 1756 906 diligenter
1777 874 1850 906 per-

1116 917 1213 960 pendi
1251 923 1439 959 matureque
1470 917 1646 949 examinari
1685 916 1850 949 mandavi-

1117 980 1198 1002 mus.
1226 969 1287 1012 lpsi
1313 980 1385 1002 vero
1411 969 1605 1008 01111111111105,
1631 969 1740 1001 audita
1771 969 1853 1001 rela-

1119 1022 1204 1055 tione
1229 1022 1424 1054 venerabilis
1449 1022 1554 1054 fratris
1571 1022 1710 1054 Marcelli
1728 1021 1854 1054 archie-

1118 1075 1242 1118 piscopi
1267 1074 1552 1114 Chalcedonensis,
1571 1074 1672 1107 nostri
1699 1080 1729 1107 et
1753 1075 1855 1117 Apos-

1120 1127 1233 1160 tolicae
1258 1127 1349 1160 Sedis
1364 1127 1395 1159 in
1418 1126 1525 1169 regnis
1546 1126 1720 1169 praedictis
1737 1126 1857 1165 nuncii,

1119 1190 1155 1213 ac
1179 1180 1287 1212 audito
1314 1190 1441 1222 quoque
1468 1179 1585 1212 dilecto
1613 1178 1679 1211 silio
1704 1188 1858 1221 procura-

1122 1240 1189 1267 tore
1219 1224 1362 1276 generali
1390 1233 1463 1266 dicti
1489 1232 1616 1265 Ordinis
1633 1259 1640 1272 ,
1666 1242 1769 1274 reque
1793 1242 1858 1264 nia-

1120 1292 1189 1321 11110
1209 1287 1402 1326 examinata,
1425 1286 1486 1329 piis
1504 1285 1580 1318 dicti
1595 1285 1682 1317 Petri
1700 1284 1858 1327 principis

1120 1340 1348 1384 gubernatoris
1375 1339 1535 1382 generalis
1571 1339 1653 1371 votis
1679 1338 1740 1370 hac
1765 1338 1797 1370 in
1824 1347 1857 1369 re

1120 1394 1261 1436 benigne
1288 1393 1387 1425 annui
1413 1402 1510 1435 posse
1536 1396 1745 1424 censuerunt.

1165 1447 1179 1489 ξ
1203 1446 1234 1478 6.
1262 1445 1384 1488 Itaque,
1399 1445 1616 1487 praefatorum
1641 1448 1857 1476 conventuum
1895 1451 1991 1471 Pontifex
2007 1457 2051 1471 m-

1122 1509 1157 1531 ac
1194 1500 1325 1531 fratrum
1359 1498 1391 1530 in
1425 1497 1470 1530 eis
1507 1497 1696 1539 degentium
1735 1478 2052 1535 statui‚fss'n⁰.”d‘31¹321„‘¹'t.'‚253

1122 1560 1345 1594 prosperoque
1381 1549 1530 1591 regimini
1570 1554 1602 1581 et
1636 1533 2051 1594 11101001οΠ10,ᾖζῗιςῗῗὲζὲὲζῖἷῖζᾯ

1123 1610 1279 1648 qnantum
1304 1614 1373 1636 cum
1393 1603 1529 1635 Domino
1548 1612 1729 1645 possumus,
1752 1585 1982 1644 provi—wm'ffl'dt‘

1123 1658 1199 1690 dere
1225 1656 1416 1700 cupienteS,
1443 1667 1479 1688 ac
1511 1655 1701 1687 eorumdem
1730 1659 1857 1697 patruni

1123 1710 1301 1752 singulares
1327 1718 1481 1752 personas
1500 1719 1517 1740 a
1542 1706 1708 1750 quibusvis
1732 1716 1859 1739 excom-

1123 1762 1358 1800 municationis,
1377 1760 1598 1803 suspensionis
1617 1765 1648 1792 et
1668 1759 1832 1792 interdicti
1849 1786 1856 1800 ‚

1123 1815 1257 1858 aliisque
1271 1812 1497 1847 ecelesiasticis
1521 1812 1702 1851 sententiis,
1713 1811 1858 1845 censuris

1124 1874 1155 1901 et
1178 1867 1304 1911 poenis,
1329 1877 1346 1899 a
1371 1866 1438 1898 iure
1464 1866 1513 1898 vel
1528 1865 1567 1897 ab
1584 1864 1727 1904 homine,
1749 1864 1860 1907 quavis

1124 1920 1296 1954 occasione
1320 1920 1369 1951 vel
1388 1920 1484 1951 causa
1502 1917 1584 1957 latis,
1604 1917 1629 1950 si
1648 1917 1762 1960 quibus
1781 1928 1860 1960 quo-

1124 1973 1302 2007 modolibet
1334 1971 1478 2004 innodati
1520 1970 1686 2010 existunt,
1720 1971 1759 2003 ad
1788 1969 1860 2002 effe-

1124 2036 1210 2059 ctum
1228 2025 1449 2069 praesentium
1471 2023 1634 2056 dumtaxat
1659 2032 1859 2065 consequen-

1125 2080 1209 2119 dum,
1225 2079 1339 2111 harum
1365 2077 1448 2110 serie
1474 2076 1679 2109 absolventes
1704 2080 1735 2108 et
1767 2075 1861 2108 abso-

1125 2131 1224 2165 1111115’2
1241 2132 1310 2165 fore
1335 2135 1514 2169 censentes,
1534 2129 1573 2161 de
1594 2128 1781 2161 eorumdem
1794 2138 1849 2160 car

1125 2185 1281 2219 dinalium
1306 2183 1463 2223 consilio,
1490 2193 1526 2215 ac
1551 2187 1641 2214 motu
1672 2181 1805 2224 proprio
1831 2186 1862 2214 01,

1125 2249 1161 2271 ex
1180 2240 1267 2270 certa
1282 2236 1419 2270 scientia
1433 2246 1469 2268 ac
1484 2236 1611 2267 matura
1626 2233 1861 2267 deliberatione

1125 2290 1254 2329 nostris,
1272 2291 1377 2333 deque
1395 2288 1591 2332 apostolicae
1609 2286 1776 2330 potestatis
1794 2287 1863 2329 ple-

1125 2342 1284 2383 nitudine,
1316 2342 1496 2375 erectiones
1522 2346 1554 2373 et
1579 2339 1786 2387 fundationes
1810 2349 1862 2371 su-

1124 2396 1341 2439 pradictorum
1366 2395 1478 2428 decem
1503 2399 1733 2432 conventuum,
1748 2397 1863 2425 tenore

1124 2449 1355 2493 praesentium,
1382 2453 1543 2491 perpetuo
1579 2446 1806 2479 confirmamus
1830 2449 1862 2477 et

1850 237 1897 261 Λιι.
1916 235 1945 260 C.
1967 234 2036 260 1675

1161 2532 1172 2556 1
1195 2528 1272 2561 Male,
1293 2533 1322 2555 ut
1341 2531 1424 2562 patet,
1442 2527 1507 2554 edit.
1524 2526 1603 2553 Main.
1619 2525 1684 2559 legit
1695 2524 1861 2559 praeposita

1123 2582 1172 2609 pro
1189 2573 1386 2608 praepositam
1403 2572 1444 2604 (R.
1460 2571 1509 2604 1.).

1158 2620 1173 2644 ‘2
1193 2617 1263 2644 Edit.
1283 2617 1363 2644 Main.
1383 2616 1447 2652 legit
1465 2615 1606 2643 absolutos
1621 2616 1658 2649 (a.
1673 2614 1723 2646 T.).
