2279 3260
103 279 152 302 An.
174 276 202 303 C.
226 277 289 303 ww

145 756 244 776 nevtnrat
266 758 288 776 ut

104 790 124 804 in
140 783 230 803 rubrica.

132 2339 241 2360 Decretum
261 2340 287 2360 ir·

106 2367 178 2387 rimus.

922 280 949 301 Cl
965 280 1063 302 EMENS
1088 281 1101 302 N
1129 281 1175 303 ΙΨ.

299 337 394 367 quum
420 337 492 357 vero
521 326 662 358 videatur
688 327 759 359 illos
785 333 815 358 et,
851 327 902 358 illa
929 328 964 357 ati
984 339 1031 358 sa-

298 377 516 410 tis1a=5ieudum
544 379 646 410 eidem
673 379 769 410 Monti
803 379 868 421 pari
895 390 1033 410 eamera—

296 430 333 462 lis
351 431 555 472 obligationis
585 431 711 463 vinculo
744 431 917 472 adstringi:
938 431 1030 463 nobis

296 489 472 525 propterca
511 483 587 516 dieti
624 490 824 527 exponentes
866 484 1033 517 humiliter

297 537 472 578 supplicari
489 538 634 569 t'eecrunt
649 544 682 569 ut
703 538 761 580 ipsi
783 538 877 570 Monti
897 538 928 569 in
948 548 1032 580 prae-

296 588 401 620 missis
426 594 610 632 ol‘q‘iortune
644 590 813 632 providere
839 595 871 621 et
895 595 928 621 ut
954 589 1033 621 inl'ra

297 641 466 683 indulgere
493 642 531 674 de
556 642 755 685 benignitate
785 642 961 685 apostoliea
987 643 1033 674 di-

298 703 482 734 gnaremur.

342 747 356 788 ἕ
377 746 407 778 02.
427 746 490 779 Nos
514 747 622 789 igitur,
642 747 712 790 ipos
737 753 936 790 exponentes
962 758 1034 790 spe-

298 799 434 831 cialibus
454 800 613 832 t'arorilms
640 806 670 832 et
692 800 800 842 gratiis
815 800 966 843 prosequi
981 810 1034 832 vo-

297 853 408 892 lentes,
428 858 458 884 et
483 864 595 885 corum
621 853 800 894 singulares
836 863 992 895 personas
1017 864 1034 885 a

297 904 462 946 quibusvis
480 904 833 944 excommunicationis,
851 904 1033 946 suspensio-

296 956 345 989 nis
371 962 402 988 et
426 957 588 989 interdicti
605 984 612 997 ,
646 957 781 1000 aliisque
807 957 1033 990 ecclesiasticis

296 1009 475 1049 sententiis,
506 1010 651 1042 censuris
693 1015 724 1042 et
760 1010 897 1053 poenis,
922 1021 938 1042 a
963 1010 1032 1043 iure

296 1063 345 1095 vel
384 1062 422 1094 ab
456 1063 606 1102 bomine,
641 1063 751 1105 quavis
784 1062 955 1095 occasione
982 1064 1032 1096 vel

296 1117 392 1148 causa
417 1115 501 1155 latis,
520 1115 547 1148 si
572 1115 689 1158 quibus
710 1116 959 1158 quomodolibet
984 1116 1032 1148 in-

295 1168 434 1201 nodatae
459 1168 616 1208 existunt,
639 1168 677 1200 ad
703 1168 853 1200 ellectum
877 1179 1032 1211 praesen-

296 1221 373 1252 tium
410 1222 577 1253 dumtaxat
611 1221 888 1264 consequendum,
915 1222 1030 1254 barum

294 1273 377 1306 serie
397 1273 602 1306 absolventes
626 1280 657 1306 et
682 1274 849 1307 absolutas
869 1276 936 1307 l'ore
958 1285 1030 1307 cen-

294 1331 415 1366 sentes,
435 1326 620 1359 huiusmodi
638 1326 928 1369 supplicationibus
946 1327 1032 1359 incli-

294 1378 370 1418 nati,
388 1389 500 1411 omnes
519 1384 551 1411 et
571 1379 714 1420 singulos
731 1380 899 1411 memorati
918 1380 1031 1412 Montis

294 1441 330 1463 ex
349 1441 550 1474 quacumque
579 1435 671 1464 eausa
693 1433 857 1465 debitores
882 1443 1032 1475 praesen-

294 1489 341 1516 tes
367 1489 399 1517 et
423 1484 559 1524 futuros,
584 1485 812 1528 cuiuscumque
833 1490 943 1524 status,
961 1496 1032 1527 gra-

293 1537 366 1577 dus,
397 1537 532 1577 ordinis,
561 1537 773 1577 conditionis,
804 1538 1032 1581 praeeminen-

293 1590 356 1622 tiae
382 1595 412 1622 et
437 1589 619 1631 dignitatis,
646 1601 681 1622 ae
708 1590 834 1622 etiamsi
860 1591 1029 1630 ecelesiae,

294 1643 500 1683 monasteria,
526 1649 712 1683 conventus,
739 1643 895 1685 collegia,
924 1644 1032 1687 hospi-

294 1696 378 1736 talia,
393 1695 670 1738 areliihospitalia,
683 1696 971 1736 confraternitates,
988 1707 1032 1728 ar-

294 1748 633 1780 chieonsraternitates
659 1754 690 1780 et
715 1749 776 1780 alia
801 1750 870 1781 loca
888 1749 940 1791 pia
958 1760 1033 1791 qua-

295 1958 412 1991 debitis
438 1958 616 2001 respective
638 1959 809 1991 efficaciter
827 1960 977 2002 obligari,
997 1970 1032 1992 ae

295 2011 454 2054 obligatos
485 2016 516 2043 et
543 2011 701 2054 obligatas
729 2011 867 2044 existere
894 2018 925 2044 et
952 2012 1031 2053 sore,

294 2066 327 2098 in
352 2065 501 2099 omnibus
527 2070 559 2098 et
582 2076 641 2108 per
662 2065 779 2106 omnia,
802 2066 937 2109 perii'ide
954 2078 990 2099 ae
1007 2066 1031 2099 si

295 2119 333 2151 ab
360 2129 472 2151 eorum
508 2119 644 2161 singulis
681 2119 849 2152 cameralis
876 2120 1032 2162 obligatio

295 2172 334 2204 ad
360 2172 500 2204 l'avorern
524 2171 625 2215 ipsius
651 2171 768 2204 Montis
795 2172 875 2205 sacta
899 2173 1031 2214 suisset,

296 2224 487 2257 auctoritate
512 2225 711 2267 apostoliea,
738 2230 852 2258 tenore
882 2237 1034 2268 praesen-

299 2277 387 2318 tium,
412 2277 580 2309 statuimus
605 2282 637 2310 ct
656 2278 855 2310 ordinamus.

298 2446 390 2468 eaces
411 2435 546 2468 existere
563 2441 595 2468 et
610 2438 689 2476 tore,
707 2447 848 2480 suosque
867 2437 1033 2480 plenarios

298 2495 329 2521 et
354 2489 496 2531 integros
523 2488 653 2522 effeetus
684 2490 793 2522 sortiri
819 2495 850 2522 et
874 2491 1033 2532 obtinere,

297 2552 334 2574 ae
360 2541 446 2574 dieto
464 2541 573 2582 Menti,
592 2541 744 2585 illiusque
762 2543 985 2586 provisoribus
1004 2550 1034 2576 et

299 2595 467 2638 deputatis,
483 2594 617 2637 aliisque
632 2595 820 2629 officialibus
833 2602 864 2629 et
878 2597 1033 2630 ministris

300 2648 333 2681 in
350 2648 498 2680 omuibus
520 2654 550 2680 et
566 2659 625 2692 per
646 2649 753 2681 onmia
770 2650 957 2692 plenissime
976 2652 1034 2683 sul*-

389 2711 466 2739 Ball.
491 2711 571 2737 [lom.
588 2727 621 2730 -
642 2712 700 2737 Vol.
719 2711 824 2740 XVIII.
850 2735 853 2738 r
977 2714 1008 2739 15

1709 270 1773 302 'ii-3
1820 279 1867 303 Αιι.
1887 278 1917 306 C,
1938 278 2001 304 ΗιἹΟ

1076 327 1204 367 litigari,
1222 333 1247 359 et
1265 327 1302 359 ab
1319 327 1387 366 iliis,
1405 329 1441 359 ad
1459 340 1538 369 quos
1555 333 1677 369 spectat
1697 334 1727 358 rt
1750 338 1807 369 pro

1077 384 1220 420 tempore
1236 380 1507 422 (piandoeumque
1527 379 1697 422 spectabit,
1709 379 1808 410 iuvio-

1075 431 1214 464 labiliter
1240 432 1421 472 observari,

1120 486 1134 526 ᾗ
1159 483 1189 516 lt.
1217 484 1331 527 Sit-que
1357 489 1388 516 et
1418 494 1481 517 nou
1507 485 1601 517 aliter
1627 494 1685 527 per
1711 494 1808 526 quos-
1842 496 1939 526 minaria
1957 496 2001 516 sun-

1076 545 1210 584 eqmque
1231 535 1353 568 iudices
1379 536 1561 568 ordinarios
1575 541 1607 568 et
1629 537 1808 577 delegatos,
1820 522 1868 542 '‘w‘'

1077 588 1172 621 etiarn
1190 599 1357 621 causarum
1375 588 1485 631 palatii
1504 588 1675 632 apostolici
1702 593 1733 620 et
1758 598 1810 619 eu-

1076 641 1142 672 riae
1163 652 1308 673 camerae
1330 641 1527 683 apostolieae
1553 641 1734 683 generalem
1756 651 1812 672 au-

1077 693 1225 733 ditorem,
1239 704 1365 726 necnon
1381 693 1541 733 vicarium,
1562 693 1812 735 gubernatorem

1077 751 1108 779 et
1131 751 1314 778 senatorem
1334 746 1435 778 dietae
1463 745 1566 785 Urbis,
1588 755 1623 777 ae
1651 745 1682 778 S.
1711 745 1747 777 R.
1775 745 1809 777 E.

1076 798 1305 837 munerarium,
1332 803 1364 830 et
1388 798 1468 831 alios
1496 798 1689 838 cardinales,
1715 797 1813 830 etiam

1077 852 1115 883 de
1147 852 1247 883 latere
1285 852 1426 892 legatos,
1456 850 1627 893 dictaeque
1664 861 1811 882 camerae

1070 903 1308 946 praesidentes,
1334 903 1481 943 clericos,
1504 903 1739 935 thesaurarium
1758 914 1812 945 ge-

1076 957 1229 996 neralem,
1245 960 1277 988 et
1296 955 1376 988 alios
1396 954 1550 988 officiales
1576 960 1607 987 et
1634 955 1809 994 tministros,

1076 1019 1161 1040 nune
1198 1015 1229 1041 et
1268 1019 1325 1051 pro
1363 1013 1505 1050 tempore
1543 1008 1809 1050 quandocumque

1075 1061 1263 1101 existentes,
1284 1060 1409 1093 sublata
1429 1060 1474 1092 eis
1493 1065 1524 1092 et
1548 1070 1660 1092 cortun
1677 1060 1811 1092 cuilibet

1076 1115 1186 1158 quavis
1211 1114 1305 1147 aliter
1321 1108 1483 1146 iudicandi
1510 1119 1542 1145 et
1574 1113 1810 1155 interpretandi

1076 1168 1224 1200 facultate
1251 1172 1282 1200 et
1305 1166 1505 1206 auctoritate,
1525 1165 1661 1199 iudicari
1684 1171 1716 1198 et
1734 1164 1811 1197 defi-

1075 1221 1138 1253 niri
1169 1221 1301 1259 debere,
1331 1230 1367 1252 ae
1394 1219 1521 1251 irritum
1546 1224 1578 1251 et
1602 1218 1699 1250 inane
1719 1218 1745 1250 si
1764 1229 1810 1250 se-

1075 1285 1132 1306 cus
1158 1284 1258 1316 super
1283 1272 1333 1305 bis
1359 1283 1376 1304 a
1397 1283 1577 1315 quoquam,
1611 1270 1722 1314 quavis
1755 1282 1809 1303 au-

1075 1325 1237 1364 ctoritate,
1265 1324 1409 1358 scienter
1436 1326 1484 1357 vel
1510 1324 1711 1366 ignoranter,
1732 1334 1810 1355 eon-

1076 1379 1186 1421 tigerit
1210 1378 1376 1411 attentari.

1118 1433 1132 1475 g
1157 1432 1188 1464 5.
1214 1431 1283 1464 Non
1308 1431 1521 1470 obstantibus,
1548 1435 1705 1473 quatenus
1730 1440 1810 1472 opus

1075 1485 1138 1524 sit,
1165 1486 1275 1517 nostra
1311 1489 1342 1516 et
1374 1482 1585 1516 cancellariae
1610 1483 1809 1526 apostolicare

1074 1538 1188 1579 regula
1213 1537 1251 1570 de
1278 1537 1346 1569 iure
1373 1536 1518 1579 quaesito
1555 1545 1620 1568 non
1656 1536 1810 1577 tollendo,

1889 1441 2006 1461 Contrariis

1821 1470 1917 1494 «inrogat.

1052 1617 1053 1620 ,
1075 1591 1209 1633 aliisque
1234 1589 1516 1622 constitutionibus
1542 1595 1574 1621 et
1600 1589 1812 1622 ordinationi-

1052 1652 1053 1655 ’
1074 1644 1132 1676 bus
1158 1641 1368 1686 apostolicis,
1401 1652 1530 1674 neenon
1565 1641 1667 1674 dietae
1695 1641 1788 1674 Urbis
1804 1667 1811 1681 ‚

1052 1708 1053 1731 3
1074 1698 1210 1740 aliisque
1226 1697 1403 1740 quibusvis,
1420 1697 1518 1729 etiam
1532 1697 1725 1734 iuramento,
1740 1707 1814 1729 eon-

1052 1776 1053 1782 ,
1076 1750 1253 1782 firmatione
1278 1750 1458 1793 apostolica
1474 1777 1481 1790 ,
1510 1751 1557 1783 vel
1582 1750 1690 1793 (plavis
1716 1749 1814 1781 limni-

294 1811 431 1844 cumque
446 1801 543 1833 etiam
560 1800 751 1844 specificaet
766 1801 928 1834 individua
945 1813 1033 1833 men-
1052 1813 1053 1817 ¹

295 1852 382 1885 tione
409 1858 440 1885 et
464 1854 674 1896 expressione
701 1854 797 1895 digna
823 1853 967 1894 existant,
993 1854 1053 1886 ad'

294 1905 555 1938 satisfaciendum
594 1906 697 1938 eidem
730 1906 828 1938 Monti
854 1907 892 1938 de
919 1901 1053 1939 corum*

1075 1808 1138 1836 tate
1167 1803 1228 1836 alia
1260 1802 1429 1843 roboratis,
1462 1803 1604 1843 statutis,
1635 1813 1814 1844 eorumque

1074 1855 1356 1889 reformationibus
1383 1861 1413 1887 et
1450 1855 1542 1888 novis
1572 1855 1814 1893 additionibus,

1075 1909 1173 1948 stilis,
1199 1908 1308 1940 usibus
1334 1913 1366 1940 et
1388 1907 1692 1947 consuetudinibus,
1718 1907 1814 1950 privi-

1075 1961 1169 2004 legiis
1191 1971 1331 2004 quoque,
1352 1960 1485 1993 indultis
1506 1965 1537 1993 et
1551 1961 1666 1993 litteris
1687 1965 1814 2003 aposto-

1075 2014 1143 2047 licis
1168 2013 1201 2045 in
1222 2014 1423 2046 contrarium
1450 2014 1709 2056 praemissorum
1735 2024 1815 2056 quo-

1052 2092 1053 2100 t
1075 2066 1257 2099 modolibet
1276 2065 1462 2106 concessis,
1490 2065 1690 2098 confirmatis
1717 2071 1748 2098 et
1767 2065 1814 2097 in-

1075 2119 1225 2159 novatis,
1253 2119 1372 2162 quibus
1406 2119 1559 2151 omnibus
1593 2124 1625 2151 et
1650 2118 1811 2160 singulis,

1075 2172 1208 2205 illorum
1229 2176 1359 2204 tenores
1377 2172 1612 2214 praesentibus
1630 2181 1691 2214 pro
1714 2172 1813 2214 plene

1076 2231 1109 2258 et
1133 2224 1338 2257 sufficienter
1363 2224 1529 2268 expressis
1562 2230 1593 2257 et
1613 2224 1653 2257 ad
1679 2224 1814 2257 verbum

1053 2268 1055 2280 ³
1075 2278 1206 2311 insertis
1222 2279 1396 2318 habentes,
1416 2277 1480 2310 illis
1509 2278 1589 2311 alias
1625 2278 1657 2310 in
1683 2288 1743 2310 suo
1762 2288 1814 2310 ro-

342 2330 356 2373 ἓ
381 2329 411 2362 3.
439 2330 655 2362 Decernentes
682 2331 811 2363 easdem
842 2323 1055 2374 praesentes*

298 2383 423 2415 litteras
447 2393 575 2426 semper
600 2383 730 2424 firmas,
765 2383 886 2417 validas
911 2390 943 2417 et
967 2378 1055 2417 effi-³

1077 2333 1157 2365 bore
1194 2331 1445 2375 permansuris,
1478 2331 1519 2364 ad
1551 2331 1814 2374 praemissoiaun

1077 2385 1229 2419 effectum
1244 2412 1252 2426 ,
1283 2386 1344 2418 hae
1376 2385 1444 2418 vice
1466 2385 1644 2423 dumtaxat,
1663 2383 1816 2427 speciali-

1079 2444 1127 2472 ter
1151 2444 1183 2472 et
1208 2449 1364 2482 expresse
1386 2438 1604 2480 derogamus;
1624 2437 1813 2480 ceterisque

1076 2492 1252 2526 contrariis
1279 2492 1552 2535 quibuscumque.

1120 2546 1190 2589 {5-
1221 2546 1373 2579 Volumus
1411 2551 1519 2578 autem
1554 2550 1588 2577 ut
1624 2544 2006 2599 earumdemrugrggggppto-

1077 2598 1296 2642 praesentium
1315 2599 1495 2631 litterarum
1518 2597 1738 2640 trausunmtis,
1756 2608 1812 2629 seu

1077 2652 1242 2694 exemplis,
1269 2651 1365 2684 etiam
1392 2651 1565 2694 impressis,
1592 2661 1688 2683 manu
1713 2649 1812 2682 alieu-
