2279 3260
505 221 518 232 e

145 233 196 260 An.
211 233 240 261 C.
264 234 332 262 1673

342 296 490 329 cumque,
509 287 604 320 etiam
625 287 814 328 iuramento,
833 288 1079 321 confirmatione

341 340 524 382 apostolica,
541 342 590 373 vel
615 341 724 383 quavis
742 341 891 373 firmitate
910 342 970 373 alia
984 341 1079 374 robo-

340 392 429 433 ratis,
456 393 579 425 statutis
601 398 633 426 et
657 394 958 434 consuetudinilms,
982 393 1078 437 privi-

340 444 432 486 legiis
459 456 595 488 quoque,
617 446 750 479 indultis
771 452 801 479 et
822 447 934 479 lint-ris
953 451 1079 489 aposto-

339 497 421 536 licis,
450 498 614 540 quibusvis
640 498 827 539 Ordinibus,
859 499 1079 541 congregatio-

339 549 446 590 nibus,
470 550 690 591 societatibus,
709 552 803 584 etiam
839 552 922 590 lesu,
937 557 968 583 et
992 550 1076 583 insti-

339 602 423 640 tutis,
437 613 474 634 ac
491 602 644 643 ecclesiis,
660 603 875 643 monasteriis,
892 603 1074 646 provinciis,

339 655 563 696 conventibus,
591 656 748 696 domibus,
775 657 920 699 collegiis
939 662 971 689 et.
996 656 1076 689 locis

340 708 553 750 regularibus,
582 709 778 753 illorumque
804 709 1027 752 superioribus
1045 715 1076 741 et

338 761 483 803 personis
513 762 790 805 quibuscumque,
817 764 875 795 sub
909 761 1073 804 quibusvis

338 814 509 846 verborum
534 815 703 847 tenoribus
739 821 771 848 et
795 815 915 854 formis,
943 825 978 847 ac
1002 825 1073 847 cum

338 868 589 911 quibuscumque
609 868 703 901 etiam
723 868 1003 911 derogatoriarum
1022 868 1074 900 de-

337 919 522 962 rogatoriis,
548 920 682 962 aliisque
710 919 953 959 efficacioribus,
972 920 1075 951 effica-

337 972 474 1005 cissimis
500 978 530 1005 et
556 973 693 1005 insolitis
719 973 893 1012 clausulis,
920 972 1074 1004 irritanti-

337 1035 463 1067 qusque
489 1030 520 1057 et
543 1024 613 1057 aliis
640 1025 788 1065 decretis,
815 1025 847 1057 in
872 1035 991 1066 genere
1024 1026 1072 1057 vel

336 1077 367 1108 in
393 1077 517 1118 specie,
543 1077 639 1109 etiam
672 1082 761 1110 motu
793 1077 950 1120 proprio,
978 1083 1009 1109 et
1034 1078 1072 1109 de

335 1129 535 1172 apostolicae
572 1130 738 1172 potestatis
779 1130 1002 1173 plenitudine,
1036 1141 1072 1162 ac

334 1181 613 1222 consistorialiter,
632 1188 663 1215 et
677 1183 755 1215 alias
780 1183 1019 1225 quomodolibet
1041 1183 1071 1214 in

334 1235 531 1268 contrarium
582 1235 832 1278 praemissorum
880 1236 1041 1267 concessis
1063 1262 1070 1275 ‚

335 1288 534 1319 confirmatis
560 1294 592 1320 et
615 1288 794 1326 innovatis·,

379 1340 393 1382 ἓ
427 1339 479 1372 18.
515 1340 636 1378 Quibus
669 1340 817 1373 omnibus
853 1347 883 1373 et
919 1341 1069 1383 singulis,

336 1393 462 1425 etiamsi
489 1404 546 1436 pro
582 1393 712 1426 illorum
738 1393 909 1425 sufficienti
935 1394 1071 1435 deroga-

336 1446 422 1478 tione
449 1446 487 1478 de
513 1446 577 1478 iliis
605 1456 784 1489 eorumque
805 1446 880 1479 totis
902 1447 1070 1479 tenoribus

334 1499 491 1542 specialis,
508 1498 666 1541 specifica,
682 1510 835 1542 expressa
849 1504 880 1531 et
897 1500 1068 1539 individua,

333 1562 367 1583 ac
393 1552 431 1584 de
456 1552 554 1584 verbo
576 1553 614 1583 ad
635 1553 779 1591 verbum,
801 1563 866 1584 non
889 1558 995 1584 autem
1014 1563 1071 1595 per

332 1606 493 1637 clausulas
526 1606 696 1647 generales
726 1605 811 1637 idem
843 1605 1068 1648 importantes,

332 1658 453 1690 mentio
486 1668 540 1690 seu
577 1658 706 1700 quaevis
736 1658 797 1690 alia
823 1658 987 1700 expressio
1013 1659 1070 1690 lia-

332 1711 439 1743 benda
465 1716 519 1743 aut
543 1711 649 1754 aliqua
686 1712 750 1744 alia
784 1711 942 1754 exquisita
968 1712 1070 1743 forma

333 1766 370 1797 ad
398 1764 460 1796 hoc
485 1764 643 1796 servanda
668 1764 769 1803 soret,
801 1770 932 1796 tenores
959 1764 1070 1797 liuius-

332 1817 428 1857 modi‚
456 1817 541 1849 :tc-si
569 1817 607 1849 de
634 1818 731 1849 verbo
757 1817 794 1848 ad
821 1817 960 1856 verbum,
988 1817 1068 1849 nibil

332 1869 461 1912 penitus
482 1869 612 1909 omisso,
627 1875 658 1902 et
683 1870 783 1901 forma
808 1869 839 1901 in
865 1869 928 1902 illis
954 1870 1069 1902 tradita

333 1923 511 1961 observata,
524 1922 780 1965 exprimerentur
792 1927 822 1954 et
837 1923 1067 1963 insererentur,

332 1974 559 2016 praesentibus
590 1984 649 2016 pro
681 1975 777 2016 plene
811 1980 842 2006 et
875 1974 1069 2007 sufficienter

332 2026 492 2069 expressis
509 2032 540 2059 ct
560 2026 690 2059 insertis
710 2027 881 2065 habentes,
901 2027 962 2059 illis
991 2027 1068 2059 alias

331 2079 364 2110 in
387 2090 445 2112 suo
467 2080 585 2112 robore
606 2080 833 2122 permansuris,
851 2080 888 2111 ad
915 2080 1068 2122 praemis-

332 2143 440 2165 sorum
458 2132 616 2173 effectum,
637 2134 697 2165 bac
713 2133 780 2165 vice
799 2133 974 2174 dumtaxat,
996 2144 1068 2176 spe-

333 2186 458 2218 cialiter
483 2191 514 2218 et
537 2196 687 2229 expresse
720 2185 947 2228 deroga1nus¹.

377 2239 391 2280 ἓ
423 2238 475 2271 19.
503 2238 656 2271 Volumus
682 2245 787 2272 autent
820 2245 855 2270 ut.
879 2240 1066 2271 earumdem

333 2291 556 2335 praesentium
576 2292 757 2324 litterarum
777 2291 992 2334 transumptis,
1010 2303 1065 2324 seu

333 2345 498 2387 exemplis,
515 2344 609 2377 etiam
624 2345 797 2387 impressis,
820 2355 916 2376 mann
934 2344 1067 2377 alicuius

332 2397 448 2430 notarii
467 2397 588 2440 publici
606 2397 809 2440 subscriptis,
824 2402 853 2429 et
871 2398 978 2439 sigillo
993 2408 1066 2440 per-

330 2461 429 2483 sonae
461 2451 494 2482 in
525 2450 743 2483 ecclesiastica
768 2450 921 2492 dignitate
948 2451 1067 2483 consti-

331 2509 418 2536 tutae
449 2503 591 2542 munitis,
624 2503 735 2535 eadem
767 2514 904 2545 prorsus
927 2503 1006 2535 fides
1032 2503 1065 2535 in

187 1347 221 1368 Et<
238 1351 255 1367 el
276 1348 324 1368 altis

141 1375 324 1401 nutriituizamptts-

140 1407 191 1420 sime
208 1402 249 1420 tlt-r.
259 1406 300 1426 μ’.

172 2239 322 2270 Transuinpto-

139 2275 183 2290 rum
200 2271 259 2290 fide<-

366 2575 378 2599 1
402 2573 474 2599 Adde
494 2580 524 2599 ex
545 2572 603 2599 loeo
623 2572 715 2607 parall.
732 2573 886 2607 celerisque
907 2573 1065 2601 contrariis

332 2618 556 2657 quibuscumque
577 2623 612 2653 tfl‘
639 2625 683 2652 r.).

967 240 1108 264 CLEMENS
1130 241 1149 264 X
1173 240 1221 264 1³1².

1749 235 1807 267 451

1122 288 1242 321 iudicio
1281 294 1311 321 et
1347 294 1436 322 extra
1476 291 1595 334 ubique
1636 292 1851 331 adhibeatur,

1122 352 1204 384 quae
1235 342 1445 374 adhiberetur
1473 343 1550 385 ipsis
1570 345 1795 386 praesentilms
1828 345 1853 376 si

1122 394 1228 426 forent
1249 395 1413 427 exhibitae
1432 396 1478 428 vel
1497 401 1655 427 ostensae.

1859 243 1910 269 An,
1927 243 1954 269 C.
1977 242 2044 269 1673

1155 455 1251 482 Datum
1272 456 1380 487 Romae,
1402 456 1471 490 apud
1487 456 1513 483 S.
1528 456 1636 483 Mariam
1653 457 1790 489 Maiorem,
1807 458 1856 484 sub

1120 500 1219 526 annulo
1245 500 1405 533 Piscator-is,
1423 500 1467 527 die
1482 507 1528 527 ΧΗ]
1545 501 1709 536 septembris
1726 508 1853 536 M1›(]1.x1x‚

1107 532 1288 578 'pontificatus
1309 544 1390 570 nostri
1409 552 1478 572 anno
1499 551 1536 571 111.

1163 606 1176 648 {i
1201 606 1253 638 ⁶20.
1282 607 1436 639 l'aeterea
1467 607 1505 639 ad
1538 607 1677 640 savorem
1708 608 1854 650 supradi-
1903 618 1983 647 ¹its-rvr

1118 663 1240 690 elerum
1263 659 1489 702 episcoporum
1511 660 1703 692 vicariorum
1725 650 1922 707 aposto-iiiiii}
1962 652 1965 663 ⁴

1118 710 1252 742 licorum
1279 718 1469 744 emanarunt
1504 723 1519 744 a
1544 713 1688 755 praefata
1712 713 1836 754 (longi-e
1863 698 1914 742 iil
1951 713 1953 721 '

1117 764 1247 804 gatione
1274 765 1484 797 cardinalium
1511 765 1648 806 negotiis
1669 752 1912 808 propagati-'usa'

1117 816 1175 847 dae
1190 816 1277 848 Fidei
1297 817 1557 859 praepositorum
1584 817 1717 850 diversis
1743 808 2046 860 respo-l'fll'sl'tssl'ffillt'i's'

1116 869 1195 900 clive
1229 869 1428 911 temporibus
1459 870 1545 903 varia
1571 871 1707 910 decreta,
1735 871 1852 913 quilius

1115 921 1200 953 inter
1224 921 1283 953 alia
1305 922 1426 954 eisdem
1453 923 1554 955 tribus
1572 923 1698 956 vis-ariis
1724 930 1852 966 aposto-

1116 973 1185 1005 licis
1211 974 1281 1005 data
1297 974 1352 1005 suit,
1368 975 1498 1007 l'aeultas
1516 976 1774 1008 cormmtnicandi
1799 987 1852 1009 eo-

1116 1036 1182 1057 rum
1214 1026 1383 1058 facultates
1419 1037 1477 1068 pro
1515 1027 1645 1070 laponia
1678 1029 1772 1061 alicui
1811 1040 1846 1061 ex

1115 1078 1254 1120 propriis
1284 1078 1510 1119 missionariiS,
1536 1086 1706 1123 postquam
1743 1087 1848 1114 tamen

1115 1130 1235 1162 idioma
1259 1130 1346 1162 illius
1368 1130 1459 1173 regni
1477 1131 1675 1171 calluissent,
1693 1134 1740 1165 vel
1756 1133 1851 1166 etiam

1115 1182 1184 1214 aliis
1210 1183 1432 1215 sacerdotibus
1457 1183 1578 1225 probis,
1598 1184 1720 1217 etiamsi
1747 1196 1784 1217 ex
1803 1196 1852 1218 so-

1115 1236 1172 1268 ciis
1205 1247 1316 1268 eorum
1347 1247 1412 1269 non
1452 1243 1575 1277 essent3
1603 1248 1638 1271 ac
1671 1238 1850 1271 collocandi

1115 1299 1226 1321 eorum
1259 1289 1443 1321 missionem
1470 1290 1545 1322 alibi
1573 1301 1667 1333 quam
1703 1291 1735 1323 in
1771 1291 1850 1324 locis

1114 1341 1172 1373 sibi
1198 1341 1392 1383 assignatis,
1422 1348 1591 1384 postquam
1624 1347 1730 1375 tamen
1763 1344 1850 1375 omni

1113 1403 1169 1436 spe
1196 1394 1391 1426 cecidissent
1416 1395 1634 1436 prosequendi
1664 1395 1849 1438 propriam;

1114 1457 1239 1478 necnon
1255 1447 1396 1479 clericali
1411 1447 1599 1479 charactere
1614 1447 1809 1489 insigniendi
1820 1454 1851 1480 et

1113 1500 1151 1531 ad
1179 1510 1289 1531 omnes
1315 1499 1410 1531 etiam
1436 1510 1543 1531 sacros
1565 1500 1695 1533 ordines
1721 1511 1849 1543 promo-

1112 1552 1206 1584 vendi
1235 1552 1428 1584 christianos
1456 1552 1700 1595 episcopatuum
1718 1554 1757 1586 ab
1777 1554 1851 1586 hae-

1112 1605 1241 1645 reticis,
1270 1605 1503 1637 malnuuetanis
1536 1611 1563 1637 et
1596 1605 1771 1647 gentilibus
1797 1617 1849 1639 oc-

1112 1663 1311 1700 cupatorum,
1336 1659 1526 1700 praesertim
1553 1658 1583 1690 S.
1611 1658 1763 1699 Tliomae,
1790 1659 1850 1691 Ma-

1113 1712 1197 1743 lacae
1234 1716 1264 1743 et
1300 1711 1472 1754 Iaponiae,
1501 1712 1621 1754 absque
1658 1712 1848 1744 dimissoriis

1111 1763 1362 1802 Ordinariorum,
1382 1767 1503 1796 attenta
1529 1764 1716 1796 difficultate
1735 1765 1772 1797 ad
1792 1775 1848 1797 eos

1111 1817 1320 1856 recurrendi·⁷
1348 1822 1379 1848 et
1402 1818 1546 1859 praefato
1572 1817 1667 1849 Petro
1694 1817 1846 1860 episcopo

1112 1870 1275 1913 Berytcnsi
1295 1880 1446 1901 concessa
1468 1869 1522 1901 suit
1543 1870 1779 1902 administratio
1797 1881 1846 1902 re-

1111 1933 1249 1965 gnorum
1275 1922 1443 1955 Camboiae
1469 1928 1498 1955 et
1524 1922 1689 1965 Ciampae;
1720 1923 1845 1966 aliaque

1110 1976 1187 2019 ipsis
1212 1976 1337 2008 vicariis
1363 1975 1549 2018 apostolicis
1572 1976 1753 2018 respective
1771 1987 1847 2008 con-

1111 2040 1201 2062 cessa
1226 2035 1257 2061 et
1280 2029 1403 2061 indulta
1428 2029 1566 2068 suerunt,
1591 2034 1685 2070 prout
1710 2029 1742 2060 iu
1767 2029 1844 2071 ipsis

1111 2082 1271 2121 decretis,
1299 2092 1434 2124 quorum
1459 2092 1495 2113 ac
1527 2081 1675 2113 binarum
1700 2081 1846 2123 priorum

1111 2135 1185 2167 dicti
1221 2134 1392 2167 Clementis
1424 2134 1684 2177 praterlecessoris
1723 2134 1844 2166 littera-

1110 2198 1179 2220 rum
1199 2188 1411 2230 praelatarum
1441 2192 1569 2219 tenores
1587 2187 1682 2219 etiam
1700 2187 1844 2219 veriores

1110 2246 1141 2273 et
1166 2241 1254 2272 datas
1280 2240 1504 2283 praesentilms
1525 2250 1584 2282 pro
1609 2241 1705 2283 plene
1733 2244 1760 2271 et
1781 2240 1845 2271 sus-

1110 2293 1255 2325 ficienter
1280 2292 1441 2335 expressis
1471 2302 1505 2323 ac
1542 2291 1653 2324 itidem
1679 2291 1717 2323 de
1744 2291 1843 2323 verbo

1109 2345 1148 2377 ad
1166 2345 1298 2377 verbum
1314 2344 1445 2376 insertis
1466 2344 1581 2376 haberi
1602 2345 1758 2384 volumus,
1776 2344 1843 2386 plc-

1109 2398 1180 2430 nius
1206 2399 1402 2430 continetur.

1152 2451 1167 2494 g
1192 2450 1244 2482 021.
1262 2449 1338 2483 Cum
1366 2455 1482 2489 autem,
1505 2449 1586 2482 sicut
1603 2459 1666 2482 non
1685 2449 1753 2481 sine
1774 2459 1865 2498 μνᾶ-Ἀ

1108 2503 1240 2535 vissimo
1272 2503 1367 2535 animi
1402 2503 1500 2535 nostri
1536 2503 1648 2535 dolore
1679 2501 1842 2538 ad.nosu·i
1869 2509 1872 2523 ¹

1107 2556 1253 2599 pervenit
1281 2557 1478 2598 apostolatus
1504 2555 1661 2594 auditum,
1687 2547 1869 2592 nonnullis?

1855 2591 1910 2603 t'll‘t‘d
1918 2591 1963 2603 ntis*
1970 2590 2038 2604 isinssln

1108 2609 1202 2641 variis.
1223 2607 1548 2652 aequivocationibus,
1571 2605 1957 2641 {ervirersationi-*tutorum
1982 2617 2037 2633 nea<

1622 2633 1637 2650 ζ

2030 625 2047 638 ll*

2035 652 2045 663 Α

1986 622 2027 638 un¹v

1968 646 2030 663 luat-rvi

1893 2453 2038 2473 Praeteri-litus
