2279 3260
162 237 211 264 An.
229 234 257 265 C.
279 238 342 266 167¹

199 1300 350 1324 Congu-emtio-

166 1331 204 1346 nes
228 1332 299 1346 omnes
323 1325 350 1346 ad

166 1352 286 1373 huiusmodi
317 1358 350 1372 so-

165 1378 264 1399 lutionem
283 1379 349 1399 teneri

163 1405 245 1425 statuit.

209 2349 234 2372 Et
254 2350 351 2376 compelli

168 2381 230 2403 posse
241 2377 343 2398 declarat.

981 238 1122 263 CLEMENS
1144 240 1162 262 Χ
1187 239 1235 262 Pl·-

1770 226 1834 260 275

358 297 444 328 mus,
471 293 564 331 atque
590 288 660 320 illas
685 293 716 320 et
743 287 807 327 illa,
834 291 989 330 quatenus
1010 298 1092 329 opus
1137 297 1230 329 quam
1269 285 1454 328 quorumvis
1489 284 1642 317 Ordinum
1685 285 1867 324 regularia,

359 340 417 381 sit,
445 341 661 380 innovamus,
689 351 724 373 ac
749 350 861 372 omnes
887 345 919 372 et
949 339 1092 381 singulas
1137 337 1245 382 quod¹
1275 337 1473 381 quindennia
1498 342 1529 369 vt
1553 337 1614 369 alia
1640 337 1717 373 iura,
1744 337 1870 369 ratione

357 393 495 425 uniones
511 392 549 424 de
568 392 735 435 quibusvis
753 391 956 424 monasteriis
974 397 1006 423 ct.
1023 391 1093 423 aliis
1113 391 1114 394 ’
1138 391 1331 434 pensionum
1364 395 1594 433 perpetuarum
1627 389 1782 420 hactenus
1814 399 1873 430 por

358 444 525 477 beneficiis
550 443 791 483 ecclesiasticis,
818 443 1039 475 saecularibus
1064 447 1095 473 et

359 496 545 540 quorumvis
562 496 715 528 Ordinum
733 496 947 538 regularibus,
964 495 1096 538 quibu<-

359 559 494 592 cumque
509 548 668 588 ecclesiis,
688 549 783 581 etiam
798 547 1048 591 parochialibus,
1066 553 1096 579 ‹·t

359 601 527 644 utriusque
552 612 645 633 sexus
681 601 1006 643 congregationibus,
1033 606 1095 632 tam

358 653 575 686 saecularibus
601 664 696 696 quam
721 653 941 695 regularibus,
968 657 997 685 et
1025 652 1094 685 aliis

358 706 420 750 piis
446 706 536 746 locis,
564 706 660 739 nullis
686 706 815 749 penitus
841 706 989 745 exclusis,
1016 716 1095 748 quae
1117 703 1119 718 ¹

361 770 397 795 ex
424 770 533 792 eorum
560 759 776 802 perpetuitate
803 769 867 791 uon
892 764 1012 798 vacant,
1039 768 1098 801 per

361 822 582 855 quoscumque
618 812 779 844 Romanos
808 810 980 844 Pontifices
1005 821 1096 853 prae-

361 864 551 898 decessores
580 870 722 904 nostros,
738 869 769 897 et
793 869 866 896 ante
891 863 993 906 ipsum
1019 863 1097 895 Mar-

361 918 462 950 tinum
480 918 777 960 praedecessorem,
797 922 828 949 et
851 927 918 956 nos,
945 916 1004 949 sub
1030 915 1098 958 qui-

358 971 558 1013 buscumque
579 970 745 1002 tenoribus
769 975 800 1001 et
825 970 944 1009 formis,
970 979 1004 1001 ac
1025 979 1097 1001 cum

360 1022 523 1065 quibusvis
544 1022 697 1054 clausulis
716 1026 747 1054 et
771 1021 921 1061 decretis,
936 1026 1096 1064 perpetuo

360 1075 470 1115 factas,
496 1079 528 1107 et
553 1075 592 1107 de
618 1079 726 1107 cetero
753 1079 814 1106 tam
836 1085 895 1117 per
919 1084 977 1106 nos
1003 1084 1097 1116 quam
1119 1089 1121 1096 v

360 1137 566 1160 successores
597 1132 725 1160 nostros
761 1127 908 1160 similiter
937 1132 1097 1170 perpetuo

360 1180 533 1221 faciendas,
552 1180 610 1212 sub
628 1180 744 1212 litteris
765 1180 852 1212 Pauli
874 1181 1100 1223 praedecesso-

359 1233 403 1266 ris
429 1232 871 1276 huiusmodicomprehendi
898 1238 929 1265 et
954 1233 1096 1273 includi;

405 1287 419 1329 ᾗ
444 1287 474 1319 7.
505 1286 644 1329 Ideoque
672 1297 892 1329 quascumque
917 1297 1094 1328 cougrega-

362 1339 476 1379 tiones,
496 1338 544 1372 et¹
564 1339 695 1382 quosvis
713 1339 792 1372 alios
814 1339 846 1371 in
861 1349 996 1382 quorum
1014 1339 1098 1371 savo-

360 1403 431 1425 rem
458 1395 595 1424 uniones
618 1392 802 1424 huiusmodi
832 1392 934 1424 sactae
970 1391 1097 1431 suerint,

361 1444 485 1476 etiamsi
503 1454 537 1476 se
551 1444 728 1487 superinde
747 1444 779 1476 in
793 1444 925 1477 Camera
943 1455 1007 1476 non
1023 1444 1099 1476 obli-

361 1496 516 1539 gaverint,
544 1497 583 1530 ad
608 1496 802 1529 solutionem
825 1497 1043 1529 communium
1068 1503 1100 1529 et

361 1550 563 1583 minutorum
596 1550 799 1583 servitiorum
830 1555 862 1582 et
891 1555 1097 1589 aunatarum,

361 1603 563 1646 aliorumque
578 1603 697 1635 iurium
714 1603 961 1645 praedictorum,
978 1603 1099 1635 eisdem

362 1655 524 1697 Gamerae,
542 1655 681 1698 collegio
707 1659 739 1687 et
760 1655 950 1688 officialibus
974 1655 1098 1688 ratione

363 1708 549 1741 earumdem
581 1709 748 1749 unionum,
774 1714 809 1741 ut
833 1710 1027 1752 praefertur,
1056 1710 1099 1741 sa-

361 1761 508 1793 ciendam
534 1761 647 1802 teneri,
664 1767 695 1794 et
720 1763 758 1794 ad
784 1763 879 1802 idem,
899 1773 1025 1795 necnon
1044 1762 1100 1796 de⁹

361 1815 587 1847 communibus
620 1821 651 1847 et
683 1816 753 1848 aliis
778 1816 900 1849 iuribus
925 1816 1100 1860 praedictis

361 1867 528 1900 solvendis
555 1868 781 1910 obligandum,
808 1869 904 1901 etiam
935 1880 995 1912 per
1027 1880 1101 1902 sen-

361 1921 486 1961 tentias,
513 1931 668 1955 censuras
695 1927 725 1955 et
746 1933 887 1966 poenas,
915 1922 1010 1955 etiam
1035 1923 1100 1965 pri-

360 1973 499 2006 vationis
524 1979 556 2006 et
573 1974 798 2007 dissolutionis
820 1975 975 2008 unionum
990 1975 1102 2007 huius-

361 2026 462 2066 modi,
482 2026 553 2069 cogi
579 2032 611 2059 et
635 2027 785 2070 compelli
811 2038 914 2071 posse,
934 2028 1045 2060 omnia
1070 2033 1101 2060 et

361 2077 488 2120 singula
501 2078 533 2110 in
548 2079 743 2111 contrarium
758 2080 917 2123 disposita
939 2085 1098 2123 tamquam

363 2132 453 2163 nulla
472 2137 504 2164 et
521 2131 613 2165 irrita
629 2139 830 2173 revocantes,
849 2134 1033 2177 nulliusque
1050 2145 1101 2166 va-

363 2184 441 2216 loris
468 2189 500 2217 et
524 2185 679 2218 momenti
701 2197 771 2219 esse
795 2191 827 2219 et
847 2187 914 2219 sore
937 2188 1101 2220 declaran-

363 2241 422 2276 tes,
447 2242 535 2270 motu
562 2238 669 2278 simili,
696 2244 769 2279 etc.‚
796 2240 964 2272 statuimus
990 2246 1022 2272 et
1046 2241 1101 2273 de-

364 2289 541 2322 cernimus.

408 2343 422 2385 §
451 2342 482 2375 8.
510 2343 548 2375 Et
571 2343 705 2387 insuper
729 2345 783 2388 (ne
804 2346 842 2379 de
861 2350 970 2379 cetero
994 2346 1026 2378 in
1045 2347 1101 2378 du-

364 2394 454 2428 bium
477 2397 622 2428 revocari
648 2397 824 2440 contingat,
848 2403 1020 2441 utcumque
1042 2409 1101 2441 per

365 2458 590 2492 quaecumque
615 2449 686 2482 loca
720 2450 792 2493 pia,
827 2456 891 2483 tam
918 2451 1101 2484 saecularia

399 2528 411 2553 1
430 2527 569 2554 Coniunct.
587 2530 613 2554 et
629 2536 677 2555 nos
691 2528 815 2556 addimus
833 2530 872 2564 (R.
884 2530 933 2563 T.).

398 2572 413 2598 Ξ
435 2572 525 2599 Potius
544 2572 602 2607 lege
621 2576 647 2599 et
661 2573 696 2600 ad
711 2574 751 2608 id,
767 2583 818 2601 nee
833 2583 890 2601 non
907 2575 945 2601 ad
964 2583 1003 2607 se,
1024 2578 1103 2610 prout

363 2624 446 2652 supra
464 2615 477 2652 ἓ
497 2616 513 2643 2
531 2617 569 2651 (a.
584 2616 629 2651 1.).

1138 452 1357 486 quoscumque
1378 442 1539 474 Romanos
1555 441 1722 472 Pontius-:22
1741 441 1873 482 praeele-

1117 507 1287 539 „cessores
1302 502 1430 528 nostros
1445 506 1479 527 ac
1496 505 1553 527 nos
1570 494 1599 525 iu
1617 496 1754 525 t'avoiwun
1774 493 1873 525 ‹licto-

1139 561 1207 581 rum
1234 551 1377 582 locorum
1404 548 1528 591 piorum
1551 559 1607 579 seu
1631 548 1757 579 illorum
1778 546 1873 577 l'ahri-

1139 613 1207 634 cam
1224 612 1321 644 super
1339 611 1615 644 ‹piorumcumque
1640 599 1871 631 beneficiorum

1140 654 1427 687 ecclesiasticorum
1469 652 1715 696 quomodolibet
1749 651 1874 693 qualifi-

1140 713 1283 740 catorum
1310 706 1480 744 fructibus,
1510 705 1641 744 iuribus,
1671 703 1874 737 obventioni-

1140 761 1198 792 bus
1224 765 1252 792 et
1280 759 1505 791 emolumentis
1531 758 1701 795 universis,
1728 751 1763 788 ac
1780 756 1873 788 eliam

1118 812 1387 845 'canonicatuum
1415 816 1447 843 et
1476 810 1733 853 pracbciularum
1768 808 1876 840 distri-

1140 866 1207 897 buti
1220 865 1328 897 inibus
1348 864 1561 908 quotidianis,
1588 868 1820 896 reservatarum
1845 867 1876 893 et

1141 909 1350 960 imposterum
1368 926 1426 958 per
1450 927 1509 948 nos
1535 921 1566 947 et
1589 925 1792 947 successores
1819 924 1876 946 no-

1141 975 1223 1001 stros
1250 968 1535 1007 reservandarum,
1573 973 1605 999 et
1633 968 1711 999 locis
1739 967 1799 1009 piis
1828 977 1876 999 as-

1119 1040 1121 1042 ·
1142 1022 1341 1063 signatarum
1366 1025 1398 1053 et
1423 1021 1703 1062 assiguandarum,
1722 1030 1877 1051 summam

1144 1081 1248 1107 tamen
1265 1074 1374 1116 viginti
1397 1079 1533 1116 quatuor
1552 1073 1738 1105 ducatorum
1755 1073 1823 1104 auri
1839 1072 1877 1104 de

1119 1123 1121 1136 “
1142 1129 1269 1160 camera
1289 1127 1526 1166 excedentium,
1543 1126 1695 1158 Gamerae
1714 1124 1879 1167 Apostoli-

1143 1191 1196 1213 cae
1218 1186 1249 1212 et
1270 1179 1410 1221 collegio
1437 1184 1470 1211 et
1495 1178 1685 1211 officialibus
1705 1177 1878 1220 praedictis

1143 1234 1328 1277 persolvere
1354 1233 1493 1265 debeant
1514 1237 1545 1264 et
1565 1231 1763 1273 teneantur),
1790 1235 1879 1261 motu

1143 1287 1211 1331 pari
1222 1286 1241 1326 ²,
1277 1287 1314 1318 ad
1355 1286 1525 1328 quodlibet
1561 1284 1692 1317 dubium
1726 1294 1741 1316 e
1772 1283 1879 1315 medio

1144 1340 1334 1379 tollendum,
1362 1344 1393 1371 et
1417 1349 1475 1382 pro
1500 1339 1621 1371 maiore
1649 1336 1879 1369 dilucidatione

1144 1394 1312 1435 litiumque
1328 1393 1501 1425 remotiore.
1517 1392 1698 1429 occasione,
1714 1400 1880 1432 quascum-

1144 1458 1204 1490 que
1230 1446 1507 1489 congregaliones‚
1527 1443 1737 1487 parochialia,
1763 1448 1879 1474 cetera-

1144 1510 1205 1542 que
1230 1498 1395 1541 praedicta
1419 1499 1489 1530 loca
1514 1497 1585 1540 pia,
1614 1496 1645 1528 in
1679 1506 1812 1538 quorum
1840 1495 1881 1526 sa-

1143 1562 1252 1584 vorem
1288 1550 1408 1583 similes
1440 1550 1614 1593 pensiones
1654 1554 1812 1591 perpetuo
1846 1552 1881 1579 ut

1144 1605 1323 1648 praefertur
1342 1608 1522 1635 reservatae
1539 1602 1656 1634 suerint
1674 1607 1706 1633 et
1726 1601 1756 1633 in
1775 1606 1881 1644 poste-

1144 1669 1214 1690 rum
1232 1656 1386 1689 reservari
1405 1655 1587 1697 contigerit,
1608 1654 1731 1687 etiamsi
1753 1664 1785 1686 se
1812 1663 1880 1695 per-

1144 1711 1218 1742 inde
1239 1710 1271 1742 in
1291 1709 1422 1742 [lamera
1447 1719 1510 1741 non
1537 1707 1762 1749 obligaverint,
1778 1707 1815 1738 ad
1834 1716 1881 1738 so-

1144 1763 1298 1796 lutionem
1316 1761 1601 1805 quindenniorum,
1616 1761 1816 1802 aliorumque
1832 1759 1881 1790 iu-

1144 1816 1235 1855 rium,
1268 1815 1392 1847 ratione
1423 1814 1615 1857 pensionum
1650 1819 1880 1856 perpetuarum

1146 1868 1340 1907 huiusmodi,
1360 1867 1436 1900 licet
1453 1878 1469 1899 a
1495 1867 1752 1910 quilmscumque
1779 1866 1882 1898 oneri-

1144 1923 1203 1954 bus
1229 1920 1400 1954 ordinariis
1421 1925 1452 1953 et
1473 1919 1737 1952 extraordinariis
1755 1919 1882 1961 imposi-

1146 1974 1184 2006 tis
1202 1979 1233 2006 et
1250 1973 1281 2005 in
1299 1974 1441 2005 futurum
1465 1972 1673 2014 imponendis
1692 1972 1880 2011 liberarum,

1144 2027 1334 2059 immunium
1360 2032 1389 2059 et
1416 2031 1652 2068 exemptarum,
1680 2024 1800 2057 eisdem
1827 2024 1883 2057 Ca-

1144 2090 1259 2119 merae,
1280 2079 1420 2121 collegio
1441 2084 1472 2111 et
1489 2078 1679 2111 officialibus
1701 2078 1881 2110 faciendam

1144 2132 1246 2166 teneri
1280 2137 1310 2167 et
1339 2132 1481 2174 obligata
1506 2131 1653 2171 existere,
1677 2137 1707 2163 et
1732 2131 1770 2163 ad
1795 2131 1881 2163 idem

1143 2196 1204 2229 per
1228 2185 1430 2228 supradictas
1457 2195 1590 2227 poenas,
1617 2184 1712 2216 etiam
1730 2183 1883 2226 privatio-

1144 2239 1204 2279 nis,
1231 2237 1431 2276 cassationis,
1451 2237 1658 2270 extinctionis
1685 2242 1713 2268 et
1740 2237 1883 2268 annulla-

1144 2291 1240 2324 tionis
1266 2291 1417 2323 similium
1436 2291 1641 2333 pensionum,
1657 2289 1727 2331 cogi
1747 2295 1778 2322 et
1795 2300 1882 2322 com-

1144 2344 1221 2387 pelli
1243 2354 1338 2386 posse
1357 2343 1570 2375 declaramus.

1188 2397 1202 2439 §
1226 2396 1256 2429 9.
1273 2396 1417 2437 Necnon,
1437 2395 1469 2427 in
1491 2395 1691 2427 securiorem
1710 2400 1739 2427 et
1766 2394 1882 2427 facilio-

1145 2460 1211 2481 rem
1222 2449 1365 2481 omnium
1384 2454 1415 2481 et
1428 2449 1626 2490 singulorum
1641 2447 1881 2490 praedictorum

1180 2529 1192 2555 1
1216 2527 1376 2554 Particulam
1398 2528 1473 2562 quod
1494 2536 1542 2553 nos
1561 2526 1685 2553 addimus
1704 2532 1741 2559 (R.
1762 2529 1810 2557 1.).

1180 2573 1195 2598 2
1217 2572 1372 2606 Pei-peram,
1394 2576 1422 2598 ut
1440 2576 1514 2606 puto,
1536 2571 1600 2597 edit.
1624 2571 1701 2597 Main.
1718 2570 1800 2604 addit,
1817 2573 1881 2605 etc„

1146 2621 1172 2644 et
1192 2617 1289 2644 deinde
1310 2626 1404 2645 novam
1424 2619 1436 2652 ἓ
1458 2616 1550 2651 incipit
1568 2620 1602 2651 (a.
1623 2617 1670 2649 Τ,).

1878 234 1927 262 An.
1944 233 1972 262 C,
1993 234 2060 262 1671

1920 2402 2078 2429 Exequutorem

1893 2431 1988 2457 deputat.
