2279 3260
137 259 184 284 An.
203 257 231 283 C.
252 257 322 284 1670

170 2105 311 2126 Consu-matur

128 2135 189 2157 prout
207 2138 227 2153 ln
243 2133 310 2153 rubri·

955 260 1034 283 (ΖΗ-’,Μ
1043 260 1097 283 ENS
1119 261 1137 283 X
1163 261 1209 283 ΡΡ.

329 307 444 347 mensi,
481 308 600 340 cultum
633 307 811 339 exhibitum
839 317 907 339 esse
944 318 959 338 a
992 318 1061 338 ren·

330 363 394 391 tum
412 359 504 391 annis
524 365 556 392 et
572 371 668 402 supra
693 366 724 391 et
742 361 779 392 ad
806 370 960 403 praesens
978 359 1062 391 cxlii-

328 413 480 453 beri,1et
505 413 565 446 hoc
590 413 765 445 scientibus
791 424 826 445 ac
853 412 1061 445 tolerantibus

328 464 505 497 Ordinariis
540 464 713 497 Giennensi
739 470 771 496 et
795 464 999 501 Granatensi,
1032 469 1063 495 ct

328 518 473 550 eamdem
504 528 631 550 cansam
667 517 759 549 istam
787 518 905 549 versari
931 517 962 549 in
988 527 1061 549 casn

328 575 462 613 excepto
495 581 511 602 a
537 569 676 602 decretis
705 569 805 601 felicis
832 569 1085 601 recordationis*

327 623 447 655 Urbani
471 623 535 655 Vltl
564 633 662 665 super
695 633 759 655 non
786 624 873 655 cultu
899 622 1006 660 editis,
1032 628 1063 654 et

327 681 498 718 propterea
530 676 561 707 in
595 676 657 708 hac
686 677 781 707 causa
805 675 896 707 dictis
923 675 1085 707 decretisx

327 729 417 761 nullo
442 729 538 760 modo
572 738 643 760 esse
676 729 724 760 vel
756 727 851 760 fuisse
876 732 1063 760 contraven-

327 786 409 813 tum:
428 786 460 813 et
484 781 528 813 ita
552 780 696 819 dicimus,
724 781 933 819 decerminus,
961 780 1063 812 decla-

327 844 447 873 ramus,
473 833 724 876 pronunciamus
744 839 775 865 et
799 833 965 865 dillinitivc
990 843 1063 865 sen-

327 886 511 918 tentiamus.
546 886 615 918 Non
641 887 743 918 solnm
770 885 969 928 praemisso,
1005 886 1061 917 sed

327 939 415 971 omni
429 939 553 971 meliori
568 939 664 971 modo
683 937 897 981 pronunciavi
916 947 975 978 ego
994 937 1062 969 Fer-

327 990 487 1023 dinandus
501 990 768 1033 archiepiscopus
783 989 956 1032 episcopus
973 988 1063 1021 Gicn—

325 1043 450 1075 nensis.
478 1043 554 1075 Lata
578 1048 609 1075 et
634 1044 715 1075 lecta
733 1042 791 1074 suit
810 1052 966 1084 praesens
991 1052 1063 1073 sen-

323 1095 428 1129 tentia
451 1105 510 1138 per
535 1095 790 1128 illustrissimum
808 1100 839 1126 et
863 1094 1062 1127 reverendis-

325 1159 440 1181 simum
476 1148 642 1181 dominum
678 1148 712 1180 D.
748 1147 985 1180 Ferdinandum
1022 1148 1060 1179 de

325 1202 477 1234 Andrade
503 1208 534 1233 et
558 1200 968 1243 Castroarchiepiscopum
996 1200 1062 1243 epi·
1082 1211 1084 1236 l

325 1264 457 1297 scopum
488 1253 703 1286 Giennensem
739 1264 797 1296 pro
830 1252 981 1285 tribunali
1013 1263 1062 1285 se-

325 1307 433 1340 dendo
452 1307 484 1339 in
501 1317 559 1339 suo
586 1308 657 1339 loco
682 1306 799 1339 solitae
818 1305 1011 1345 amlientiae,
1030 1310 1061 1338 et

324 1370 382 1402 per
406 1370 456 1392 me
482 1359 723 1402 inl'raseriptum
756 1359 919 1391 notarium
945 1369 1059 1391 causae
1081 1398 1082 1404 ἵ

323 1413 547 1455 promulgatae
573 1412 681 1452 citato,
711 1417 883 1455 praesente
908 1422 944 1443 ae
968 1411 1061 1444 intel-

322 1464 446 1506 ligente
471 1464 564 1497 Petro
590 1464 706 1497 Verbel
738 1465 927 1507 presbytero
960 1463 1059 1497 fiscali

322 1522 512 1560 promotore
532 1517 583 1549 die
607 1527 675 1549 xxxl
699 1517 818 1549 mensis
845 1517 951 1549 martii
976 1527 1059 1550 anno

322 1569 449 1602 Domini
473 1579 609 1609 MDCva,
635 1569 859 1612 praesentibus
884 1569 980 1602 etiam
1004 1569 1061 1601 ibi-

323 1623 395 1655 dem
408 1623 523 1663 multis,
539 1628 572 1655 et
585 1623 775 1656 nominatim
791 1623 921 1656 domino
935 1622 1061 1655 Gabrie-

322 1676 352 1709 le
384 1676 423 1708 de
453 1675 566 1708 Flores
604 1681 635 1707 et
664 1675 804 1707 Antonio
835 1676 874 1707 de
903 1675 1061 1718 Espinosa

321 1728 529 1771 presbytero,
557 1728 688 1760 testibus
721 1728 839 1760 vocatis
870 1733 902 1760 et
926 1728 1057 1770 rogatis.

321 1781 436 1812 Actum
469 1780 529 1812 suit
561 1780 729 1823 praedicta
761 1780 812 1813 die
846 1791 914 1813 xxxi
941 1781 1060 1813 mensis

321 1833 436 1872 martii,
453 1833 534 1866 hora
552 1833 645 1866 tertia
663 1839 735 1876 post
750 1834 929 1866 meridiem.
950 1833 987 1866 Et
1000 1845 1059 1876 ego

321 1885 466 1919 notarius
491 1886 587 1918 liuius
612 1897 728 1919 causae
759 1887 906 1929 publicus
931 1892 962 1919 et
986 1897 1061 1929 apo-

321 1938 455 1971 stolicus
482 1938 579 1971 fidem
604 1939 696 1972 sat-io.

496 1992 682 2025 Lunov1crs
707 2002 725 2025 A
750 1992 904 2025 DELGADO

387 2044 531 2076 notarius
549 2044 698 2087 publicus
720 2050 752 2077 et
769 2045 964 2088 apostolicus
983 2059 1012 2078 ».

365 2096 379 2139 ἓ
396 2095 428 2129 3.
447 2095 524 2129 Cum
541 2102 657 2136 antem,
673 2097 755 2129 sicut
775 2097 887 2130 eadem
902 2098 1058 2140 expositio
1079 2116 1081 2145 3

321 2148 555 2191 subiungebat,
583 2150 767 2191 praedictus
791 2156 984 2193 procurator
1008 2160 1081 2194 ἷζε-,ζ

321 2201 439 2234 neralis
464 2202 660 2235 sententiam
688 2204 897 2246 praedictam,
920 2216 982 2247 quo
1008 2205 1060 2237 sir-

321 2253 403 2286 mins
418 2254 581 2295 subsistat,
596 2256 795 2298 apostolicae
815 2257 1059 2299 approbationis

321 2311 451 2339 nostrae
469 2308 633 2350 praesidio
647 2309 841 2341 communiri
863 2315 894 2342 et
910 2310 988 2342 alias
1007 2321 1060 2353 op-

322 2363 460 2400 portune
484 2359 516 2391 in
542 2361 726 2402 praemissis
743 2372 760 2394 a
777 2362 871 2395 nobis
894 2363 1059 2405 provideri

321 2410 499 2452 plurimum
525 2413 701 2446 desideret:
723 2425 792 2455 nos,
819 2415 918 2457 ipsius
942 2426 1059 2458 procu-

321 2463 438 2496 ratoris
463 2467 624 2507 generalis
642 2467 731 2507 votis,
750 2478 785 2500 ac
803 2468 881 2509 iure,
902 2475 1057 2511 quantum

321 2529 394 2553 cum
410 2518 546 2551 Domino
568 2530 749 2562 possumus,
770 2521 987 2554 favorabiliter
1004 2533 1058 2554 an-

320 2583 421 2606 nuere
455 2573 600 2605 volentes
618 2599 625 2613 ,
659 2584 798 2617 eumque
832 2585 850 2607 a
886 2574 1054 2617 quibusvis

323 2625 683 2666 excommunicationis,
699 2627 927 2669 suspensionis
953 2633 985 2661 et
1009 2628 1057 2660 in-

1083 307 1248 357 ¹tei-dicti,
1275 308 1413 350 aliisque
1448 310 1680 342 ecclesiasticis
1707 314 1839 342 senten-

1083 360 1084 417 ἑ
1105 360 1170 400 tiis,
1197 361 1346 393 censuris
1374 368 1404 393 et,
1430 363 1559 405 poenis,
1584 374 1601 395 a
1624 363 1696 395 iure
1716 364 1765 396 vel
1797 363 1836 395 ab

1083 429 1084 457 3
1106 413 1248 451 homine,
1275 414 1389 456 quavis
1415 415 1589 447 occasione
1612 416 1660 447 vel
1684 417 1782 447 causa
1798 416 1837 447 la-

1083 465 1084 468 ’
1106 465 1158 504 tis,
1185 466 1210 497 si
1238 466 1356 508 quilius
1388 468 1638 509 quomodolibet
1663 467 1837 499 innodatus

1105 518 1225 557 existit,
1253 519 1290 550 ad
1317 518 1465 551 effectum
1498 520 1716 562 praesentium
1749 519 1839 551 dum-

1106 575 1189 608 taxat
1202 571 1476 612 conseqvwndmn,
1492 571 1606 603 harum
1625 570 1707 603 serie
1733 571 1838 603 absol-

1083 628 1215 659 ;ventes
1250 628 1281 654 et
1317 623 1500 655 absolutum
1537 624 1605 655 sore
1643 627 1839 662 censentes,

1105 675 1394 717 ⁴supplitationibus
1421 676 1489 708 eius
1515 675 1646 708 nomine
1673 675 1764 707 nobis
1790 685 1838 706 su-

1084 737 1164 768 *per
1190 727 1251 759 lioc
1289 727 1454 759 humiliter
1483 728 1641 770 porrectis
1675 727 1836 767 inclinati,

1106 779 1144 810 de
1163 779 1394 811 venerabilium
1414 780 1549 812 t'ratrum
1571 785 1754 812 nostrorum
1772 791 1839 812 san-

1083 819 1085 855 i
1105 835 1174 861 ctae
1190 831 1353 862 Romanae
1376 832 1537 864 liet-tesino
1561 832 1772 864 cardinalium
1791 842 1840 864 sa-

1105 882 1166 913 cris
1180 882 1293 914 ritibus
1311 883 1577 925 praepositormn,
1594 885 1657 927 qui,
1670 884 1839 928 proposito

1106 934 1221 974 dubio,
1260 946 1298 967 an
1335 936 1494 968 sententia
1529 937 1730 979 praeinserta
1756 942 1841 971 esset

1105 987 1326 1019 confirmanda
1348 989 1395 1020 vel
1415 988 1607 1021 iniii·111anda
1626 989 1658 1022 in
1676 990 1740 1022 virn
1766 1001 1841 1033 pro-

1105 1050 1215 1072 cessus
1240 1040 1279 1071 ab
1304 1041 1474 1073 Ordinario
1500 1042 1675 1075 Giennensi
1708 1044 1843 1086 peracti„

1105 1103 1230 1125 causam
1247 1098 1371 1125 mature
1392 1094 1625 1134 discusserunt,
1648 1100 1680 1127 et
1697 1096 1787 1138 prius
1808 1096 1840 1128 in

1105 1144 1232 1187 seriptis
1258 1151 1289 1177 et
1313 1156 1390 1178 voce
1420 1146 1574 1179 dilectum
1590 1147 1691 1179 silium
1710 1158 1842 1190 promo-

1082 1198 1208 1229 ‘torem
1244 1197 1318 1230 lidei
1356 1198 1570 1239 audiverunt,
1607 1211 1643 1232 ac
1686 1201 1842 1243 quasdam

1105 1261 1279 1293 anonymas
1306 1252 1478 1294 scripturas
1504 1258 1615 1285 contra
1632 1253 1748 1285 dictam
1768 1264 1842 1286 cau-

1104 1314 1172 1335 sam
1198 1314 1310 1336 eorum
1336 1305 1579 1347 congregationi
1605 1311 1770 1349 porrectas
1798 1307 1842 1340 vi-

1104 1356 1220 1388 derunt
1237 1362 1268 1388 et
1282 1357 1538 1397 considerarunt,
1554 1359 1701 1398 consilio,
1719 1360 1842 1402 praein-

1103 1413 1221 1441 sertam
1241 1409 1402 1442 Ordinarii
1423 1411 1625 1450 sententiam,
1652 1412 1841 1445 auctoritate

1103 1462 1293 1504 apostolica,
1311 1467 1420 1495 tenore
1436 1464 1668 1506 praesentium,
1683 1465 1843 1508 approba-

1103 1526 1185 1547 mus.
1213 1515 1353 1558 Ideoque
1380 1522 1528 1549 constare
1555 1517 1593 1549 de
1619 1519 1706 1551 culto
1732 1518 1841 1550 imme-

1103 1569 1253 1601 morabili
1279 1569 1383 1601 eidem
1410 1570 1443 1601 B.
1464 1570 1558 1602 Petro
1578 1570 1752 1603 Paschasio
1774 1582 1843 1614 epi-

1103 1632 1198 1664 scopo
1224 1621 1399 1654 Giennensi
1429 1622 1557 1655 Ordinis
1591 1623 1625 1656 B.
1657 1624 1773 1656 Mariae
1803 1625 1842 1657 de

1104 1675 1142 1707 de
1178 1675 1325 1707 Mercede
1366 1676 1602 1718 redemptionis
1643 1677 1842 1720 captivorum

1104 1727 1261 1767 exhibito,
1280 1733 1312 1760 et
1329 1739 1404 1760 casu
1423 1734 1555 1771 excepto
1576 1740 1591 1761 a
1610 1729 1749 1762 decretis
1768 1730 1842 1773 dicti

1103 1779 1222 1812 Urbani
1248 1781 1523 1823 praedecessoris,
1550 1792 1584 1814 ac
1616 1782 1655 1814 ad
1686 1782 1843 1816 ulteriora

1104 1833 1135 1864 in
1161 1835 1257 1864 causa
1282 1833 1320 1865 ad
1346 1833 1483 1866 sormam
1514 1834 1720 1867 decretorum
1756 1835 1842 1868 eius-

1104 1886 1176 1918 dem
1202 1885 1321 1917 L'rbani
1347 1887 1607 1928 praedecessoris
1644 1893 1674 1920 et
1708 1888 1843 1929 sanctis-

1103 1939 1204 1971 simae
1223 1939 1440 1981 inquisitionis
1458 1940 1591 1982 procedi
1609 1951 1714 1983 posse,
1736 1946 1843 1974 aucto-

1102 1993 1196 2025 ritate
1223 1997 1254 2024 et
1281 1998 1392 2025 tenore
1418 1993 1612 2035 praesentis¹
1641 1994 1841 2027 declaramus

1102 2051 1133 2078 et
1157 2045 1381 2085 decernimus3
1407 2047 1494 2078 salva
1521 2051 1626 2079 tamen
1655 2057 1784 2090 semper
1808 2047 1841 2080 in

1102 2098 1284 2141 praemissis
1302 2098 1491 2132 auctoritate
1512 2099 1774 2142 congregationis
1793 2111 1841 2133 eo-

1103 2152 1250 2184 rumdem
1274 2152 1502 2184 cardinalium.

1103 2315 1190 2342 stere
1210 2315 1241 2342 et
1266 2311 1353 2350 sore,
1380 2321 1520 2353 suosque
1545 2311 1712 2354 plenarios
1737 2316 1769 2343 et
1792 2311 1841 2343 in-

1103 2369 1209 2405 tegros
1236 2362 1368 2395 effectus
1403 2363 1512 2396 sortiri
1545 2368 1577 2396 et
1608 2363 1781 2404 obtinere,
1809 2369 1841 2396 et

1101 2416 1176 2456 illis,
1195 2417 1233 2449 ad
1255 2427 1335 2459 quos
1360 2416 1521 2460 spectabit
1545 2417 1577 2449 in
1602 2417 1755 2457 futurum,
1774 2418 1841 2460 ple-

1100 2469 1233 2502 nissime
1259 2469 1438 2511 sull‘ragari,
1465 2474 1497 2502 et
1521 2470 1559 2502 al)
1586 2469 1631 2502 eis
1657 2470 1839 2513 respective

1101 2522 1331 2555 inviolabiliter
1356 2523 1530 2563 observari,
1557 2523 1666 2566 sicque
1693 2523 1723 2555 in
1746 2533 1840 2567 prae-

1136 2593 1146 2618 rl
1166 2592 1268 2619 Forsan
1279 2593 1436 2627 praedictis
1451 2601 1498 2628 pro
1510 2594 1674 2628 praesentis
1695 2592 1839 2628 legendum

1099 2638 1140 2671 (n.
1156 2638 1204 2672 Τ.).

1757 251 1798 285 79
1846 261 1894 287 An.
1912 261 1939 287 c.
1963 261 2032 289 axio

1146 2205 1172 2247 ξ.
1200 2204 1231 2236 4.
1261 2204 1478 2237 Decernentes
1500 2205 1629 2237 casdem
1649 2210 1840 2248 praesentes
1851 2213 1903 2260 ⁸³¹³
1920 2214 2036 2260 mirga-2133}

1103 2257 1227 2290 litteras
1253 2256 1368 2297 sirmas,
1403 2257 1523 2290 validas
1549 2263 1580 2290 ct
1604 2258 1750 2291 efficaces
1776 2269 1841 2291 cxi-
1852 2267 1971 2287 mandatur.
