2279 3260
971 245 1066 269 ianx
1092 245 1197 270 imnum
1743 236 1805 269 699

307 299 520 345 Congregatio
545 297 751 339 cassinensis,
777 299 849 331 vide
872 298 1110 333 Cassinensium
1138 298 1359 343 Congregatio.

307 352 519 398 Congregatio
542 350 812 385 Discalceatorum
830 350 957 385 Ordinis
983 351 1012 385 S.
1038 350 1207 394 Augustini
1241 351 1273 384 in
1305 351 1486 392 Lusitania,
1514 351 1585 385 vide
1609 352 1694 386 Ordo
1716 352 1850 386 fratrum

395 405 605 441 eremitarum
629 403 661 437 S.
688 404 872 447 Augustini.

306 457 518 504 Congregatio
541 457 657 491 Montis
682 456 793 491 Oliveti
819 456 946 491 Ordinis
970 456 1002 491 S.
1028 456 1202 498 Benedicti,
1229 457 1301 490 victe
1324 455 1563 490 olivetanorum
1581 456 1806 499 Congrcgatio.

307 510 517 556 Congregatio
540 510 744 555 particularis
768 520 827 554 pro
851 509 1128 554 quindenniorum
1153 509 1316 544 exactione
1340 509 1374 542 in
1393 509 1479 543 Urbe
1502 509 1649 553 erigitur,
1665 509 1729 543 ⁶270
1754 511 1782 543 b.

305 565 517 609 Congregatio
551 574 714 597 sacrarum
740 563 949 607 reliquiarum
973 563 1182 603 extractioni‚
1208 562 1372 597 custodiae
1403 567 1433 595 et
1465 562 1685 596 distributioni
1711 573 1850 607 praepo-

395 620 468 659 sita,
495 617 560 651 0296
586 627 618 651 α.

306 671 570 717 Congregationis
586 670 745 704 Missionis
766 671 914 715 superior
929 670 1086 714 generalis
1105 676 1153 703 est
1170 669 1204 702 iu
1221 668 1327 702 ot'ficio
1344 675 1530 713 perpetuus,
1550 668 1591 702 35
1616 681 1636 703 a
1651 681 1659 709 3
1676 670 1780 703 eidem
1798 671 1854 702 ad-

396 725 575 766 iunguntur
598 729 662 757 tres
688 724 733 756 vel
758 729 898 767 quatuor
921 723 1161 763 assistenteaet
1177 721 1370 761 admonitor,
1388 721 1431 755 35
1455 723 1495 762 ἓν,
1520 723 1568 756 his
1593 724 1732 767 exceptis
1749 729 1854 767 potest

398 787 510 811 omnes
531 777 711 820 superiores
735 782 767 810 et
791 775 944 810 officiales
968 775 1135 808 instituere
1160 774 1206 808 vel
1231 774 1413 814 destituere,
1430 775 1505 808 ibid.
1520 787 1527 815 ·,
1545 777 1576 808 iu
1593 777 1854 821 quibuscumque

397 829 606 864 conventibus
632 830 696 862 duo
720 830 779 862 sert
802 828 952 872 sutl'ragia
981 838 1054 861 cum
1079 827 1300 871 praerogativa
1324 828 1357 860 in
1382 828 1517 870 paritate
1542 839 1606 862 non
1631 836 1827 864 secretorum
1844 858 1852 870 ‚

396 883 478 916 ibid.
499 895 507 921 ;
532 888 638 925 potest
673 882 806 915 idoneos
838 880 1006 915 admittere
1039 886 1070 914 et
1101 880 1252 923 indignos
1276 886 1348 923 post
1373 881 1491 915 emissa
1516 888 1589 915 vota
1613 894 1686 916 cum
1707 883 1855 916 assisten-

398 936 479 969 tium
505 928 662 970 consensu
679 935 853 975 dimittere,
872 934 914 967 36
938 945 977 973 a,
1004 933 1054 966 ius
1078 943 1142 966 non
1163 933 1258 966 habet
1290 932 1449 967 condendi
1476 934 1561 978 leges
1587 936 1765 970 contrarias
1792 938 1850 970 ‹le-

399 989 494 1023 cretis
519 994 735 1023 conventuum
760 987 958 1030 generalium
979 1014 986 1027 ,
1014 986 1084 1020 licet
1111 986 1142 1018 1ιί
1168 991 1357 1029 potestatem
1390 987 1531 1020 habeant
1558 989 1701 1022 eiusdem
1725 991 1853 1024 statutis

398 1042 461 1075 vim
486 1039 674 1074 detrahendi
700 1040 746 1073 vel
771 1038 921 1078 addendi,
948 1040 1050 1075 ibidm.
1075 1039 1245 1081 dignitates
1276 1040 1505 1074 ecclesiasticas
1536 1041 1658 1086 absque
1696 1054 1854 1078 consensu

396 1100 571 1127 conventus
609 1093 766 1135 generalis
798 1098 964 1135 acceptare
998 1102 1061 1125 non
1089 1098 1214 1135 potest,
1241 1092 1303 1126 nisi
1328 1092 1479 1127 Summus
1511 1094 1654 1128 Pontifex
1678 1096 1710 1129 in
1736 1098 1854 1132 virtute

397 1152 526 1180 sanctae
549 1146 752 1179 obedientiae
778 1145 963 1189 praecipiat,
989 1144 1031 1177 36
1056 1145 1092 1183 (Γ,
1120 1144 1378 1187 congregationis
1398 1146 1581 1188 praedictae
1606 1156 1784 1184 conventus
1801 1162 1855 1194 ge-

398 1200 514 1232 neralis
550 1205 596 1232 est
622 1199 789 1242 superiore
816 1198 956 1241 generali
987 1198 1134 1241 superior
1162 1204 1193 1230 et
1224 1198 1255 1229 in
1289 1197 1407 1241 quibus
1439 1199 1564 1232 casibus
1590 1207 1692 1243 potest
1724 1203 1754 1235 in
1781 1215 1854 1238 eum

400 1253 649 1286 animadvertere
670 1251 712 1285 36
737 1252 774 1292 ἰν,
800 1252 842 1285 ob
873 1253 979 1296 plures
1011 1262 1121 1284 causas
1151 1251 1349 1290 celebratur,
1374 1252 1474 1289 ib2'‹l.;
1500 1263 1517 1285 a
1543 1264 1607 1297 quo
1632 1255 1745 1290 debeat
1769 1262 1854 1304 cogi,

400 1305 470 1347 quis
487 1304 602 1337 habeat
618 1305 667 1338 ius
689 1304 853 1347 suffragii,
880 1315 963 1349 quae
985 1304 1122 1337 debeant
1141 1303 1289 1347 proponi,
1312 1304 1352 1337 37
1379 1316 1421 1345 α;
1446 1305 1479 1338 in
1499 1310 1749 1352 congregatione
1770 1323 1858 1355 prae-

400 1358 484 1391 dicta
507 1368 567 1400 sup
606 1358 654 1390 ior
678 1358 837 1400 generalis
861 1357 990 1400 eligitur
1007 1368 1062 1401 per
1078 1357 1229 1400 suffragia
1250 1358 1388 1391 mediam
1414 1365 1535 1401 partem
1555 1363 1750 1406 excedentia,
1769 1366 1811 1399 37
1836 1379 1857 1400 a

400 1418 430 1444 et
456 1412 487 1452 113
513 1411 567 1454 qui
624 1411 649 1443 si
682 1417 754 1453 post
790 1411 933 1454 quinque
966 1411 1120 1445 scrutinia
1154 1412 1264 1445 electio
1297 1412 1379 1444 facta
1412 1422 1477 1445 non
1500 1413 1595 1448 suerit
1627 1416 1731 1457 ibz'd.‚·
1754 1430 1857 1462 poena

396 1464 739 1498 excommunicationis
765 1465 846 1498 latae
870 1465 1046 1498 sententiae
1063 1470 1176 1498 contra
1192 1464 1369 1497 ambientes
1385 1466 1604 1507 generalatum
1622 1470 1669 1502 vel
1687 1471 1856 1506 electionis

398 1517 580 1551 libertatem
604 1517 825 1560 impedientes,
848 1517 947 1557 ibe'd.;
972 1518 1003 1550 in
1029 1517 1279 1560 congregatione
1295 1518 1453 1551 Missionis
1477 1519 1504 1553 si
1530 1521 1656 1555 iuterim
1675 1525 1725 1557 vel
1749 1527 1856 1559 statim

400 1571 554 1604 dissoluto
580 1577 739 1604 conventu
764 1572 904 1614 generali
931 1571 1094 1613 contingat
1119 1570 1225 1604 obitus
1250 1572 1426 1614 superioris
1451 1574 1604 1616 generalis
1632 1582 1687 1609 aut
1711 1577 1855 1612 admoni-

400 1624 478 1656 toris
505 1623 552 1655 vel
577 1623 712 1656 alicuius
732 1633 766 1656 ex
798 1624 1035 1665 assistentibus,
1061 1625 1225 1666 quomodo
1252 1624 1497 1667 providendum,
1525 1626 1567 1660 38
1593 1639 1634 1669 α;
1660 1629 1694 1662 in
1720 1641 1856 1675 congre-

399 1677 526 1719 gatione
548 1678 688 1719 praefata
714 1683 784 1710 vota
809 1678 924 1710 emissa
944 1677 1074 1710 dissolvi
1099 1687 1163 1710 non
1187 1683 1322 1720 possunt
1347 1679 1452 1721 vigore
1475 1679 1620 1722 lubilaei,
1646 1682 1756 1717 Bullae
1780 1685 1857 1718 Cru-

401 1730 511 1769 ciatae,
537 1736 613 1769 etc.,
639 1730 693 1763 sed
719 1741 736 1763 a
761 1730 829 1764 solo
857 1731 1003 1763 Romano
1029 1730 1184 1764 Pontitice
1205 1737 1236 1764 et
1265 1731 1430 1774 superiore
1465 1735 1628 1775 generali,
1655 1736 1693 1769 61
1722 1748 1741 1770 α
1765 1745 1796 1771 et
1820 1739 1856 1780 b;

401 1783 658 1826 congregationis
683 1783 862 1826 praedictae
888 1784 1063 1827 presbyteri
1088 1784 1254 1828 approbati
1287 1785 1317 1817 in
1356 1785 1556 1820 dioecesibus
1592 1790 1741 1832 propriae
1771 1793 1854 1825 resi-

401 1836 525 1869 dentiae
559 1842 693 1879 possunt
724 1836 844 1879 ubique
879 1837 1024 1870 locorum
1066 1838 1212 1880 excipere
1245 1838 1460 1872 confessiones
1495 1843 1684 1883 quorumvis
1717 1844 1855 1878 aliorum

400 1888 544 1923 eiusdem
569 1889 828 1932 congregationis
852 1892 917 1923 una
943 1901 1014 1923 cum
1041 1890 1119 1933 ipsis
1144 1891 1205 1924 iter
1229 1892 1393 1934 agentium
1409 1919 1416 1931 ‚
1443 1891 1509 1926 ⁶240
1533 1904 1571 1933 aff,
1596 1897 1857 1939 congregationis

397 1942 559 1985 praefatae
583 1941 730 1985 superior
760 1943 920 1985 generalis
954 1955 1010 1986 per
1041 1954 1074 1977 se
1099 1945 1145 1977 vel
1181 1954 1236 1987 per
1268 1945 1347 1977 alios
1381 1946 1567 1988 superiores
1596 1948 1749 1991 deputare
1776 1951 1857 1985 valet

398 1995 432 2028 in
457 1995 601 2039 qualibet
632 1995 729 2028 domo
754 2006 791 2029 ex
817 1998 1016 2030 confessariis
1042 1998 1106 2030 iam
1130 1998 1314 2041 approbatis
1339 2003 1462 2030 certum
1482 2010 1676 2037 numerum,
1706 2013 1779 2035 cum
1806 2005 1853 2036 fa·

400 2050 518 2082 cultate
543 2049 708 2092 aperiendi
732 2056 762 2082 et
787 2050 963 2093 exequendi
984 2051 1103 2084 litteras
1125 2051 1391 2084 Poenitentiariae
1411 2053 1625 2095 Apostolicae‚
1643 2055 1720 2088 ibid.

312 2103 558 2136 Conservatores
583 2103 616 2135 in
636 2102 758 2146 synodo
784 2103 977 2137 dioecesana
1004 2114 1068 2137 non
1094 2104 1251 2148 designati
1277 2111 1411 2148 possunt
1437 2105 1510 2148 eligi
1535 2117 1551 2138 a
1576 2108 1726 2141 fratribus
1760 2110 1858 2145 Mino-

403 2155 488 2188 ribus
514 2155 552 2187 de
577 2155 785 2189 Observantia
812 2157 842 2189 in
869 2157 1033 2200 Hispania,
1061 2157 1121 2190 301
1151 2158 1177 2191 b.

313 2208 544 2242 Conservatorii
562 2209 701 2241 Divinae
720 2209 952 2244 Providentiae
971 2211 1008 2243 de
1027 2211 1110 2244 Urbe
1127 2211 1254 2254 puellae
1275 2222 1499 2256 quaecumque
1517 2214 1555 2245 ad
1575 2215 1694 2248 dotalia
1711 2217 1854 2250 subsidia

404 2266 536 2303 possunt
559 2261 698 2302 admitti,
726 2261 789 2295 597
816 2274 848 2296 ιι.

313 2314 577 2347 Conservatorum
600 2314 818 2349 universitatis
843 2317 1048 2350 Lovaniensis
1074 2318 1196 2351 abusus
1218 2318 1456 2362 privilegiorum
1481 2320 1514 2352 in
1539 2321 1740 2354 conserendis
1757 2324 1855 2357 bene-

401 2366 504 2408 ficiis,
539 2367 603 2400 430
627 2369 666 2408 b‚·
695 2379 807 2403 eorum
840 2370 890 2403 ius
929 2382 965 2404 ea
999 2371 1186 2405 conferendi
1218 2372 1425 2415 suspenditur
1450 2383 1466 2405 a
1492 2373 1652 2406 Clemente
1676 2375 1736 2415 IX,
1762 2376 1854 2417 ibid.;

405 2426 640 2454 conservatores
664 2422 818 2466 praedicti
851 2424 987 2467 quibus,
1014 2435 1078 2467 quo
1104 2430 1265 2468 tempore,
1291 2432 1371 2469 quot
1400 2431 1431 2459 et
1455 2436 1538 2469 quae
1562 2426 1717 2460 beneficia
1741 2428 1855 2462 iisdem

401 2474 547 2517 personis
572 2474 694 2507 valeant
719 2476 875 2514 conferre,
893 2476 953 2510 431
984 2489 1003 2511 a
1029 2484 1058 2511 et
1083 2478 1116 2517 &3
1140 2478 1211 2511 vide
1234 2478 1431 2512 Universitas
1456 2480 1673 2513 Lovaniensis.

316 2526 572 2561 Convertitarum
606 2529 833 2561 monasterium
867 2530 898 2562 in
934 2530 1039 2571 Urbe,
1066 2531 1136 2563 vide
1169 2531 1199 2563 S.
1225 2531 1338 2564 Mariae
1366 2531 1570 2575 Magdalenae
1595 2533 1633 2566 de
1658 2533 1855 2568 Poenitentia

404 2586 645 2613 monasterium.

315 2631 473 2666 Coronam
497 2633 533 2666 D.
562 2633 597 2666 N.
622 2633 644 2666 Ι.
672 2634 703 2667 C.
724 2644 779 2678 per
804 2636 1065 2671 Camaldulenses
1091 2638 1266 2681 dispensari
1293 2638 1418 2672 solitam
1444 2639 1601 2680 deserens,
1618 2645 1647 2672 et
1672 2639 1785 2673 diebus
1810 2640 1855 2672 se-
