<?xml version="1.0" encoding="UTF-8"?>
<!DOCTYPE html PUBLIC "-//W3C//DTD XHTML 1.0 Transitional//EN"
    "http://www.w3.org/TR/xhtml1/DTD/xhtml1-transitional.dtd">
<html xmlns="http://www.w3.org/1999/xhtml" xml:lang="en" lang="en">
 <head>
  <title>
</title>
<meta http-equiv="Content-Type" content="text/html;charset=utf-8" />
  <meta name='ocr-system' content='tesseract 3.04.00' />
  <meta name='ocr-capabilities' content='ocr_page ocr_carea ocr_par ocr_line ocrx_word'/>
</head>
<body>
  <div class='ocr_page' id='page_1' title='image "./bullarumdiplomat18cath_0710.png"; bbox 0 0 2279 3260; ppageno 0'>
   <div class='ocr_carea' id='block_1_1' title="bbox 215 233 405 262">
    <p class='ocr_par' dir='ltr' id='par_1_1' title="bbox 215 233 405 262">
     <span class='ocr_line' id='line_1_1' title="bbox 215 233 405 262; baseline -0.016 0"><span class='ocrx_word' id='word_1_1' title='bbox 215 234 265 262; x_wconf 79' lang='lat' dir='ltr'>Au.</span> <span class='ocrx_word' id='word_1_2' title='bbox 285 233 313 261; x_wconf 68' lang='lat' dir='ltr'>C,</span> <span class='ocrx_word' id='word_1_3' title='bbox 339 233 405 259; x_wconf 71' lang='lat'>¹676</span> 
     </span>
    </p>
   </div>
   <div class='ocr_carea' id='block_1_2' title="bbox 409 223 1164 1802">
    <p class='ocr_par' dir='ltr' id='par_1_2' title="bbox 409 223 1148 479">
     <span class='ocr_line' id='line_1_2' title="bbox 450 223 514 257; baseline 0 -1"><span class='ocrx_word' id='word_1_4' title='bbox 450 223 514 257; x_wconf 68' lang='lat'><strong>(37⁶2</strong></span> 
     </span>
     <span class='ocr_line' id='line_1_3' title="bbox 409 276 1144 324; baseline -0.011 -10"><span class='ocrx_word' id='word_1_5' title='bbox 409 283 472 314; x_wconf 83' lang='lat' dir='ltr'>iter</span> <span class='ocrx_word' id='word_1_6' title='bbox 493 281 732 324; x_wconf 85' lang='lat' dir='ltr'>arripiendum;</span> <span class='ocrx_word' id='word_1_7' title='bbox 760 291 798 313; x_wconf 78' lang='lat' dir='ltr'>eo</span> <span class='ocrx_word' id='word_1_8' title='bbox 823 284 931 312; x_wconf 81' lang='lat' dir='ltr'>autern</span> <span class='ocrx_word' id='word_1_9' title='bbox 958 278 1030 320; x_wconf 83' lang='lat' dir='ltr'>ipso</span> <span class='ocrx_word' id='word_1_10' title='bbox 1059 276 1144 318; x_wconf 80' lang='lat' dir='ltr'>quod</span> 
     </span>
     <span class='ocr_line' id='line_1_4' title="bbox 411 331 1148 374; baseline -0.011 -7"><span class='ocrx_word' id='word_1_11' title='bbox 411 334 666 374; x_wconf 83' lang='lat' dir='ltr'>subscribantur,</span> <span class='ocrx_word' id='word_1_12' title='bbox 686 333 792 366; x_wconf 84' lang='lat' dir='ltr'>statim</span> <span class='ocrx_word' id='word_1_13' title='bbox 807 337 910 365; x_wconf 85' lang='lat' dir='ltr'>cesset</span> <span class='ocrx_word' id='word_1_14' title='bbox 927 331 995 363; x_wconf 88' lang='lat' dir='ltr'>cius</span> <span class='ocrx_word' id='word_1_15' title='bbox 1014 339 1148 362; x_wconf 73' lang='lat' dir='ltr'>eonven-</span> 
     </span>
     <span class='ocr_line' id='line_1_5' title="bbox 411 381 1148 428; baseline -0.009 -9"><span class='ocrx_word' id='word_1_16' title='bbox 411 387 549 427; x_wconf 86' lang='lat' dir='ltr'>tualitas,</span> <span class='ocrx_word' id='word_1_17' title='bbox 577 392 608 419; x_wconf 91' lang='lat' dir='ltr'>et</span> <span class='ocrx_word' id='word_1_18' title='bbox 631 386 750 419; x_wconf 86' lang='lat' dir='ltr'>deinde</span> <span class='ocrx_word' id='word_1_19' title='bbox 773 391 933 428; x_wconf 83' lang='lat' dir='ltr'>tamquam</span> <span class='ocrx_word' id='word_1_20' title='bbox 959 384 1078 425; x_wconf 81' lang='lat' dir='ltr'>hospes</span> <span class='ocrx_word' id='word_1_21' title='bbox 1097 381 1148 413; x_wconf 85' lang='lat' dir='ltr'>lia-</span> 
     </span>
     <span class='ocr_line' id='line_1_6' title="bbox 410 440 747 479; baseline -0.012 -6"><span class='ocrx_word' id='word_1_22' title='bbox 410 440 536 473; x_wconf 82' lang='lat' dir='ltr'>beatur.</span> <span class='ocrx_word' id='word_1_23' title='bbox 743 475 747 479; x_wconf 46' lang='grc'>,</span> 
     </span>
    </p>

    <p class='ocr_par' dir='ltr' id='par_1_3' title="bbox 414 486 1153 798">
     <span class='ocr_line' id='line_1_7' title="bbox 456 486 1149 532; baseline -0.012 -7"><span class='ocrx_word' id='word_1_24' title='bbox 456 503 524 525; x_wconf 85' lang='lat' dir='ltr'>viu.</span> <span class='ocrx_word' id='word_1_25' title='bbox 552 492 582 523; x_wconf 71' lang='lat' dir='ltr'>Si</span> <span class='ocrx_word' id='word_1_26' title='bbox 615 496 793 524; x_wconf 69' lang='lat' dir='ltr'>conventus</span> <span class='ocrx_word' id='word_1_27' title='bbox 830 489 945 532; x_wconf 84' lang='lat' dir='ltr'>aliquis</span> <span class='ocrx_word' id='word_1_28' title='bbox 978 486 1149 530; x_wconf 79' lang='lat' dir='ltr'>pecuniam</span> 
     </span>
     <span class='ocr_line' id='line_1_8' title="bbox 414 539 1151 588; baseline -0.011 -10"><span class='ocrx_word' id='word_1_29' title='bbox 414 545 533 578; x_wconf 83' lang='lat' dir='ltr'>habeat</span> <span class='ocrx_word' id='word_1_30' title='bbox 557 545 671 588; x_wconf 77' lang='lat' dir='ltr'>(etiam</span> <span class='ocrx_word' id='word_1_31' title='bbox 697 542 932 585; x_wconf 65' lang='lat' dir='ltr'>obligationum</span> <span class='ocrx_word' id='word_1_32' title='bbox 958 550 1014 573; x_wconf 92' lang='lat' dir='ltr'>seu</span> <span class='ocrx_word' id='word_1_33' title='bbox 1040 539 1151 571; x_wconf 83' lang='lat' dir='ltr'>missa-</span> 
     </span>
     <span class='ocr_line' id='line_1_9' title="bbox 414 592 1152 641; baseline -0.012 -10"><span class='ocrx_word' id='word_1_34' title='bbox 414 610 485 631; x_wconf 88' lang='lat' dir='ltr'>rum</span> <span class='ocrx_word' id='word_1_35' title='bbox 509 596 753 641; x_wconf 82' lang='lat' dir='ltr'>perpetuarinn)</span> <span class='ocrx_word' id='word_1_36' title='bbox 779 593 1008 627; x_wconf 80' lang='lat' dir='ltr'>conserendam</span> <span class='ocrx_word' id='word_1_37' title='bbox 1028 592 1059 623; x_wconf 92' lang='lat' dir='ltr'>in</span> <span class='ocrx_word' id='word_1_38' title='bbox 1078 602 1152 623; x_wconf 85' lang='lat' dir='ltr'>cen-</span> 
     </span>
     <span class='ocr_line' id='line_1_10' title="bbox 415 643 1152 690; baseline -0.014 -7"><span class='ocrx_word' id='word_1_39' title='bbox 415 662 495 690; x_wconf 86' lang='lat' dir='ltr'>sum,</span> <span class='ocrx_word' id='word_1_40' title='bbox 520 650 666 683; x_wconf 86' lang='lat' dir='ltr'>minister</span> <span class='ocrx_word' id='word_1_41' title='bbox 691 648 823 690; x_wconf 82' lang='lat' dir='ltr'>(adhuc</span> <span class='ocrx_word' id='word_1_42' title='bbox 847 646 1042 687; x_wconf 73' lang='lat' dir='ltr'>sutiragante</span> <span class='ocrx_word' id='word_1_43' title='bbox 1067 643 1152 686; x_wconf 83' lang='lat' dir='ltr'>oapi-</span> 
     </span>
     <span class='ocr_line' id='line_1_11' title="bbox 416 697 1153 743; baseline -0.011 -8"><span class='ocrx_word' id='word_1_44' title='bbox 416 705 482 736; x_wconf 92' lang='lat' dir='ltr'>tulo</span> <span class='ocrx_word' id='word_1_45' title='bbox 507 701 737 743; x_wconf 69' lang='lat' dir='ltr'>conventuali)</span> <span class='ocrx_word' id='word_1_46' title='bbox 764 700 795 732; x_wconf 91' lang='lat' dir='ltr'>id</span> <span class='ocrx_word' id='word_1_47' title='bbox 822 700 926 731; x_wconf 81' lang='lat' dir='ltr'>facere</span> <span class='ocrx_word' id='word_1_48' title='bbox 961 708 1023 729; x_wconf 90' lang='lat' dir='ltr'>nou</span> <span class='ocrx_word' id='word_1_49' title='bbox 1049 697 1153 729; x_wconf 81' lang='lat' dir='ltr'>valeat</span> 
     </span>
     <span class='ocr_line' id='line_1_12' title="bbox 417 751 1027 798; baseline -0.013 -9"><span class='ocrx_word' id='word_1_50' title='bbox 417 756 487 789; x_wconf 83' lang='lat' dir='ltr'>sine</span> <span class='ocrx_word' id='word_1_51' title='bbox 512 755 612 798; x_wconf 79' lang='lat' dir='ltr'>patris</span> <span class='ocrx_word' id='word_1_52' title='bbox 637 752 841 796; x_wconf 74' lang='lat' dir='ltr'>provincialis</span> <span class='ocrx_word' id='word_1_53' title='bbox 868 751 1027 783; x_wconf 81' lang='lat' dir='ltr'>facultate.</span> 
     </span>
    </p>

    <p class='ocr_par' dir='ltr' id='par_1_4' title="bbox 416 800 1162 1743">
     <span class='ocr_line' id='line_1_13' title="bbox 461 800 1153 846; baseline -0.014 -5"><span class='ocrx_word' id='word_1_54' title='bbox 461 820 502 842; x_wconf 82' lang='lat' dir='ltr'>1x.</span> <span class='ocrx_word' id='word_1_55' title='bbox 541 807 652 839; x_wconf 87' lang='lat' dir='ltr'>Nullus</span> <span class='ocrx_word' id='word_1_56' title='bbox 689 805 834 837; x_wconf 85' lang='lat' dir='ltr'>minister</span> <span class='ocrx_word' id='word_1_57' title='bbox 864 805 913 836; x_wconf 79' lang='lat' dir='ltr'>vel</span> <span class='ocrx_word' id='word_1_58' title='bbox 950 800 1153 846; x_wconf 84' lang='lat' dir='ltr'>particularis</span> 
     </span>
     <span class='ocr_line' id='line_1_14' title="bbox 416 857 1155 904; baseline -0.008 -9"><span class='ocrx_word' id='word_1_59' title='bbox 416 861 597 904; x_wconf 75' lang='lat' dir='ltr'>religiosus,</span> <span class='ocrx_word' id='word_1_60' title='bbox 625 858 769 902; x_wconf 84' lang='lat' dir='ltr'>quamvis</span> <span class='ocrx_word' id='word_1_61' title='bbox 795 857 835 889; x_wconf 85' lang='lat' dir='ltr'>sit</span> <span class='ocrx_word' id='word_1_62' title='bbox 859 860 1049 900; x_wconf 83' lang='lat' dir='ltr'>procurator</span> <span class='ocrx_word' id='word_1_63' title='bbox 1078 864 1155 889; x_wconf 78' lang='lat' dir='ltr'>con-</span> 
     </span>
     <span class='ocr_line' id='line_1_15' title="bbox 416 910 1156 953; baseline -0.012 -6"><span class='ocrx_word' id='word_1_64' title='bbox 416 919 548 953; x_wconf 80' lang='lat' dir='ltr'>ventus,</span> <span class='ocrx_word' id='word_1_65' title='bbox 579 923 635 945; x_wconf 83' lang='lat' dir='ltr'>scu</span> <span class='ocrx_word' id='word_1_66' title='bbox 664 910 904 945; x_wconf 85' lang='lat' dir='ltr'>administrator</span> <span class='ocrx_word' id='word_1_67' title='bbox 936 910 1099 941; x_wconf 85' lang='lat' dir='ltr'>bonorum</span> <span class='ocrx_word' id='word_1_68' title='bbox 1124 911 1156 939; x_wconf 87' lang='lat' dir='ltr'>et</span> 
     </span>
     <span class='ocr_line' id='line_1_16' title="bbox 418 961 1156 1007; baseline -0.011 -8"><span class='ocrx_word' id='word_1_69' title='bbox 418 968 607 1000; x_wconf 68' lang='lat' dir='ltr'>facultatum</span> <span class='ocrx_word' id='word_1_70' title='bbox 632 964 752 1007; x_wconf 83' lang='lat' dir='ltr'>ipsius,</span> <span class='ocrx_word' id='word_1_71' title='bbox 779 964 930 1002; x_wconf 78' lang='lat' dir='ltr'>destruat,</span> <span class='ocrx_word' id='word_1_72' title='bbox 961 961 1156 994; x_wconf 74' lang='lat' dir='ltr'>demoliatur</span> 
     </span>
     <span class='ocr_line' id='line_1_17' title="bbox 419 1014 1157 1063; baseline -0.011 -10"><span class='ocrx_word' id='word_1_73' title='bbox 419 1020 559 1063; x_wconf 77' lang='lat' dir='ltr'>aliquam</span> <span class='ocrx_word' id='word_1_74' title='bbox 586 1018 714 1050; x_wconf 88' lang='lat' dir='ltr'>donuun</span> <span class='ocrx_word' id='word_1_75' title='bbox 739 1017 787 1049; x_wconf 87' lang='lat' dir='ltr'>vel</span> <span class='ocrx_word' id='word_1_76' title='bbox 814 1014 1067 1059; x_wconf 83' lang='lat' dir='ltr'>possessionem,</span> <span class='ocrx_word' id='word_1_77' title='bbox 1098 1023 1157 1045; x_wconf 88' lang='lat' dir='ltr'>nec</span> 
     </span>
     <span class='ocr_line' id='line_1_18' title="bbox 419 1067 1155 1108; baseline -0.01 -3"><span class='ocrx_word' id='word_1_78' title='bbox 419 1073 573 1106; x_wconf 77' lang='lat' dir='ltr'>radicitus</span> <span class='ocrx_word' id='word_1_79' title='bbox 595 1071 712 1103; x_wconf 89' lang='lat' dir='ltr'>evellat</span> <span class='ocrx_word' id='word_1_80' title='bbox 731 1070 848 1108; x_wconf 84' lang='lat' dir='ltr'>vineas,</span> <span class='ocrx_word' id='word_1_81' title='bbox 870 1069 995 1108; x_wconf 86' lang='lat' dir='ltr'>oliveta,</span> <span class='ocrx_word' id='word_1_82' title='bbox 1013 1067 1155 1107; x_wconf 81' lang='lat' dir='ltr'>arbusta;</span> 
     </span>
     <span class='ocr_line' id='line_1_19' title="bbox 420 1120 1158 1166; baseline -0.011 -7"><span class='ocrx_word' id='word_1_83' title='bbox 420 1126 485 1159; x_wconf 90' lang='lat' dir='ltr'>imo</span> <span class='ocrx_word' id='word_1_84' title='bbox 511 1135 569 1157; x_wconf 79' lang='lat' dir='ltr'>nee.</span> <span class='ocrx_word' id='word_1_85' title='bbox 593 1124 765 1166; x_wconf 78' lang='lat' dir='ltr'>religiosus</span> <span class='ocrx_word' id='word_1_86' title='bbox 791 1122 934 1165; x_wconf 81' lang='lat' dir='ltr'>agricola</span> <span class='ocrx_word' id='word_1_87' title='bbox 967 1125 1021 1153; x_wconf 89' lang='lat' dir='ltr'>aut</span> <span class='ocrx_word' id='word_1_88' title='bbox 1045 1120 1158 1152; x_wconf 86' lang='lat' dir='ltr'>hortu-</span> 
     </span>
     <span class='ocr_line' id='line_1_20' title="bbox 420 1172 1159 1218; baseline -0.009 -7"><span class='ocrx_word' id='word_1_89' title='bbox 420 1180 514 1212; x_wconf 80' lang='lat' dir='ltr'>lanus</span> <span class='ocrx_word' id='word_1_90' title='bbox 546 1178 696 1210; x_wconf 85' lang='lat' dir='ltr'>arborem</span> <span class='ocrx_word' id='word_1_91' title='bbox 728 1175 814 1218; x_wconf 90' lang='lat' dir='ltr'>(nisi</span> <span class='ocrx_word' id='word_1_92' title='bbox 841 1174 988 1216; x_wconf 84' lang='lat' dir='ltr'>aridam)</span> <span class='ocrx_word' id='word_1_93' title='bbox 1014 1172 1159 1205; x_wconf 73' lang='lat' dir='ltr'>succidat</span> 
     </span>
     <span class='ocr_line' id='line_1_21' title="bbox 422 1225 1158 1265; baseline -0.011 -1"><span class='ocrx_word' id='word_1_94' title='bbox 422 1232 490 1265; x_wconf 85' lang='lat' dir='ltr'>sine</span> <span class='ocrx_word' id='word_1_95' title='bbox 516 1240 676 1263; x_wconf 86' lang='lat' dir='ltr'>consensu</span> <span class='ocrx_word' id='word_1_96' title='bbox 703 1227 942 1261; x_wconf 80' lang='lat' dir='ltr'>conmiunitatis</span> <span class='ocrx_word' id='word_1_97' title='bbox 972 1231 1003 1259; x_wconf 91' lang='lat' dir='ltr'>et</span> <span class='ocrx_word' id='word_1_98' title='bbox 1027 1225 1158 1258; x_wconf 80' lang='lat' dir='ltr'>licentia</span> 
     </span>
     <span class='ocr_line' id='line_1_22' title="bbox 421 1278 1159 1326; baseline -0.011 -9"><span class='ocrx_word' id='word_1_99' title='bbox 421 1286 453 1318; x_wconf 89' lang='lat' dir='ltr'>in</span> <span class='ocrx_word' id='word_1_100' title='bbox 479 1284 605 1326; x_wconf 87' lang='lat' dir='ltr'>seriptis</span> <span class='ocrx_word' id='word_1_101' title='bbox 631 1281 767 1326; x_wconf 85' lang='lat' dir='ltr'>praelati</span> <span class='ocrx_word' id='word_1_102' title='bbox 793 1279 981 1323; x_wconf 83' lang='lat' dir='ltr'>superioris,</span> <span class='ocrx_word' id='word_1_103' title='bbox 1000 1278 1053 1322; x_wconf 87' lang='lat' dir='ltr'>qui</span> <span class='ocrx_word' id='word_1_104' title='bbox 1071 1278 1159 1310; x_wconf 89' lang='lat' dir='ltr'>illam</span> 
     </span>
     <span class='ocr_line' id='line_1_23' title="bbox 422 1333 1160 1375; baseline -0.012 -4"><span class='ocrx_word' id='word_1_105' title='bbox 422 1337 581 1371; x_wconf 72' lang='lat' dir='ltr'>concedet</span> <span class='ocrx_word' id='word_1_106' title='bbox 604 1335 726 1368; x_wconf 80' lang='lat' dir='ltr'>maiore</span> <span class='ocrx_word' id='word_1_107' title='bbox 747 1334 884 1366; x_wconf 85' lang='lat' dir='ltr'>utilitate</span> <span class='ocrx_word' id='word_1_108' title='bbox 909 1333 1073 1375; x_wconf 76' lang='lat' dir='ltr'>inspeeta;</span> <span class='ocrx_word' id='word_1_109' title='bbox 1100 1340 1160 1362; x_wconf 88' lang='lat' dir='ltr'>nec</span> 
     </span>
     <span class='ocr_line' id='line_1_24' title="bbox 423 1383 1161 1431; baseline -0.011 -8"><span class='ocrx_word' id='word_1_110' title='bbox 423 1390 576 1423; x_wconf 84' lang='lat' dir='ltr'>similiter</span> <span class='ocrx_word' id='word_1_111' title='bbox 607 1389 676 1421; x_wconf 89' lang='lat' dir='ltr'>sine</span> <span class='ocrx_word' id='word_1_112' title='bbox 705 1387 849 1431; x_wconf 82' lang='lat' dir='ltr'>praefato</span> <span class='ocrx_word' id='word_1_113' title='bbox 885 1396 1045 1419; x_wconf 87' lang='lat' dir='ltr'>consensu</span> <span class='ocrx_word' id='word_1_114' title='bbox 1070 1389 1102 1416; x_wconf 91' lang='lat' dir='ltr'>et</span> <span class='ocrx_word' id='word_1_115' title='bbox 1126 1383 1161 1416; x_wconf 93' lang='lat' dir='ltr'>li-</span> 
     </span>
     <span class='ocr_line' id='line_1_25' title="bbox 424 1437 1159 1484; baseline -0.011 -7"><span class='ocrx_word' id='word_1_116' title='bbox 424 1444 528 1477; x_wconf 74' lang='lat' dir='ltr'>cent-ia</span> <span class='ocrx_word' id='word_1_117' title='bbox 552 1443 658 1475; x_wconf 85' lang='lat' dir='ltr'>valeat</span> <span class='ocrx_word' id='word_1_118' title='bbox 689 1440 805 1484; x_wconf 87' lang='lat' dir='ltr'>aliquis</span> <span class='ocrx_word' id='word_1_119' title='bbox 839 1450 876 1472; x_wconf 78' lang='lat' dir='ltr'>ex</span> <span class='ocrx_word' id='word_1_120' title='bbox 902 1438 995 1471; x_wconf 88' lang='lat' dir='ltr'>dictis</span> <span class='ocrx_word' id='word_1_121' title='bbox 1020 1437 1159 1470; x_wconf 85' lang='lat' dir='ltr'>vendere</span> 
     </span>
     <span class='ocr_line' id='line_1_26' title="bbox 425 1492 1158 1531; baseline -0.011 -1"><span class='ocrx_word' id='word_1_122' title='bbox 425 1500 478 1531; x_wconf 86' lang='lat' dir='ltr'>aut</span> <span class='ocrx_word' id='word_1_123' title='bbox 501 1496 643 1529; x_wconf 82' lang='lat' dir='ltr'>alienare</span> <span class='ocrx_word' id='word_1_124' title='bbox 667 1494 888 1527; x_wconf 72' lang='lat' dir='ltr'>aedificiorum</span> <span class='ocrx_word' id='word_1_125' title='bbox 913 1492 1093 1525; x_wconf 87' lang='lat' dir='ltr'>dirutorum</span> <span class='ocrx_word' id='word_1_126' title='bbox 1113 1501 1158 1523; x_wconf 86' lang='lat' dir='ltr'>re-</span> 
     </span>
     <span class='ocr_line' id='line_1_27' title="bbox 427 1545 1162 1592; baseline -0.01 -11"><span class='ocrx_word' id='word_1_127' title='bbox 427 1549 543 1592; x_wconf 84' lang='lat' dir='ltr'>liquias</span> <span class='ocrx_word' id='word_1_128' title='bbox 567 1553 598 1581; x_wconf 89' lang='lat' dir='ltr'>et</span> <span class='ocrx_word' id='word_1_129' title='bbox 621 1546 794 1586; x_wconf 85' lang='lat' dir='ltr'>materias,</span> <span class='ocrx_word' id='word_1_130' title='bbox 823 1555 884 1578; x_wconf 88' lang='lat' dir='ltr'>nec</span> <span class='ocrx_word' id='word_1_131' title='bbox 916 1545 1012 1577; x_wconf 87' lang='lat' dir='ltr'>etiam</span> <span class='ocrx_word' id='word_1_132' title='bbox 1038 1548 1162 1586; x_wconf 84' lang='lat' dir='ltr'>emptas</span> 
     </span>
     <span class='ocr_line' id='line_1_28' title="bbox 425 1596 1160 1643; baseline -0.01 -8"><span class='ocrx_word' id='word_1_133' title='bbox 425 1607 479 1635; x_wconf 88' lang='lat' dir='ltr'>aut</span> <span class='ocrx_word' id='word_1_134' title='bbox 499 1601 562 1635; x_wconf 88' lang='lat' dir='ltr'>alio</span> <span class='ocrx_word' id='word_1_135' title='bbox 581 1601 674 1633; x_wconf 85' lang='lat' dir='ltr'>titulo</span> <span class='ocrx_word' id='word_1_136' title='bbox 689 1604 835 1643; x_wconf 81' lang='lat' dir='ltr'>receptas</span> <span class='ocrx_word' id='word_1_137' title='bbox 853 1609 912 1642; x_wconf 90' lang='lat' dir='ltr'>pro</span> <span class='ocrx_word' id='word_1_138' title='bbox 931 1600 1013 1631; x_wconf 77' lang='lat' dir='ltr'>nova</span> <span class='ocrx_word' id='word_1_139' title='bbox 1034 1596 1160 1636; x_wconf 73' lang='lat' dir='ltr'>fabrica,</span> 
     </span>
     <span class='ocr_line' id='line_1_29' title="bbox 427 1654 1161 1698; baseline -0.008 -10"><span class='ocrx_word' id='word_1_140' title='bbox 427 1661 479 1688; x_wconf 84' lang='lat' dir='ltr'>aut</span> <span class='ocrx_word' id='word_1_141' title='bbox 502 1654 707 1698; x_wconf 76' lang='lat' dir='ltr'>reparatione</span> <span class='ocrx_word' id='word_1_142' title='bbox 729 1658 943 1686; x_wconf 81' lang='lat' dir='ltr'>conventuum</span> <span class='ocrx_word' id='word_1_143' title='bbox 959 1661 1016 1684; x_wconf 84' lang='lat' dir='ltr'>seu</span> <span class='ocrx_word' id='word_1_144' title='bbox 1033 1661 1161 1694; x_wconf 83' lang='lat' dir='ltr'>posses-</span> 
     </span>
     <span class='ocr_line' id='line_1_30' title="bbox 427 1709 697 1743; baseline -0.007 -1"><span class='ocrx_word' id='word_1_145' title='bbox 427 1709 555 1743; x_wconf 86' lang='lat' dir='ltr'>sionum</span> <span class='ocrx_word' id='word_1_146' title='bbox 572 1718 697 1741; x_wconf 89' lang='lat' dir='ltr'>eorum.</span> 
     </span>
    </p>

    <p class='ocr_par' dir='ltr' id='par_1_5' title="bbox 468 1760 1164 1802">
     <span class='ocr_line' id='line_1_31' title="bbox 468 1760 1164 1802; baseline -0.007 -7"><span class='ocrx_word' id='word_1_147' title='bbox 468 1774 499 1796; x_wconf 83' lang='lat' dir='ltr'>x.</span> <span class='ocrx_word' id='word_1_148' title='bbox 526 1762 638 1795; x_wconf 87' lang='lat' dir='ltr'>Nullus</span> <span class='ocrx_word' id='word_1_149' title='bbox 665 1761 740 1794; x_wconf 91' lang='lat' dir='ltr'>item</span> <span class='ocrx_word' id='word_1_150' title='bbox 766 1760 924 1799; x_wconf 78' lang='lat' dir='ltr'>minister,</span> <span class='ocrx_word' id='word_1_151' title='bbox 953 1764 1008 1792; x_wconf 83' lang='lat' dir='ltr'>aut</span> <span class='ocrx_word' id='word_1_152' title='bbox 1031 1767 1164 1802; x_wconf 78' lang='lat' dir='ltr'>praeses</span> 
     </span>
    </p>
   </div>
   <div class='ocr_carea' id='block_1_3' title="bbox 426 1811 1187 1855">
    <p class='ocr_par' dir='ltr' id='par_1_6' title="bbox 426 1811 1187 1855">
     <span class='ocr_line' id='line_1_32' title="bbox 426 1811 1187 1855; baseline -0.007 -7"><span class='ocrx_word' id='word_1_153' title='bbox 426 1816 534 1848; x_wconf 85' lang='lat' dir='ltr'>valeat</span> <span class='ocrx_word' id='word_1_154' title='bbox 550 1814 582 1847; x_wconf 93' lang='lat' dir='ltr'>in</span> <span class='ocrx_word' id='word_1_155' title='bbox 604 1818 672 1847; x_wconf 89' lang='lat' dir='ltr'>toto</span> <span class='ocrx_word' id='word_1_156' title='bbox 691 1813 864 1847; x_wconf 87' lang='lat' dir='ltr'>cuiuslibet</span> <span class='ocrx_word' id='word_1_157' title='bbox 878 1812 952 1845; x_wconf 89' lang='lat' dir='ltr'>anni</span> <span class='ocrx_word' id='word_1_158' title='bbox 970 1811 1074 1855; x_wconf 80' lang='lat' dir='ltr'>spatio</span> <span class='ocrx_word' id='word_1_159' title='bbox 1090 1821 1164 1844; x_wconf 90' lang='lat' dir='ltr'>ven·</span> <span class='ocrx_word' id='word_1_160' title='bbox 1185 1820 1187 1822; x_wconf 89' lang='lat'>·</span> 
     </span>
    </p>
   </div>
   <div class='ocr_carea' id='block_1_4' title="bbox 427 1865 1171 2654">
    <p class='ocr_par' dir='ltr' id='par_1_7' title="bbox 427 1865 1171 2654">
     <span class='ocr_line' id='line_1_33' title="bbox 428 1865 1163 1906; baseline -0.007 -4"><span class='ocrx_word' id='word_1_161' title='bbox 428 1870 504 1902; x_wconf 86' lang='lat' dir='ltr'>dere</span> <span class='ocrx_word' id='word_1_162' title='bbox 529 1873 582 1901; x_wconf 84' lang='lat' dir='ltr'>aut</span> <span class='ocrx_word' id='word_1_163' title='bbox 607 1868 749 1901; x_wconf 86' lang='lat' dir='ltr'>alienare</span> <span class='ocrx_word' id='word_1_164' title='bbox 785 1866 949 1906; x_wconf 85' lang='lat' dir='ltr'>triticum,</span> <span class='ocrx_word' id='word_1_165' title='bbox 981 1865 1163 1905; x_wconf 82' lang='lat' dir='ltr'>hordeum,</span> 
     </span>
     <span class='ocr_line' id='line_1_34' title="bbox 427 1917 1164 1961; baseline -0.008 -6"><span class='ocrx_word' id='word_1_166' title='bbox 427 1923 556 1961; x_wconf 90' lang='lat' dir='ltr'>oleum,</span> <span class='ocrx_word' id='word_1_167' title='bbox 583 1920 693 1953; x_wconf 89' lang='lat' dir='ltr'>vinum</span> <span class='ocrx_word' id='word_1_168' title='bbox 725 1925 756 1952; x_wconf 89' lang='lat' dir='ltr'>et</span> <span class='ocrx_word' id='word_1_169' title='bbox 789 1918 925 1959; x_wconf 80' lang='lat' dir='ltr'>similia,</span> <span class='ocrx_word' id='word_1_170' title='bbox 955 1918 1020 1951; x_wconf 88' lang='lat' dir='ltr'>sive</span> <span class='ocrx_word' id='word_1_171' title='bbox 1046 1918 1110 1950; x_wconf 88' lang='lat' dir='ltr'>sint</span> <span class='ocrx_word' id='word_1_172' title='bbox 1134 1917 1164 1950; x_wconf 90' lang='lat' dir='ltr'>in</span> 
     </span>
     <span class='ocr_line' id='line_1_35' title="bbox 428 1971 1164 2018; baseline -0.007 -11"><span class='ocrx_word' id='word_1_173' title='bbox 428 1973 572 2018; x_wconf 89' lang='lat' dir='ltr'>propriis</span> <span class='ocrx_word' id='word_1_174' title='bbox 596 1972 737 2017; x_wconf 87' lang='lat' dir='ltr'>praediis</span> <span class='ocrx_word' id='word_1_175' title='bbox 770 1973 924 2011; x_wconf 83' lang='lat' dir='ltr'>collecta,</span> <span class='ocrx_word' id='word_1_176' title='bbox 951 1971 1014 2004; x_wconf 87' lang='lat' dir='ltr'>sive</span> <span class='ocrx_word' id='word_1_177' title='bbox 1040 1975 1164 2014; x_wconf 85' lang='lat' dir='ltr'>empta,</span> 
     </span>
     <span class='ocr_line' id='line_1_36' title="bbox 428 2024 1167 2070; baseline -0.005 -10"><span class='ocrx_word' id='word_1_178' title='bbox 428 2028 494 2061; x_wconf 79' lang='lat' dir='ltr'>sive</span> <span class='ocrx_word' id='word_1_179' title='bbox 519 2026 571 2070; x_wconf 91' lang='lat' dir='ltr'>pie</span> <span class='ocrx_word' id='word_1_180' title='bbox 598 2026 714 2065; x_wconf 85' lang='lat' dir='ltr'>oblata,</span> <span class='ocrx_word' id='word_1_181' title='bbox 733 2026 817 2058; x_wconf 87' lang='lat' dir='ltr'>ultra</span> <span class='ocrx_word' id='word_1_182' title='bbox 832 2024 1044 2068; x_wconf 74' lang='lat' dir='ltr'>quantitatem</span> <span class='ocrx_word' id='word_1_183' title='bbox 1066 2029 1097 2056; x_wconf 90' lang='lat' dir='ltr'>et</span> <span class='ocrx_word' id='word_1_184' title='bbox 1116 2035 1167 2057; x_wconf 83' lang='lat' dir='ltr'>va-</span> 
     </span>
     <span class='ocr_line' id='line_1_37' title="bbox 428 2078 1168 2122; baseline -0.005 -8"><span class='ocrx_word' id='word_1_185' title='bbox 428 2082 534 2114; x_wconf 88' lang='lat' dir='ltr'>lorem</span> <span class='ocrx_word' id='word_1_186' title='bbox 558 2078 772 2122; x_wconf 79' lang='lat' dir='ltr'>quadraginta</span> <span class='ocrx_word' id='word_1_187' title='bbox 804 2078 991 2110; x_wconf 70' lang='lat' dir='ltr'>ducatorum</span> <span class='ocrx_word' id='word_1_188' title='bbox 1022 2088 1056 2110; x_wconf 83' lang='lat' dir='ltr'>ex</span> <span class='ocrx_word' id='word_1_189' title='bbox 1089 2079 1168 2110; x_wconf 73' lang='lat' dir='ltr'>una-</span> 
     </span>
     <span class='ocr_line' id='line_1_38' title="bbox 430 2130 1166 2177; baseline -0.003 -13"><span class='ocrx_word' id='word_1_190' title='bbox 430 2143 557 2177; x_wconf 87' lang='lat' dir='ltr'>quaque</span> <span class='ocrx_word' id='word_1_191' title='bbox 582 2131 712 2175; x_wconf 84' lang='lat' dir='ltr'>speeie,</span> <span class='ocrx_word' id='word_1_192' title='bbox 746 2131 816 2163; x_wconf 86' lang='lat' dir='ltr'>sine</span> <span class='ocrx_word' id='word_1_193' title='bbox 841 2141 1003 2163; x_wconf 86' lang='lat' dir='ltr'>consensu</span> <span class='ocrx_word' id='word_1_194' title='bbox 1036 2130 1166 2162; x_wconf 86' lang='lat' dir='ltr'>maioris</span> 
     </span>
     <span class='ocr_line' id='line_1_39' title="bbox 429 2183 1169 2230; baseline -0.005 -11"><span class='ocrx_word' id='word_1_195' title='bbox 429 2186 531 2230; x_wconf 87' lang='lat' dir='ltr'>partis</span> <span class='ocrx_word' id='word_1_196' title='bbox 557 2184 687 2228; x_wconf 87' lang='lat' dir='ltr'>capituli</span> <span class='ocrx_word' id='word_1_197' title='bbox 713 2183 954 2223; x_wconf 68' lang='lat' dir='ltr'>conventualis‚</span> <span class='ocrx_word' id='word_1_198' title='bbox 982 2188 1013 2215; x_wconf 89' lang='lat' dir='ltr'>et</span> <span class='ocrx_word' id='word_1_199' title='bbox 1040 2193 1169 2226; x_wconf 85' lang='lat' dir='ltr'>semper</span> 
     </span>
     <span class='ocr_line' id='line_1_40' title="bbox 430 2235 1169 2281; baseline -0.007 -9"><span class='ocrx_word' id='word_1_200' title='bbox 430 2240 464 2272; x_wconf 89' lang='lat' dir='ltr'>in</span> <span class='ocrx_word' id='word_1_201' title='bbox 489 2239 572 2277; x_wconf 85' lang='lat' dir='ltr'>libro</span> <span class='ocrx_word' id='word_1_202' title='bbox 608 2246 818 2281; x_wconf 84' lang='lat' dir='ltr'>expensarum</span> <span class='ocrx_word' id='word_1_203' title='bbox 850 2236 1010 2268; x_wconf 76' lang='lat' dir='ltr'>scribatur</span> <span class='ocrx_word' id='word_1_204' title='bbox 1043 2235 1169 2278; x_wconf 81' lang='lat' dir='ltr'>quanti-</span> 
     </span>
     <span class='ocr_line' id='line_1_41' title="bbox 432 2289 1170 2335; baseline -0.007 -10"><span class='ocrx_word' id='word_1_205' title='bbox 432 2298 480 2326; x_wconf 88' lang='lat' dir='ltr'>tas</span> <span class='ocrx_word' id='word_1_206' title='bbox 507 2298 538 2323; x_wconf 85' lang='lat' dir='ltr'>et</span> <span class='ocrx_word' id='word_1_207' title='bbox 564 2291 700 2335; x_wconf 76' lang='lat' dir='ltr'>qualitas</span> <span class='ocrx_word' id='word_1_208' title='bbox 736 2289 939 2322; x_wconf 88' lang='lat' dir='ltr'>venditorum</span> <span class='ocrx_word' id='word_1_209' title='bbox 969 2299 1025 2321; x_wconf 85' lang='lat' dir='ltr'>seu</span> <span class='ocrx_word' id='word_1_210' title='bbox 1050 2289 1170 2321; x_wconf 88' lang='lat' dir='ltr'>aliena-</span> 
     </span>
     <span class='ocr_line' id='line_1_42' title="bbox 432 2341 1170 2386; baseline -0.008 -7"><span class='ocrx_word' id='word_1_211' title='bbox 432 2352 552 2386; x_wconf 78' lang='lat' dir='ltr'>torum,</span> <span class='ocrx_word' id='word_1_212' title='bbox 573 2344 712 2377; x_wconf 79' lang='lat' dir='ltr'>etetiam</span> <span class='ocrx_word' id='word_1_213' title='bbox 726 2347 856 2375; x_wconf 82' lang='lat' dir='ltr'>notetur</span> <span class='ocrx_word' id='word_1_214' title='bbox 869 2341 901 2374; x_wconf 90' lang='lat' dir='ltr'>in</span> <span class='ocrx_word' id='word_1_215' title='bbox 918 2352 956 2374; x_wconf 90' lang='lat' dir='ltr'>eo</span> <span class='ocrx_word' id='word_1_216' title='bbox 972 2342 1075 2374; x_wconf 86' lang='lat' dir='ltr'>dictus</span> <span class='ocrx_word' id='word_1_217' title='bbox 1094 2352 1170 2374; x_wconf 87' lang='lat' dir='ltr'>eon-</span> 
     </span>
     <span class='ocr_line' id='line_1_43' title="bbox 433 2395 1170 2440; baseline -0.007 -8"><span class='ocrx_word' id='word_1_218' title='bbox 433 2409 546 2432; x_wconf 65' lang='lat' dir='ltr'>sensus</span> <span class='ocrx_word' id='word_1_219' title='bbox 572 2396 701 2440; x_wconf 85' lang='lat' dir='ltr'>capituli</span> <span class='ocrx_word' id='word_1_220' title='bbox 727 2395 958 2434; x_wconf 77' lang='lat' dir='ltr'>conventualis,</span> <span class='ocrx_word' id='word_1_221' title='bbox 976 2395 1105 2437; x_wconf 81' lang='lat' dir='ltr'>quando</span> <span class='ocrx_word' id='word_1_222' title='bbox 1125 2395 1170 2427; x_wconf 90' lang='lat' dir='ltr'>in-</span> 
     </span>
     <span class='ocr_line' id='line_1_44' title="bbox 434 2448 1170 2485; baseline -0.007 0"><span class='ocrx_word' id='word_1_223' title='bbox 434 2450 624 2485; x_wconf 71' lang='lat' dir='ltr'>tervenerit.</span> <span class='ocrx_word' id='word_1_224' title='bbox 658 2448 943 2483; x_wconf 86' lang='lat' dir='ltr'>Contravenientes</span> <span class='ocrx_word' id='word_1_225' title='bbox 974 2454 1080 2480; x_wconf 82' lang='lat' dir='ltr'>autem</span> <span class='ocrx_word' id='word_1_226' title='bbox 1109 2453 1170 2480; x_wconf 85' lang='lat' dir='ltr'>tam</span> 
     </span>
     <span class='ocr_line' id='line_1_45' title="bbox 433 2501 1171 2549; baseline -0.008 -10"><span class='ocrx_word' id='word_1_227' title='bbox 433 2506 487 2539; x_wconf 83' lang='lat' dir='ltr'>isti</span> <span class='ocrx_word' id='word_1_228' title='bbox 513 2515 609 2549; x_wconf 85' lang='lat' dir='ltr'>quam</span> <span class='ocrx_word' id='word_1_229' title='bbox 634 2501 842 2547; x_wconf 84' lang='lat' dir='ltr'>praecedenti</span> <span class='ocrx_word' id='word_1_230' title='bbox 868 2501 1099 2539; x_wconf 83' lang='lat' dir='ltr'>constitutioni,</span> <span class='ocrx_word' id='word_1_231' title='bbox 1122 2512 1171 2533; x_wconf 89' lang='lat' dir='ltr'>se-</span> 
     </span>
     <span class='ocr_line' id='line_1_46' title="bbox 435 2554 1171 2602; baseline -0.007 -10"><span class='ocrx_word' id='word_1_232' title='bbox 435 2570 509 2592; x_wconf 85' lang='lat' dir='ltr'>vere</span> <span class='ocrx_word' id='word_1_233' title='bbox 535 2557 713 2602; x_wconf 84' lang='lat' dir='ltr'>puniantur</span> <span class='ocrx_word' id='word_1_234' title='bbox 729 2556 768 2588; x_wconf 87' lang='lat' dir='ltr'>ad</span> <span class='ocrx_word' id='word_1_235' title='bbox 787 2554 954 2587; x_wconf 81' lang='lat' dir='ltr'>arbitrium</span> <span class='ocrx_word' id='word_1_236' title='bbox 980 2554 1080 2597; x_wconf 77' lang='lat' dir='ltr'>patris</span> <span class='ocrx_word' id='word_1_237' title='bbox 1097 2565 1171 2597; x_wconf 87' lang='lat' dir='ltr'>pro-</span> 
     </span>
     <span class='ocr_line' id='line_1_47' title="bbox 435 2608 1060 2654; baseline -0.008 -8"><span class='ocrx_word' id='word_1_238' title='bbox 435 2612 582 2646; x_wconf 90' lang='lat' dir='ltr'>vincialis</span> <span class='ocrx_word' id='word_1_239' title='bbox 607 2611 693 2644; x_wconf 80' lang='lat' dir='ltr'>iuxta</span> <span class='ocrx_word' id='word_1_240' title='bbox 718 2609 908 2654; x_wconf 83' lang='lat' dir='ltr'>qualitatem</span> <span class='ocrx_word' id='word_1_241' title='bbox 933 2608 1060 2653; x_wconf 83' lang='lat' dir='ltr'>eulpae.</span> 
     </span>
    </p>
   </div>
   <div class='ocr_carea' id='block_1_5' title="bbox 987 227 1343 254">
    <p class='ocr_par' dir='ltr' id='par_1_8' title="bbox 987 227 1343 254">
     <span class='ocr_line' id='line_1_48' title="bbox 987 227 1343 254; baseline -0.006 0"><span class='ocrx_word' id='word_1_242' title='bbox 987 227 1167 254; x_wconf 54' lang='lat' dir='ltr'>mummium</span> <span class='ocrx_word' id='word_1_243' title='bbox 1192 227 1343 252; x_wconf 65' lang='lat' dir='ltr'>notamini</span> 
     </span>
    </p>
   </div>
   <div class='ocr_carea' id='block_1_6' title="bbox 1184 1762 1196 2591">
    <p class='ocr_par' dir='ltr' id='par_1_9' title="bbox 1184 1762 1196 2591">
     <span class='ocr_line' id='line_1_49' title="bbox 1184 1762 1196 2591; baseline 0 0"><span class='ocrx_word' id='word_1_244' title='bbox 1184 1762 1196 2591; x_wconf 95' lang='lat' dir='ltr'> </span> 
     </span>
    </p>
   </div>
   <div class='ocr_carea' id='block_1_7' title="bbox 1188 273 1949 2652">
    <p class='ocr_par' dir='ltr' id='par_1_10' title="bbox 1188 273 1939 1533">
     <span class='ocr_line' id='line_1_50' title="bbox 1231 273 1924 307; baseline -0.001 -1"><span class='ocrx_word' id='word_1_245' title='bbox 1231 285 1272 307; x_wconf 83' lang='lat' dir='ltr'>xi.</span> <span class='ocrx_word' id='word_1_246' title='bbox 1301 275 1409 307; x_wconf 81' lang='lat' dir='ltr'>Patres</span> <span class='ocrx_word' id='word_1_247' title='bbox 1433 274 1570 307; x_wconf 82' lang='lat' dir='ltr'>ministri</span> <span class='ocrx_word' id='word_1_248' title='bbox 1597 273 1691 307; x_wconf 86' lang='lat' dir='ltr'>simul</span> <span class='ocrx_word' id='word_1_249' title='bbox 1717 284 1787 306; x_wconf 89' lang='lat' dir='ltr'>cum</span> <span class='ocrx_word' id='word_1_250' title='bbox 1817 273 1924 306; x_wconf 88' lang='lat' dir='ltr'>eonsi-</span> 
     </span>
     <span class='ocr_line' id='line_1_51' title="bbox 1188 327 1923 369; baseline -0.003 -10"><span class='ocrx_word' id='word_1_251' title='bbox 1188 327 1238 360; x_wconf 92' lang='lat' dir='ltr'>liis</span> <span class='ocrx_word' id='word_1_252' title='bbox 1254 327 1371 359; x_wconf 83' lang='lat' dir='ltr'>saciant</span> <span class='ocrx_word' id='word_1_253' title='bbox 1384 327 1544 360; x_wconf 88' lang='lat' dir='ltr'>rationmn</span> <span class='ocrx_word' id='word_1_254' title='bbox 1566 338 1707 359; x_wconf 87' lang='lat' dir='ltr'>summas</span> <span class='ocrx_word' id='word_1_255' title='bbox 1727 327 1836 369; x_wconf 78' lang='lat' dir='ltr'>(vulgo</span> <span class='ocrx_word' id='word_1_256' title='bbox 1855 336 1923 358; x_wconf 79' lang='lat' dir='ltr'>car-</span> 
     </span>
     <span class='ocr_line' id='line_1_52' title="bbox 1190 380 1923 422; baseline -0.003 -11"><span class='ocrx_word' id='word_1_257' title='bbox 1190 380 1385 422; x_wconf 73' lang='lat' dir='ltr'>taquensas)</span> <span class='ocrx_word' id='word_1_258' title='bbox 1418 383 1519 412; x_wconf 86' lang='lat' dir='ltr'>status</span> <span class='ocrx_word' id='word_1_259' title='bbox 1551 390 1684 412; x_wconf 86' lang='lat' dir='ltr'>suorum</span> <span class='ocrx_word' id='word_1_260' title='bbox 1709 382 1923 411; x_wconf 85' lang='lat' dir='ltr'>conventuum</span> 
     </span>
     <span class='ocr_line' id='line_1_53' title="bbox 1189 431 1925 474; baseline -0.004 -9"><span class='ocrx_word' id='word_1_261' title='bbox 1189 433 1237 465; x_wconf 89' lang='lat' dir='ltr'>vel</span> <span class='ocrx_word' id='word_1_262' title='bbox 1256 431 1479 474; x_wconf 80' lang='lat' dir='ltr'>collegiorum,</span> <span class='ocrx_word' id='word_1_263' title='bbox 1498 431 1690 464; x_wconf 89' lang='lat' dir='ltr'>inerementi</span> <span class='ocrx_word' id='word_1_264' title='bbox 1709 442 1833 470; x_wconf 89' lang='lat' dir='ltr'>eorum,</span> <span class='ocrx_word' id='word_1_265' title='bbox 1850 441 1925 473; x_wconf 89' lang='lat' dir='ltr'>pro-</span> 
     </span>
     <span class='ocr_line' id='line_1_54' title="bbox 1191 484 1923 526; baseline -0.003 -9"><span class='ocrx_word' id='word_1_266' title='bbox 1191 485 1337 525; x_wconf 79' lang='lat' dir='ltr'>visionis,</span> <span class='ocrx_word' id='word_1_267' title='bbox 1361 484 1553 523; x_wconf 84' lang='lat' dir='ltr'>debitorum,</span> <span class='ocrx_word' id='word_1_268' title='bbox 1574 484 1770 526; x_wconf 84' lang='lat' dir='ltr'>aliarumque</span> <span class='ocrx_word' id='word_1_269' title='bbox 1796 494 1923 523; x_wconf 89' lang='lat' dir='ltr'>rerum;</span> 
     </span>
     <span class='ocr_line' id='line_1_55' title="bbox 1192 535 1927 580; baseline -0.004 -10"><span class='ocrx_word' id='word_1_270' title='bbox 1192 538 1289 580; x_wconf 83' lang='lat' dir='ltr'>idque</span> <span class='ocrx_word' id='word_1_271' title='bbox 1308 542 1454 579; x_wconf 80' lang='lat' dir='ltr'>ternpore</span> <span class='ocrx_word' id='word_1_272' title='bbox 1473 542 1547 579; x_wconf 83' lang='lat' dir='ltr'>apto</span> <span class='ocrx_word' id='word_1_273' title='bbox 1569 535 1752 578; x_wconf 82' lang='lat' dir='ltr'>disponant,</span> <span class='ocrx_word' id='word_1_274' title='bbox 1772 535 1814 568; x_wconf 91' lang='lat' dir='ltr'>ita</span> <span class='ocrx_word' id='word_1_275' title='bbox 1831 540 1865 568; x_wconf 87' lang='lat' dir='ltr'>ut</span> <span class='ocrx_word' id='word_1_276' title='bbox 1882 535 1927 568; x_wconf 89' lang='lat' dir='ltr'>di-</span> 
     </span>
     <span class='ocr_line' id='line_1_56' title="bbox 1192 588 1928 627; baseline -0.004 -4"><span class='ocrx_word' id='word_1_277' title='bbox 1192 596 1261 623; x_wconf 88' lang='lat' dir='ltr'>ctae</span> <span class='ocrx_word' id='word_1_278' title='bbox 1279 591 1440 623; x_wconf 82' lang='lat' dir='ltr'>rationum</span> <span class='ocrx_word' id='word_1_279' title='bbox 1453 599 1605 627; x_wconf 87' lang='lat' dir='ltr'>summae,</span> <span class='ocrx_word' id='word_1_280' title='bbox 1624 600 1641 621; x_wconf 84' lang='lat' dir='ltr'>a</span> <span class='ocrx_word' id='word_1_281' title='bbox 1658 588 1806 621; x_wconf 85' lang='lat' dir='ltr'>ministro</span> <span class='ocrx_word' id='word_1_282' title='bbox 1825 589 1928 621; x_wconf 89' lang='lat' dir='ltr'>utrin-</span> 
     </span>
     <span class='ocr_line' id='line_1_57' title="bbox 1194 641 1928 687; baseline -0.004 -11"><span class='ocrx_word' id='word_1_283' title='bbox 1194 655 1256 687; x_wconf 77' lang='lat' dir='ltr'>que</span> <span class='ocrx_word' id='word_1_284' title='bbox 1271 648 1302 676; x_wconf 91' lang='lat' dir='ltr'>et</span> <span class='ocrx_word' id='word_1_285' title='bbox 1316 642 1508 676; x_wconf 81' lang='lat' dir='ltr'>consiliariis</span> <span class='ocrx_word' id='word_1_286' title='bbox 1523 641 1734 684; x_wconf 76' lang='lat' dir='ltr'>subscriptae,</span> <span class='ocrx_word' id='word_1_287' title='bbox 1751 641 1928 682; x_wconf 87' lang='lat' dir='ltr'>mittantur,</span> 
     </span>
     <span class='ocr_line' id='line_1_58' title="bbox 1194 693 1929 739; baseline -0.005 -10"><span class='ocrx_word' id='word_1_288' title='bbox 1194 702 1226 729; x_wconf 91' lang='lat' dir='ltr'>et</span> <span class='ocrx_word' id='word_1_289' title='bbox 1250 695 1441 739; x_wconf 87' lang='lat' dir='ltr'>perveniant</span> <span class='ocrx_word' id='word_1_290' title='bbox 1465 695 1559 727; x_wconf 89' lang='lat' dir='ltr'>simul</span> <span class='ocrx_word' id='word_1_291' title='bbox 1585 705 1657 727; x_wconf 86' lang='lat' dir='ltr'>cum</span> <span class='ocrx_word' id='word_1_292' title='bbox 1681 693 1766 727; x_wconf 87' lang='lat' dir='ltr'>libro</span> <span class='ocrx_word' id='word_1_293' title='bbox 1791 704 1847 727; x_wconf 90' lang='lat' dir='ltr'>seu</span> <span class='ocrx_word' id='word_1_294' title='bbox 1882 704 1929 726; x_wconf 88' lang='lat' dir='ltr'>ra-</span> 
     </span>
     <span class='ocr_line' id='line_1_59' title="bbox 1195 747 1930 782; baseline -0.003 0"><span class='ocrx_word' id='word_1_295' title='bbox 1195 750 1336 782; x_wconf 82' lang='lat' dir='ltr'>tionibus</span> <span class='ocrx_word' id='word_1_296' title='bbox 1363 749 1535 781; x_wconf 87' lang='lat' dir='ltr'>missarum</span> <span class='ocrx_word' id='word_1_297' title='bbox 1561 748 1599 781; x_wconf 88' lang='lat' dir='ltr'>ad</span> <span class='ocrx_word' id='word_1_298' title='bbox 1625 758 1739 780; x_wconf 89' lang='lat' dir='ltr'>manus</span> <span class='ocrx_word' id='word_1_299' title='bbox 1765 747 1930 780; x_wconf 84' lang='lat' dir='ltr'>secretarii</span> 
     </span>
     <span class='ocr_line' id='line_1_60' title="bbox 1195 799 1931 844; baseline -0.004 -9"><span class='ocrx_word' id='word_1_300' title='bbox 1195 802 1369 835; x_wconf 78' lang='lat' dir='ltr'>definitorii</span> <span class='ocrx_word' id='word_1_301' title='bbox 1395 800 1578 844; x_wconf 86' lang='lat' dir='ltr'>quindecim</span> <span class='ocrx_word' id='word_1_302' title='bbox 1610 799 1722 833; x_wconf 88' lang='lat' dir='ltr'>diebus</span> <span class='ocrx_word' id='word_1_303' title='bbox 1747 804 1819 832; x_wconf 88' lang='lat' dir='ltr'>ante</span> <span class='ocrx_word' id='word_1_304' title='bbox 1845 800 1931 843; x_wconf 85' lang='lat' dir='ltr'>capi-</span> 
     </span>
     <span class='ocr_line' id='line_1_61' title="bbox 1196 852 1932 897; baseline -0.003 -10"><span class='ocrx_word' id='word_1_305' title='bbox 1196 856 1297 888; x_wconf 90' lang='lat' dir='ltr'>tulum</span> <span class='ocrx_word' id='word_1_306' title='bbox 1323 855 1487 897; x_wconf 76' lang='lat' dir='ltr'>generale,</span> <span class='ocrx_word' id='word_1_307' title='bbox 1522 856 1556 886; x_wconf 83' lang='lat' dir='ltr'>ut.</span> <span class='ocrx_word' id='word_1_308' title='bbox 1579 853 1782 897; x_wconf 87' lang='lat' dir='ltr'>praedictum</span> <span class='ocrx_word' id='word_1_309' title='bbox 1819 852 1932 885; x_wconf 81' lang='lat' dir='ltr'>delini-</span> 
     </span>
     <span class='ocr_line' id='line_1_62' title="bbox 1197 906 1930 951; baseline -0.004 -10"><span class='ocrx_word' id='word_1_310' title='bbox 1197 909 1314 942; x_wconf 89' lang='lat' dir='ltr'>torium</span> <span class='ocrx_word' id='word_1_311' title='bbox 1340 913 1465 951; x_wconf 85' lang='lat' dir='ltr'>tempus</span> <span class='ocrx_word' id='word_1_312' title='bbox 1492 907 1611 939; x_wconf 85' lang='lat' dir='ltr'>habeat</span> <span class='ocrx_word' id='word_1_313' title='bbox 1628 906 1667 939; x_wconf 85' lang='lat' dir='ltr'>ad</span> <span class='ocrx_word' id='word_1_314' title='bbox 1693 917 1744 939; x_wconf 86' lang='lat' dir='ltr'>eas</span> <span class='ocrx_word' id='word_1_315' title='bbox 1763 906 1930 946; x_wconf 85' lang='lat' dir='ltr'>videndas;</span> 
     </span>
     <span class='ocr_line' id='line_1_63' title="bbox 1198 959 1931 1002; baseline -0.007 -7"><span class='ocrx_word' id='word_1_316' title='bbox 1198 963 1330 995; x_wconf 84' lang='lat' dir='ltr'>istarum</span> <span class='ocrx_word' id='word_1_317' title='bbox 1355 965 1462 992; x_wconf 85' lang='lat' dir='ltr'>autem</span> <span class='ocrx_word' id='word_1_318' title='bbox 1498 959 1590 1002; x_wconf 84' lang='lat' dir='ltr'>copia</span> <span class='ocrx_word' id='word_1_319' title='bbox 1631 964 1663 991; x_wconf 89' lang='lat' dir='ltr'>et</span> <span class='ocrx_word' id='word_1_320' title='bbox 1696 964 1931 1002; x_wconf 84' lang='lat' dir='ltr'>transumptum</span> 
     </span>
     <span class='ocr_line' id='line_1_64' title="bbox 1199 1011 1933 1055; baseline -0.005 -8"><span class='ocrx_word' id='word_1_321' title='bbox 1199 1015 1237 1047; x_wconf 91' lang='lat' dir='ltr'>de</span> <span class='ocrx_word' id='word_1_322' title='bbox 1262 1014 1361 1046; x_wconf 84' lang='lat' dir='ltr'>verbo</span> <span class='ocrx_word' id='word_1_323' title='bbox 1378 1013 1416 1045; x_wconf 87' lang='lat' dir='ltr'>ad</span> <span class='ocrx_word' id='word_1_324' title='bbox 1438 1012 1578 1052; x_wconf 85' lang='lat' dir='ltr'>verbum,</span> <span class='ocrx_word' id='word_1_325' title='bbox 1601 1012 1820 1055; x_wconf 88' lang='lat' dir='ltr'>subscriptum</span> <span class='ocrx_word' id='word_1_326' title='bbox 1839 1011 1933 1044; x_wconf 86' lang='lat' dir='ltr'>etiam</span> 
     </span>
     <span class='ocr_line' id='line_1_65' title="bbox 1199 1064 1936 1105; baseline -0.005 -5"><span class='ocrx_word' id='word_1_327' title='bbox 1199 1079 1214 1100; x_wconf 88' lang='lat' dir='ltr'>a</span> <span class='ocrx_word' id='word_1_328' title='bbox 1232 1067 1380 1100; x_wconf 88' lang='lat' dir='ltr'>ministro</span> <span class='ocrx_word' id='word_1_329' title='bbox 1397 1071 1428 1098; x_wconf 91' lang='lat' dir='ltr'>ct</span> <span class='ocrx_word' id='word_1_330' title='bbox 1448 1065 1652 1105; x_wconf 84' lang='lat' dir='ltr'>consiliariis,</span> <span class='ocrx_word' id='word_1_331' title='bbox 1668 1070 1796 1097; x_wconf 83' lang='lat' dir='ltr'>maneat</span> <span class='ocrx_word' id='word_1_332' title='bbox 1813 1064 1845 1097; x_wconf 92' lang='lat' dir='ltr'>in</span> <span class='ocrx_word' id='word_1_333' title='bbox 1863 1074 1936 1097; x_wconf 88' lang='lat' dir='ltr'>con-</span> 
     </span>
     <span class='ocr_line' id='line_1_66' title="bbox 1199 1118 1933 1161; baseline -0.005 -8"><span class='ocrx_word' id='word_1_334' title='bbox 1199 1125 1294 1153; x_wconf 87' lang='lat' dir='ltr'>ventu</span> <span class='ocrx_word' id='word_1_335' title='bbox 1311 1120 1342 1152; x_wconf 93' lang='lat' dir='ltr'>iu</span> <span class='ocrx_word' id='word_1_336' title='bbox 1361 1119 1446 1152; x_wconf 88' lang='lat' dir='ltr'>libro</span> <span class='ocrx_word' id='word_1_337' title='bbox 1468 1119 1622 1161; x_wconf 81' lang='lat' dir='ltr'>deputato</span> <span class='ocrx_word' id='word_1_338' title='bbox 1643 1118 1682 1150; x_wconf 87' lang='lat' dir='ltr'>ad</span> <span class='ocrx_word' id='word_1_339' title='bbox 1700 1118 1786 1150; x_wconf 88' lang='lat' dir='ltr'>hune</span> <span class='ocrx_word' id='word_1_340' title='bbox 1812 1122 1933 1150; x_wconf 88' lang='lat' dir='ltr'>tantum</span> 
     </span>
     <span class='ocr_line' id='line_1_67' title="bbox 1199 1171 1935 1215; baseline -0.007 -8"><span class='ocrx_word' id='word_1_341' title='bbox 1199 1173 1366 1213; x_wconf 72' lang='lat' dir='ltr'>effectum,</span> <span class='ocrx_word' id='word_1_342' title='bbox 1387 1172 1473 1215; x_wconf 88' lang='lat' dir='ltr'>quod</span> <span class='ocrx_word' id='word_1_343' title='bbox 1499 1172 1524 1204; x_wconf 90' lang='lat' dir='ltr'>si</span> <span class='ocrx_word' id='word_1_344' title='bbox 1551 1171 1665 1214; x_wconf 88' lang='lat' dir='ltr'>aliquis</span> <span class='ocrx_word' id='word_1_345' title='bbox 1690 1171 1838 1203; x_wconf 88' lang='lat' dir='ltr'>minister</span> <span class='ocrx_word' id='word_1_346' title='bbox 1857 1175 1935 1203; x_wconf 91' lang='lat' dir='ltr'>tem-</span> 
     </span>
     <span class='ocr_line' id='line_1_68' title="bbox 1201 1222 1936 1270; baseline -0.004 -12"><span class='ocrx_word' id='word_1_347' title='bbox 1201 1236 1277 1270; x_wconf 87' lang='lat' dir='ltr'>pore</span> <span class='ocrx_word' id='word_1_348' title='bbox 1303 1225 1389 1258; x_wconf 90' lang='lat' dir='ltr'>dicto</span> <span class='ocrx_word' id='word_1_349' title='bbox 1419 1230 1450 1257; x_wconf 86' lang='lat' dir='ltr'>et</span> <span class='ocrx_word' id='word_1_350' title='bbox 1481 1224 1695 1257; x_wconf 86' lang='lat' dir='ltr'>determinato</span> <span class='ocrx_word' id='word_1_351' title='bbox 1720 1234 1786 1256; x_wconf 91' lang='lat' dir='ltr'>non</span> <span class='ocrx_word' id='word_1_352' title='bbox 1811 1222 1936 1255; x_wconf 88' lang='lat' dir='ltr'>miserit</span> 
     </span>
     <span class='ocr_line' id='line_1_69' title="bbox 1201 1274 1937 1319; baseline -0.008 -7"><span class='ocrx_word' id='word_1_353' title='bbox 1201 1279 1318 1313; x_wconf 85' lang='lat' dir='ltr'>dietam</span> <span class='ocrx_word' id='word_1_354' title='bbox 1342 1277 1507 1317; x_wconf 86' lang='lat' dir='ltr'>rationem,</span> <span class='ocrx_word' id='word_1_355' title='bbox 1526 1275 1679 1319; x_wconf 85' lang='lat' dir='ltr'>puniatur</span> <span class='ocrx_word' id='word_1_356' title='bbox 1703 1276 1742 1308; x_wconf 89' lang='lat' dir='ltr'>ad</span> <span class='ocrx_word' id='word_1_357' title='bbox 1768 1274 1937 1308; x_wconf 90' lang='lat' dir='ltr'>arbitrium</span> 
     </span>
     <span class='ocr_line' id='line_1_70' title="bbox 1202 1328 1937 1371; baseline -0.007 -7"><span class='ocrx_word' id='word_1_358' title='bbox 1202 1331 1396 1371; x_wconf 83' lang='lat' dir='ltr'>definitorii;</span> <span class='ocrx_word' id='word_1_359' title='bbox 1423 1335 1455 1362; x_wconf 88' lang='lat' dir='ltr'>at</span> <span class='ocrx_word' id='word_1_360' title='bbox 1487 1340 1560 1362; x_wconf 89' lang='lat' dir='ltr'>vero</span> <span class='ocrx_word' id='word_1_361' title='bbox 1589 1328 1614 1361; x_wconf 90' lang='lat' dir='ltr'>si</span> <span class='ocrx_word' id='word_1_362' title='bbox 1640 1328 1747 1371; x_wconf 85' lang='lat' dir='ltr'>aliqua</span> <span class='ocrx_word' id='word_1_363' title='bbox 1777 1328 1937 1360; x_wconf 84' lang='lat' dir='ltr'>rationum</span> 
     </span>
     <span class='ocr_line' id='line_1_71' title="bbox 1201 1380 1939 1424; baseline -0.005 -7"><span class='ocrx_word' id='word_1_364' title='bbox 1201 1395 1323 1417; x_wconf 88' lang='lat' dir='ltr'>summa</span> <span class='ocrx_word' id='word_1_365' title='bbox 1348 1384 1430 1416; x_wconf 82' lang='lat' dir='ltr'>sacta</span> <span class='ocrx_word' id='word_1_366' title='bbox 1465 1382 1649 1415; x_wconf 85' lang='lat' dir='ltr'>inveniatur</span> <span class='ocrx_word' id='word_1_367' title='bbox 1681 1381 1803 1424; x_wconf 87' lang='lat' dir='ltr'>absque</span> <span class='ocrx_word' id='word_1_368' title='bbox 1829 1380 1939 1414; x_wconf 75' lang='lat' dir='ltr'>debita</span> 
     </span>
     <span class='ocr_line' id='line_1_72' title="bbox 1202 1434 1938 1478; baseline -0.003 -9"><span class='ocrx_word' id='word_1_369' title='bbox 1202 1438 1366 1478; x_wconf 64' lang='lat' dir='ltr'>fidelitate,</span> <span class='ocrx_word' id='word_1_370' title='bbox 1387 1436 1629 1470; x_wconf 83' lang='lat' dir='ltr'>subscribentes</span> <span class='ocrx_word' id='word_1_371' title='bbox 1649 1434 1765 1478; x_wconf 83' lang='lat' dir='ltr'>privati</span> <span class='ocrx_word' id='word_1_372' title='bbox 1780 1434 1844 1467; x_wconf 86' lang='lat' dir='ltr'>sint</span> <span class='ocrx_word' id='word_1_373' title='bbox 1860 1444 1938 1467; x_wconf 84' lang='lat' dir='ltr'>voce</span> 
     </span>
     <span class='ocr_line' id='line_1_73' title="bbox 1203 1492 1566 1533; baseline -0.011 -8"><span class='ocrx_word' id='word_1_374' title='bbox 1203 1497 1233 1525; x_wconf 86' lang='lat' dir='ltr'>et</span> <span class='ocrx_word' id='word_1_375' title='bbox 1257 1492 1328 1524; x_wconf 89' lang='lat' dir='ltr'>loco</span> <span class='ocrx_word' id='word_1_376' title='bbox 1354 1500 1413 1533; x_wconf 86' lang='lat' dir='ltr'>per</span> <span class='ocrx_word' id='word_1_377' title='bbox 1437 1499 1566 1522; x_wconf 86' lang='lat' dir='ltr'>annum.</span> 
     </span>
    </p>

    <p class='ocr_par' dir='ltr' id='par_1_11' title="bbox 1203 1540 1944 2122">
     <span class='ocr_line' id='line_1_74' title="bbox 1245 1540 1941 1583; baseline -0.004 -6"><span class='ocrx_word' id='word_1_378' title='bbox 1245 1555 1302 1577; x_wconf 66' lang='grc' dir='ltr'>ΧΠ.</span> <span class='ocrx_word' id='word_1_379' title='bbox 1330 1543 1474 1576; x_wconf 86' lang='lat' dir='ltr'>Minister</span> <span class='ocrx_word' id='word_1_380' title='bbox 1488 1547 1562 1575; x_wconf 88' lang='lat' dir='ltr'>ante</span> <span class='ocrx_word' id='word_1_381' title='bbox 1581 1541 1676 1574; x_wconf 77' lang='lat' dir='ltr'>finem</span> <span class='ocrx_word' id='word_1_382' title='bbox 1692 1541 1741 1574; x_wconf 87' lang='lat' dir='ltr'>sui</span> <span class='ocrx_word' id='word_1_383' title='bbox 1756 1540 1851 1574; x_wconf 81' lang='lat' dir='ltr'>officii</span> <span class='ocrx_word' id='word_1_384' title='bbox 1870 1551 1941 1583; x_wconf 91' lang='lat' dir='ltr'>pro-</span> 
     </span>
     <span class='ocr_line' id='line_1_75' title="bbox 1203 1594 1941 1637; baseline -0.007 -6"><span class='ocrx_word' id='word_1_385' title='bbox 1203 1598 1309 1631; x_wconf 86' lang='lat' dir='ltr'>videat</span> <span class='ocrx_word' id='word_1_386' title='bbox 1326 1596 1494 1630; x_wconf 87' lang='lat' dir='ltr'>conventui</span> <span class='ocrx_word' id='word_1_387' title='bbox 1510 1606 1565 1629; x_wconf 89' lang='lat' dir='ltr'>seu</span> <span class='ocrx_word' id='word_1_388' title='bbox 1583 1595 1722 1637; x_wconf 80' lang='lat' dir='ltr'>collegio</span> <span class='ocrx_word' id='word_1_389' title='bbox 1741 1605 1796 1627; x_wconf 90' lang='lat' dir='ltr'>suo</span> <span class='ocrx_word' id='word_1_390' title='bbox 1816 1594 1854 1627; x_wconf 91' lang='lat' dir='ltr'>de</span> <span class='ocrx_word' id='word_1_391' title='bbox 1872 1605 1941 1626; x_wconf 88' lang='lat' dir='ltr'>om-</span> 
     </span>
     <span class='ocr_line' id='line_1_76' title="bbox 1206 1647 1940 1690; baseline -0.007 -7"><span class='ocrx_word' id='word_1_392' title='bbox 1206 1650 1298 1683; x_wconf 88' lang='lat' dir='ltr'>nibus</span> <span class='ocrx_word' id='word_1_393' title='bbox 1324 1649 1421 1682; x_wconf 88' lang='lat' dir='ltr'>rebus</span> <span class='ocrx_word' id='word_1_394' title='bbox 1448 1647 1642 1681; x_wconf 86' lang='lat' dir='ltr'>necessariis</span> <span class='ocrx_word' id='word_1_395' title='bbox 1666 1657 1770 1690; x_wconf 88' lang='lat' dir='ltr'>usque</span> <span class='ocrx_word' id='word_1_396' title='bbox 1792 1647 1830 1679; x_wconf 89' lang='lat' dir='ltr'>ad</span> <span class='ocrx_word' id='word_1_397' title='bbox 1851 1657 1940 1679; x_wconf 86' lang='lat' dir='ltr'>men-</span> 
     </span>
     <span class='ocr_line' id='line_1_77' title="bbox 1205 1700 1942 1746; baseline -0.009 -8"><span class='ocrx_word' id='word_1_398' title='bbox 1205 1715 1273 1738; x_wconf 85' lang='lat' dir='ltr'>sem</span> <span class='ocrx_word' id='word_1_399' title='bbox 1298 1702 1491 1746; x_wconf 88' lang='lat' dir='ltr'>septembris</span> <span class='ocrx_word' id='word_1_400' title='bbox 1517 1700 1740 1734; x_wconf 86' lang='lat' dir='ltr'>immediatum</span> <span class='ocrx_word' id='word_1_401' title='bbox 1764 1704 1840 1743; x_wconf 89' lang='lat' dir='ltr'>post</span> <span class='ocrx_word' id='word_1_402' title='bbox 1856 1700 1942 1742; x_wconf 86' lang='lat' dir='ltr'>capi-</span> 
     </span>
     <span class='ocr_line' id='line_1_78' title="bbox 1206 1753 1942 1799; baseline -0.005 -9"><span class='ocrx_word' id='word_1_403' title='bbox 1206 1759 1305 1791; x_wconf 86' lang='lat' dir='ltr'>tulum</span> <span class='ocrx_word' id='word_1_404' title='bbox 1329 1756 1494 1799; x_wconf 81' lang='lat' dir='ltr'>generale,</span> <span class='ocrx_word' id='word_1_405' title='bbox 1523 1753 1769 1797; x_wconf 84' lang='lat' dir='ltr'>successorique</span> <span class='ocrx_word' id='word_1_406' title='bbox 1794 1753 1942 1786; x_wconf 83' lang='lat' dir='ltr'>ministro</span> 
     </span>
     <span class='ocr_line' id='line_1_79' title="bbox 1207 1807 1942 1852; baseline -0.008 -8"><span class='ocrx_word' id='word_1_407' title='bbox 1207 1822 1241 1844; x_wconf 88' lang='lat' dir='ltr'>ac</span> <span class='ocrx_word' id='word_1_408' title='bbox 1257 1809 1451 1844; x_wconf 84' lang='lat' dir='ltr'>consiliariis</span> <span class='ocrx_word' id='word_1_409' title='bbox 1469 1819 1527 1852; x_wconf 89' lang='lat' dir='ltr'>per</span> <span class='ocrx_word' id='word_1_410' title='bbox 1545 1807 1723 1840; x_wconf 85' lang='lat' dir='ltr'>inventaria</span> <span class='ocrx_word' id='word_1_411' title='bbox 1736 1812 1769 1839; x_wconf 90' lang='lat' dir='ltr'>et</span> <span class='ocrx_word' id='word_1_412' title='bbox 1783 1811 1942 1839; x_wconf 84' lang='lat' dir='ltr'>transum-</span> 
     </span>
     <span class='ocr_line' id='line_1_80' title="bbox 1207 1861 1941 1909; baseline -0.005 -12"><span class='ocrx_word' id='word_1_413' title='bbox 1207 1871 1308 1909; x_wconf 89' lang='lat' dir='ltr'>ptum,</span> <span class='ocrx_word' id='word_1_414' title='bbox 1337 1863 1375 1896; x_wconf 90' lang='lat' dir='ltr'>de</span> <span class='ocrx_word' id='word_1_415' title='bbox 1401 1873 1464 1906; x_wconf 91' lang='lat' dir='ltr'>quo</span> <span class='ocrx_word' id='word_1_416' title='bbox 1489 1862 1522 1894; x_wconf 92' lang='lat' dir='ltr'>in</span> <span class='ocrx_word' id='word_1_417' title='bbox 1547 1871 1683 1894; x_wconf 87' lang='lat' dir='ltr'>numero</span> <span class='ocrx_word' id='word_1_418' title='bbox 1709 1861 1941 1900; x_wconf 86' lang='lat' dir='ltr'>antecedente,</span> 
     </span>
     <span class='ocr_line' id='line_1_81' title="bbox 1206 1916 1943 1951; baseline -0.009 0"><span class='ocrx_word' id='word_1_419' title='bbox 1206 1919 1365 1951; x_wconf 89' lang='lat' dir='ltr'>rationem</span> <span class='ocrx_word' id='word_1_420' title='bbox 1389 1916 1503 1949; x_wconf 87' lang='lat' dir='ltr'>reddat</span> <span class='ocrx_word' id='word_1_421' title='bbox 1526 1919 1626 1948; x_wconf 86' lang='lat' dir='ltr'>status</span> <span class='ocrx_word' id='word_1_422' title='bbox 1644 1918 1822 1947; x_wconf 82' lang='lat' dir='ltr'>conventus</span> <span class='ocrx_word' id='word_1_423' title='bbox 1841 1918 1872 1946; x_wconf 89' lang='lat' dir='ltr'>et</span> <span class='ocrx_word' id='word_1_424' title='bbox 1889 1924 1943 1945; x_wconf 87' lang='lat' dir='ltr'>au-</span> 
     </span>
     <span class='ocr_line' id='line_1_82' title="bbox 1208 1967 1943 2015; baseline -0.008 -10"><span class='ocrx_word' id='word_1_425' title='bbox 1208 1971 1329 2015; x_wconf 76' lang='lat' dir='ltr'>gmenti</span> <span class='ocrx_word' id='word_1_426' title='bbox 1347 1971 1395 2003; x_wconf 88' lang='lat' dir='ltr'>vel</span> <span class='ocrx_word' id='word_1_427' title='bbox 1414 1968 1608 2008; x_wconf 87' lang='lat' dir='ltr'>detrimenti,</span> <span class='ocrx_word' id='word_1_428' title='bbox 1623 1973 1658 2000; x_wconf 89' lang='lat' dir='ltr'>ut</span> <span class='ocrx_word' id='word_1_429' title='bbox 1675 1967 1804 2000; x_wconf 90' lang='lat' dir='ltr'>noviter</span> <span class='ocrx_word' id='word_1_430' title='bbox 1821 1967 1943 1999; x_wconf 89' lang='lat' dir='ltr'>electus</span> 
     </span>
     <span class='ocr_line' id='line_1_83' title="bbox 1208 2020 1944 2065; baseline -0.01 -7"><span class='ocrx_word' id='word_1_431' title='bbox 1208 2025 1353 2058; x_wconf 88' lang='lat' dir='ltr'>minister</span> <span class='ocrx_word' id='word_1_432' title='bbox 1376 2023 1456 2056; x_wconf 87' lang='lat' dir='ltr'>sciat</span> <span class='ocrx_word' id='word_1_433' title='bbox 1480 2022 1564 2065; x_wconf 88' lang='lat' dir='ltr'>quod</span> <span class='ocrx_word' id='word_1_434' title='bbox 1590 2021 1631 2054; x_wconf 87' lang='lat' dir='ltr'>sit</span> <span class='ocrx_word' id='word_1_435' title='bbox 1655 2020 1687 2052; x_wconf 90' lang='lat' dir='ltr'>in</span> <span class='ocrx_word' id='word_1_436' title='bbox 1712 2024 1883 2060; x_wconf 88' lang='lat' dir='ltr'>conventu,</span> <span class='ocrx_word' id='word_1_437' title='bbox 1913 2024 1944 2052; x_wconf 87' lang='lat' dir='ltr'>et</span> 
     </span>
     <span class='ocr_line' id='line_1_84' title="bbox 1208 2074 1541 2122; baseline -0.012 -12"><span class='ocrx_word' id='word_1_438' title='bbox 1208 2077 1285 2122; x_wconf 83' lang='lat' dir='ltr'>quid</span> <span class='ocrx_word' id='word_1_439' title='bbox 1309 2076 1369 2120; x_wconf 90' lang='lat' dir='ltr'>ipsi</span> <span class='ocrx_word' id='word_1_440' title='bbox 1395 2074 1541 2108; x_wconf 84' lang='lat' dir='ltr'>traditur.</span> 
     </span>
    </p>

    <p class='ocr_par' dir='ltr' id='par_1_12' title="bbox 1210 2125 1947 2491">
     <span class='ocr_line' id='line_1_85' title="bbox 1251 2125 1945 2163; baseline -0.009 0"><span class='ocrx_word' id='word_1_441' title='bbox 1251 2141 1321 2163; x_wconf 82' lang='lat' dir='ltr'>xm.</span> <span class='ocrx_word' id='word_1_442' title='bbox 1348 2129 1492 2162; x_wconf 85' lang='lat' dir='ltr'>Minister</span> <span class='ocrx_word' id='word_1_443' title='bbox 1516 2137 1580 2160; x_wconf 89' lang='lat' dir='ltr'>non</span> <span class='ocrx_word' id='word_1_444' title='bbox 1606 2125 1711 2159; x_wconf 89' lang='lat' dir='ltr'>socius</span> <span class='ocrx_word' id='word_1_445' title='bbox 1739 2125 1772 2158; x_wconf 91' lang='lat' dir='ltr'>in</span> <span class='ocrx_word' id='word_1_446' title='bbox 1793 2135 1851 2158; x_wconf 89' lang='lat' dir='ltr'>suo</span> <span class='ocrx_word' id='word_1_447' title='bbox 1869 2135 1945 2158; x_wconf 85' lang='lat' dir='ltr'>con-</span> 
     </span>
     <span class='ocr_line' id='line_1_86' title="bbox 1211 2181 1944 2223; baseline -0.008 -6"><span class='ocrx_word' id='word_1_448' title='bbox 1211 2189 1308 2218; x_wconf 89' lang='lat' dir='ltr'>ventu</span> <span class='ocrx_word' id='word_1_449' title='bbox 1332 2184 1381 2216; x_wconf 93' lang='lat' dir='ltr'>vel</span> <span class='ocrx_word' id='word_1_450' title='bbox 1406 2181 1544 2223; x_wconf 73' lang='lat' dir='ltr'>collegio</span> <span class='ocrx_word' id='word_1_451' title='bbox 1568 2184 1696 2212; x_wconf 87' lang='lat' dir='ltr'>maneat</span> <span class='ocrx_word' id='word_1_452' title='bbox 1720 2183 1866 2222; x_wconf 85' lang='lat' dir='ltr'>tempore</span> <span class='ocrx_word' id='word_1_453' title='bbox 1895 2190 1944 2211; x_wconf 84' lang='lat' dir='ltr'>ca-</span> 
     </span>
     <span class='ocr_line' id='line_1_87' title="bbox 1210 2233 1942 2282; baseline -0.01 -12"><span class='ocrx_word' id='word_1_454' title='bbox 1210 2237 1304 2282; x_wconf 88' lang='lat' dir='ltr'>pituli</span> <span class='ocrx_word' id='word_1_455' title='bbox 1330 2235 1508 2279; x_wconf 78' lang='lat' dir='ltr'>generalis,</span> <span class='ocrx_word' id='word_1_456' title='bbox 1533 2238 1566 2266; x_wconf 89' lang='lat' dir='ltr'>et</span> <span class='ocrx_word' id='word_1_457' title='bbox 1590 2233 1682 2266; x_wconf 90' lang='lat' dir='ltr'>illum</span> <span class='ocrx_word' id='word_1_458' title='bbox 1708 2237 1801 2275; x_wconf 80' lang='lat' dir='ltr'>regat</span> <span class='ocrx_word' id='word_1_459' title='bbox 1825 2238 1857 2264; x_wconf 87' lang='lat' dir='ltr'>et</span> <span class='ocrx_word' id='word_1_460' title='bbox 1881 2243 1942 2275; x_wconf 79' lang='lat' dir='ltr'>gu-</span> 
     </span>
     <span class='ocr_line' id='line_1_88' title="bbox 1210 2285 1947 2329; baseline -0.009 -5"><span class='ocrx_word' id='word_1_461' title='bbox 1210 2293 1333 2329; x_wconf 87' lang='lat' dir='ltr'>bernet,</span> <span class='ocrx_word' id='word_1_462' title='bbox 1360 2300 1396 2322; x_wconf 82' lang='lat' dir='ltr'>ae</span> <span class='ocrx_word' id='word_1_463' title='bbox 1420 2288 1452 2320; x_wconf 90' lang='lat' dir='ltr'>in</span> <span class='ocrx_word' id='word_1_464' title='bbox 1477 2298 1514 2320; x_wconf 89' lang='lat' dir='ltr'>eo</span> <span class='ocrx_word' id='word_1_465' title='bbox 1539 2285 1732 2329; x_wconf 87' lang='lat' dir='ltr'>praesideat,</span> <span class='ocrx_word' id='word_1_466' title='bbox 1753 2285 1848 2318; x_wconf 87' lang='lat' dir='ltr'>etiam</span> <span class='ocrx_word' id='word_1_467' title='bbox 1873 2290 1947 2328; x_wconf 88' lang='lat' dir='ltr'>post</span> 
     </span>
     <span class='ocr_line' id='line_1_89' title="bbox 1212 2339 1946 2388; baseline -0.01 -11"><span class='ocrx_word' id='word_1_468' title='bbox 1212 2344 1395 2388; x_wconf 81' lang='lat' dir='ltr'>capitulum,</span> <span class='ocrx_word' id='word_1_469' title='bbox 1408 2342 1512 2374; x_wconf 88' lang='lat' dir='ltr'>donec</span> <span class='ocrx_word' id='word_1_470' title='bbox 1529 2351 1628 2372; x_wconf 87' lang='lat' dir='ltr'>novus</span> <span class='ocrx_word' id='word_1_471' title='bbox 1642 2339 1789 2372; x_wconf 89' lang='lat' dir='ltr'>minister</span> <span class='ocrx_word' id='word_1_472' title='bbox 1803 2339 1946 2379; x_wconf 85' lang='lat' dir='ltr'>accedat,</span> 
     </span>
     <span class='ocr_line' id='line_1_90' title="bbox 1212 2391 1947 2441; baseline -0.008 -11"><span class='ocrx_word' id='word_1_473' title='bbox 1212 2395 1515 2441; x_wconf 83' lang='lat' dir='ltr'>possessionemque</span> <span class='ocrx_word' id='word_1_474' title='bbox 1541 2392 1687 2436; x_wconf 87' lang='lat' dir='ltr'>accipiat,</span> <span class='ocrx_word' id='word_1_475' title='bbox 1707 2391 1769 2424; x_wconf 89' lang='lat' dir='ltr'>nisi</span> <span class='ocrx_word' id='word_1_476' title='bbox 1793 2391 1877 2424; x_wconf 88' lang='lat' dir='ltr'>aliud</span> <span class='ocrx_word' id='word_1_477' title='bbox 1899 2391 1947 2425; x_wconf 92' lang='lat' dir='ltr'>illi</span> 
     </span>
     <span class='ocr_line' id='line_1_91' title="bbox 1212 2451 1373 2491; baseline -0.019 -8"><span class='ocrx_word' id='word_1_478' title='bbox 1212 2451 1373 2491; x_wconf 81' lang='lat' dir='ltr'>iubeatur.</span> 
     </span>
    </p>

    <p class='ocr_par' dir='ltr' id='par_1_13' title="bbox 1214 2497 1949 2652">
     <span class='ocr_line' id='line_1_92' title="bbox 1255 2497 1947 2543; baseline -0.009 -7"><span class='ocrx_word' id='word_1_479' title='bbox 1255 2512 1319 2536; x_wconf 82' lang='lat' dir='ltr'>x1V.</span> <span class='ocrx_word' id='word_1_480' title='bbox 1346 2500 1492 2543; x_wconf 87' lang='lat' dir='ltr'>Denique</span> <span class='ocrx_word' id='word_1_481' title='bbox 1511 2498 1680 2532; x_wconf 83' lang='lat' dir='ltr'>statuimus</span> <span class='ocrx_word' id='word_1_482' title='bbox 1699 2498 1796 2541; x_wconf 87' lang='lat' dir='ltr'>quod,</span> <span class='ocrx_word' id='word_1_483' title='bbox 1819 2497 1947 2541; x_wconf 87' lang='lat' dir='ltr'>quando</span> 
     </span>
     <span class='ocr_line' id='line_1_93' title="bbox 1214 2550 1948 2599; baseline -0.004 -11"><span class='ocrx_word' id='word_1_484' title='bbox 1214 2560 1305 2599; x_wconf 89' lang='lat' dir='ltr'>pater</span> <span class='ocrx_word' id='word_1_485' title='bbox 1322 2553 1483 2597; x_wconf 81' lang='lat' dir='ltr'>generalis</span> <span class='ocrx_word' id='word_1_486' title='bbox 1498 2552 1546 2584; x_wconf 85' lang='lat' dir='ltr'>vel</span> <span class='ocrx_word' id='word_1_487' title='bbox 1564 2550 1781 2585; x_wconf 77' lang='lat' dir='ltr'>definitorium</span> <span class='ocrx_word' id='word_1_488' title='bbox 1800 2552 1948 2595; x_wconf 80' lang='lat' dir='ltr'>designa-</span> 
     </span>
     <span class='ocr_line' id='line_1_94' title="bbox 1215 2605 1949 2652; baseline 0 -11"><span class='ocrx_word' id='word_1_489' title='bbox 1215 2608 1296 2642; x_wconf 88' lang='lat' dir='ltr'>verit</span> <span class='ocrx_word' id='word_1_490' title='bbox 1311 2606 1452 2652; x_wconf 86' lang='lat' dir='ltr'>aliquem</span> <span class='ocrx_word' id='word_1_491' title='bbox 1472 2606 1505 2638; x_wconf 85' lang='lat' dir='ltr'>iu</span> <span class='ocrx_word' id='word_1_492' title='bbox 1522 2605 1708 2650; x_wconf 85' lang='lat' dir='ltr'>praesidem</span> <span class='ocrx_word' id='word_1_493' title='bbox 1725 2605 1857 2639; x_wconf 86' lang='lat' dir='ltr'>alicuius</span> <span class='ocrx_word' id='word_1_494' title='bbox 1874 2616 1949 2641; x_wconf 81' lang='lat' dir='ltr'>cou-</span> 
     </span>
    </p>
   </div>
   <div class='ocr_carea' id='block_1_8' title="bbox 1926 222 2115 253">
    <p class='ocr_par' dir='ltr' id='par_1_14' title="bbox 1926 222 2115 253">
     <span class='ocr_line' id='line_1_95' title="bbox 1926 222 2115 253; baseline -0.016 0"><span class='ocrx_word' id='word_1_495' title='bbox 1926 223 1979 253; x_wconf 71' lang='lat' dir='ltr'>An.</span> <span class='ocrx_word' id='word_1_496' title='bbox 1995 222 2024 251; x_wconf 90' lang='lat' dir='ltr'>C.</span> <span class='ocrx_word' id='word_1_497' title='bbox 2048 222 2115 251; x_wconf 79' lang='lat'>1676</span> 
     </span>
    </p>
   </div>
  </div>
 </body>
</html>
