<?xml version="1.0" encoding="UTF-8"?>
<!DOCTYPE html PUBLIC "-//W3C//DTD XHTML 1.0 Transitional//EN"
    "http://www.w3.org/TR/xhtml1/DTD/xhtml1-transitional.dtd">
<html xmlns="http://www.w3.org/1999/xhtml" xml:lang="en" lang="en">
 <head>
  <title>
</title>
<meta http-equiv="Content-Type" content="text/html;charset=utf-8" />
  <meta name='ocr-system' content='tesseract 3.04.00' />
  <meta name='ocr-capabilities' content='ocr_page ocr_carea ocr_par ocr_line ocrx_word'/>
</head>
<body>
  <div class='ocr_page' id='page_1' title='image "./bullarumdiplomat18cath_0332.png"; bbox 0 0 2279 3260; ppageno 0'>
   <div class='ocr_carea' id='block_1_1' title="bbox 219 238 400 265">
    <p class='ocr_par' dir='ltr' id='par_1_1' title="bbox 219 238 400 265">
     <span class='ocr_line' id='line_1_1' title="bbox 219 238 400 265; baseline 0.006 -1"><span class='ocrx_word' id='word_1_1' title='bbox 219 239 268 264; x_wconf 86' lang='grc' dir='ltr'>Λιι.</span> <span class='ocrx_word' id='word_1_2' title='bbox 285 238 314 264; x_wconf 91' lang='lat' dir='ltr'>C.</span> <span class='ocrx_word' id='word_1_3' title='bbox 338 239 400 265; x_wconf 73' lang='lat'><strong>167¹</strong></span> 
     </span>
    </p>
   </div>
   <div class='ocr_carea' id='block_1_2' title="bbox 207 1559 392 1634">
    <p class='ocr_par' dir='ltr' id='par_1_2' title="bbox 207 1559 392 1634">
     <span class='ocr_line' id='line_1_2' title="bbox 256 1559 392 1578; baseline -0.015 -1"><span class='ocrx_word' id='word_1_4' title='bbox 256 1559 392 1578; x_wconf 38' lang='lat' dir='ltr'>‹ithai-rati..-</span> 
     </span>
     <span class='ocr_line' id='line_1_3' title="bbox 208 1591 390 1609; baseline 0 -5"><span class='ocrx_word' id='word_1_5' title='bbox 208 1591 254 1604; x_wconf 65' lang='grc' dir='ltr'>ηἰιι</span> <span class='ocrx_word' id='word_1_6' title='bbox 294 1591 390 1609; x_wconf 61' lang='lat' dir='ltr'>pia-›wn-</span> 
     </span>
     <span class='ocr_line' id='line_1_4' title="bbox 207 1612 373 1634; baseline 0 -4"><span class='ocrx_word' id='word_1_7' title='bbox 207 1614 257 1630; x_wconf 76' lang='lat' dir='ltr'>timu</span> <span class='ocrx_word' id='word_1_8' title='bbox 274 1612 357 1631; x_wconf 65' lang='lat' dir='ltr'>inan-lat</span> <span class='ocrx_word' id='word_1_9' title='bbox 369 1627 373 1634; x_wconf 79' lang='lat'>,</span> 
     </span>
    </p>
   </div>
   <div class='ocr_carea' id='block_1_3' title="bbox 206 1925 388 1972">
    <p class='ocr_par' dir='ltr' id='par_1_3' title="bbox 206 1925 388 1972">
     <span class='ocr_line' id='line_1_5' title="bbox 232 1925 388 1951; baseline 0 -6"><span class='ocrx_word' id='word_1_10' title='bbox 232 1925 315 1951; x_wconf 66' lang='lat' dir='ltr'>quue</span> <span class='ocrx_word' id='word_1_11' title='bbox 324 1925 388 1946; x_wconf 74' lang='lat' dir='ltr'>iurari</span> 
     </span>
     <span class='ocr_line' id='line_1_6' title="bbox 206 1951 292 1972; baseline 0.012 -1"><span class='ocrx_word' id='word_1_12' title='bbox 206 1951 292 1972; x_wconf 64' lang='lat' dir='ltr'>debaro.</span> 
     </span>
    </p>
   </div>
   <div class='ocr_carea' id='block_1_4' title="bbox 408 229 1146 958">
    <p class='ocr_par' dir='ltr' id='par_1_4' title="bbox 408 229 1146 958">
     <span class='ocr_line' id='line_1_7' title="bbox 451 229 515 263; baseline -0.016 0"><span class='ocrx_word' id='word_1_13' title='bbox 451 229 515 263; x_wconf 62' lang='lat'>⁶294</span> 
     </span>
     <span class='ocr_line' id='line_1_8' title="bbox 412 287 1143 330; baseline 0.001 -11"><span class='ocrx_word' id='word_1_14' title='bbox 412 287 557 327; x_wconf 79' lang='lat' dir='ltr'>nasterii,</span> <span class='ocrx_word' id='word_1_15' title='bbox 582 288 645 320; x_wconf 80' lang='lat' dir='ltr'>sive</span> <span class='ocrx_word' id='word_1_16' title='bbox 673 288 790 320; x_wconf 85' lang='lat' dir='ltr'>suerint</span> <span class='ocrx_word' id='word_1_17' title='bbox 814 300 849 321; x_wconf 75' lang='lat' dir='ltr'>ex</span> <span class='ocrx_word' id='word_1_18' title='bbox 876 289 1036 327; x_wconf 83' lang='lat' dir='ltr'>domibus,</span> <span class='ocrx_word' id='word_1_19' title='bbox 1062 299 1143 330; x_wconf 84' lang='lat' dir='ltr'>quae</span> 
     </span>
     <span class='ocr_line' id='line_1_9' title="bbox 411 341 1145 384; baseline 0.001 -13"><span class='ocrx_word' id='word_1_20' title='bbox 411 341 507 382; x_wconf 80' lang='lat' dir='ltr'>vulgo</span> <span class='ocrx_word' id='word_1_21' title='bbox 522 347 748 384; x_wconf 78' lang='lat' dir='ltr'>nuncupantur</span> <span class='ocrx_word' id='word_1_22' title='bbox 762 342 923 381; x_wconf 70' lang='lat' dir='ltr'>matris-es,</span> <span class='ocrx_word' id='word_1_23' title='bbox 941 342 1006 373; x_wconf 81' lang='lat' dir='ltr'>sive</span> <span class='ocrx_word' id='word_1_24' title='bbox 1025 351 1059 373; x_wconf 69' lang='lat' dir='ltr'>ex</span> <span class='ocrx_word' id='word_1_25' title='bbox 1076 341 1145 373; x_wconf 84' lang='lat' dir='ltr'>aliis</span> 
     </span>
     <span class='ocr_line' id='line_1_10' title="bbox 412 392 1145 435; baseline -0.001 -11"><span class='ocrx_word' id='word_1_26' title='bbox 412 393 616 425; x_wconf 82' lang='lat' dir='ltr'>monasteriis</span> <span class='ocrx_word' id='word_1_27' title='bbox 641 394 744 426; x_wconf 78' lang='lat' dir='ltr'>dictae</span> <span class='ocrx_word' id='word_1_28' title='bbox 770 393 1036 435; x_wconf 69' lang='lat' dir='ltr'>Congregationis</span> <span class='ocrx_word' id='word_1_29' title='bbox 1053 419 1060 432; x_wconf 89' lang='lat'>,</span> <span class='ocrx_word' id='word_1_30' title='bbox 1091 392 1145 434; x_wconf 91' lang='lat' dir='ltr'>qui</span> 
     </span>
     <span class='ocr_line' id='line_1_11' title="bbox 413 444 1145 488; baseline -0.003 -11"><span class='ocrx_word' id='word_1_31' title='bbox 413 444 536 477; x_wconf 84' lang='lat' dir='ltr'>habiles</span> <span class='ocrx_word' id='word_1_32' title='bbox 576 445 639 477; x_wconf 85' lang='lat' dir='ltr'>siut</span> <span class='ocrx_word' id='word_1_33' title='bbox 673 446 938 488; x_wconf 58' lang='lat' dir='ltr'>com‘litiouesque</span> <span class='ocrx_word' id='word_1_34' title='bbox 976 444 1145 487; x_wconf 85' lang='lat' dir='ltr'>requisitas</span> 
     </span>
     <span class='ocr_line' id='line_1_12' title="bbox 412 497 1146 539; baseline 0.001 -11"><span class='ocrx_word' id='word_1_35' title='bbox 412 497 497 530; x_wconf 76' lang='lat' dir='ltr'>iuxta</span> <span class='ocrx_word' id='word_1_36' title='bbox 521 499 609 539; x_wconf 63' lang='lat' dir='ltr'>leges</span> <span class='ocrx_word' id='word_1_37' title='bbox 634 499 779 530; x_wconf 77' lang='lat' dir='ltr'>eiusdem</span> <span class='ocrx_word' id='word_1_38' title='bbox 802 497 1064 539; x_wconf 69' lang='lat' dir='ltr'>Cougregatiouis</span> <span class='ocrx_word' id='word_1_39' title='bbox 1091 498 1146 529; x_wconf 84' lang='lat' dir='ltr'>lia-</span> 
     </span>
     <span class='ocr_line' id='line_1_13' title="bbox 411 550 1146 592; baseline -0.001 -10"><span class='ocrx_word' id='word_1_40' title='bbox 411 550 517 589; x_wconf 84' lang='lat' dir='ltr'>heant,</span> <span class='ocrx_word' id='word_1_41' title='bbox 533 551 592 582; x_wconf 87' lang='lat' dir='ltr'>sibi</span> <span class='ocrx_word' id='word_1_42' title='bbox 609 551 708 583; x_wconf 80' lang='lat' dir='ltr'>libere</span> <span class='ocrx_word' id='word_1_43' title='bbox 728 550 876 582; x_wconf 78' lang='lat' dir='ltr'>abbatem</span> <span class='ocrx_word' id='word_1_44' title='bbox 894 551 1026 591; x_wconf 69' lang='lat' dir='ltr'>eligant,</span> <span class='ocrx_word' id='word_1_45' title='bbox 1043 550 1146 592; x_wconf 87' lang='lat' dir='ltr'>prior-</span> 
     </span>
     <span class='ocr_line' id='line_1_14' title="bbox 411 602 1144 645; baseline -0.001 -11"><span class='ocrx_word' id='word_1_46' title='bbox 411 614 474 645; x_wconf 87' lang='lat' dir='ltr'>que</span> <span class='ocrx_word' id='word_1_47' title='bbox 493 608 543 634; x_wconf 89' lang='lat' dir='ltr'>aut</span> <span class='ocrx_word' id='word_1_48' title='bbox 560 603 730 635; x_wconf 88' lang='lat' dir='ltr'>conventui</span> <span class='ocrx_word' id='word_1_49' title='bbox 746 602 935 645; x_wconf 70' lang='lat' dir='ltr'>praesidens</span> <span class='ocrx_word' id='word_1_50' title='bbox 952 602 1144 634; x_wconf 87' lang='lat' dir='ltr'>electionem</span> 
     </span>
     <span class='ocr_line' id='line_1_15' title="bbox 412 654 1146 687; baseline 0 -1"><span class='ocrx_word' id='word_1_51' title='bbox 412 655 523 687; x_wconf 80' lang='lat' dir='ltr'>saetam</span> <span class='ocrx_word' id='word_1_52' title='bbox 541 654 697 686; x_wconf 81' lang='lat' dir='ltr'>canonice</span> <span class='ocrx_word' id='word_1_53' title='bbox 712 654 894 685; x_wconf 77' lang='lat' dir='ltr'>contirmet.</span> <span class='ocrx_word' id='word_1_54' title='bbox 911 654 941 685; x_wconf 79' lang='lat' dir='ltr'>Si</span> <span class='ocrx_word' id='word_1_55' title='bbox 956 660 1060 685; x_wconf 86' lang='lat' dir='ltr'>autem</span> <span class='ocrx_word' id='word_1_56' title='bbox 1079 665 1146 686; x_wconf 89' lang='lat' dir='ltr'>mo-</span> 
     </span>
     <span class='ocr_line' id='line_1_16' title="bbox 410 706 1143 749; baseline -0.001 -10"><span class='ocrx_word' id='word_1_57' title='bbox 410 708 534 739; x_wconf 72' lang='lat' dir='ltr'>nachus</span> <span class='ocrx_word' id='word_1_58' title='bbox 552 706 668 749; x_wconf 89' lang='lat' dir='ltr'>aliquis</span> <span class='ocrx_word' id='word_1_59' title='bbox 688 717 823 749; x_wconf 65' lang='lat' dir='ltr'>peregre</span> <span class='ocrx_word' id='word_1_60' title='bbox 844 707 1006 748; x_wconf 79' lang='lat' dir='ltr'>profectus</span> <span class='ocrx_word' id='word_1_61' title='bbox 1021 707 1071 747; x_wconf 74' lang='lat' dir='ltr'>sit,</span> <span class='ocrx_word' id='word_1_62' title='bbox 1090 707 1143 749; x_wconf 91' lang='lat' dir='ltr'>qui</span> 
     </span>
     <span class='ocr_line' id='line_1_17' title="bbox 410 758 1144 801; baseline 0.001 -11"><span class='ocrx_word' id='word_1_63' title='bbox 410 758 594 801; x_wconf 72' lang='lat' dir='ltr'>suffragium</span> <span class='ocrx_word' id='word_1_64' title='bbox 617 764 647 790; x_wconf 88' lang='lat' dir='ltr'>et</span> <span class='ocrx_word' id='word_1_65' title='bbox 664 770 774 790; x_wconf 71' lang='lat' dir='ltr'>vocem</span> <span class='ocrx_word' id='word_1_66' title='bbox 795 759 928 791; x_wconf 72' lang='lat' dir='ltr'>activam</span> <span class='ocrx_word' id='word_1_67' title='bbox 947 759 1074 798; x_wconf 82' lang='lat' dir='ltr'>habeat,</span> <span class='ocrx_word' id='word_1_68' title='bbox 1096 760 1144 791; x_wconf 87' lang='lat' dir='ltr'>vel</span> 
     </span>
     <span class='ocr_line' id='line_1_18' title="bbox 409 811 1145 854; baseline 0.001 -10"><span class='ocrx_word' id='word_1_69' title='bbox 409 813 504 853; x_wconf 86' lang='lat' dir='ltr'>longe</span> <span class='ocrx_word' id='word_1_70' title='bbox 523 822 539 842; x_wconf 86' lang='lat' dir='ltr'>a</span> <span class='ocrx_word' id='word_1_71' title='bbox 556 811 755 843; x_wconf 78' lang='lat' dir='ltr'>monasterio</span> <span class='ocrx_word' id='word_1_72' title='bbox 782 812 877 852; x_wconf 63' lang='lat' dir='ltr'>degat</span> <span class='ocrx_word' id='word_1_73' title='bbox 893 821 949 854; x_wconf 85' lang='lat' dir='ltr'>pro</span> <span class='ocrx_word' id='word_1_74' title='bbox 975 812 1064 843; x_wconf 85' lang='lat' dir='ltr'>suudi</span> <span class='ocrx_word' id='word_1_75' title='bbox 1082 822 1145 845; x_wconf 87' lang='lat' dir='ltr'>mo-</span> 
     </span>
     <span class='ocr_line' id='line_1_19' title="bbox 408 864 1143 907; baseline 0 -11"><span class='ocrx_word' id='word_1_76' title='bbox 408 864 540 896; x_wconf 87' lang='lat' dir='ltr'>nasterii</span> <span class='ocrx_word' id='word_1_77' title='bbox 556 864 699 896; x_wconf 81' lang='lat' dir='ltr'>eiusdem</span> <span class='ocrx_word' id='word_1_78' title='bbox 715 864 1004 904; x_wconf 60' lang='lat' dir='ltr'>adfflixisti-atione,</span> <span class='ocrx_word' id='word_1_79' title='bbox 1015 864 1067 907; x_wconf 88' lang='lat' dir='ltr'>qui</span> <span class='ocrx_word' id='word_1_80' title='bbox 1078 876 1143 907; x_wconf 83' lang='lat' dir='ltr'>spa-</span> 
     </span>
     <span class='ocr_line' id='line_1_20' title="bbox 409 916 1144 958; baseline 0.001 -11"><span class='ocrx_word' id='word_1_81' title='bbox 409 916 452 948; x_wconf 87' lang='lat' dir='ltr'>tio</span> <span class='ocrx_word' id='word_1_82' title='bbox 477 916 718 958; x_wconf 83' lang='lat' dir='ltr'>praedictorum</span> <span class='ocrx_word' id='word_1_83' title='bbox 744 916 880 948; x_wconf 90' lang='lat' dir='ltr'>duorum</span> <span class='ocrx_word' id='word_1_84' title='bbox 907 916 1030 949; x_wconf 91' lang='lat' dir='ltr'>dierum</span> <span class='ocrx_word' id='word_1_85' title='bbox 1056 923 1144 949; x_wconf 89' lang='lat' dir='ltr'>natu-</span> 
     </span>
    </p>
   </div>
   <div class='ocr_carea' id='block_1_5' title="bbox 407 968 1161 1011">
    <p class='ocr_par' dir='ltr' id='par_1_5' title="bbox 407 968 1161 1011">
     <span class='ocr_line' id='line_1_21' title="bbox 407 968 1161 1011; baseline 0.003 -11"><span class='ocrx_word' id='word_1_86' title='bbox 407 968 523 1001; x_wconf 89' lang='lat' dir='ltr'>ralium</span> <span class='ocrx_word' id='word_1_87' title='bbox 542 979 607 1001; x_wconf 91' lang='lat' dir='ltr'>non</span> <span class='ocrx_word' id='word_1_88' title='bbox 628 969 729 1011; x_wconf 80' lang='lat' dir='ltr'>possit</span> <span class='ocrx_word' id='word_1_89' title='bbox 749 969 905 1002; x_wconf 80' lang='lat' dir='ltr'>interesse</span> <span class='ocrx_word' id='word_1_90' title='bbox 924 970 1086 1010; x_wconf 89' lang='lat' dir='ltr'>electioni,</span> <span class='ocrx_word' id='word_1_91' title='bbox 1105 971 1161 1008; x_wconf 35' lang='lat' dir='ltr'>ad-</span> 
     </span>
    </p>
   </div>
   <div class='ocr_carea' id='block_1_6' title="bbox 403 1021 1143 1529">
    <p class='ocr_par' dir='ltr' id='par_1_6' title="bbox 403 1021 1143 1529">
     <span class='ocr_line' id='line_1_22' title="bbox 406 1021 1140 1064; baseline 0.003 -11"><span class='ocrx_word' id='word_1_92' title='bbox 406 1021 508 1064; x_wconf 87' lang='lat' dir='ltr'>ipsam</span> <span class='ocrx_word' id='word_1_93' title='bbox 544 1022 740 1054; x_wconf 69' lang='lat' dir='ltr'><strong>electionem</strong></span> <span class='ocrx_word' id='word_1_94' title='bbox 774 1022 879 1054; x_wconf 73' lang='lat' dir='ltr'>vocari</span> <span class='ocrx_word' id='word_1_95' title='bbox 914 1033 979 1055; x_wconf 90' lang='lat' dir='ltr'>uon</span> <span class='ocrx_word' id='word_1_96' title='bbox 1012 1024 1140 1055; x_wconf 84' lang='lat' dir='ltr'>debeat.</span> 
     </span>
     <span class='ocr_line' id='line_1_23' title="bbox 405 1073 1143 1117; baseline 0.004 -12"><span class='ocrx_word' id='word_1_97' title='bbox 405 1073 466 1106; x_wconf 85' lang='lat' dir='ltr'>Sed</span> <span class='ocrx_word' id='word_1_98' title='bbox 481 1073 588 1106; x_wconf 89' lang='lat' dir='ltr'>statim</span> <span class='ocrx_word' id='word_1_99' title='bbox 603 1074 718 1107; x_wconf 82' lang='lat' dir='ltr'>electio</span> <span class='ocrx_word' id='word_1_100' title='bbox 739 1073 793 1106; x_wconf 81' lang='lat' dir='ltr'>siat</span> <span class='ocrx_word' id='word_1_101' title='bbox 810 1074 891 1106; x_wconf 87' lang='lat' dir='ltr'>intra</span> <span class='ocrx_word' id='word_1_102' title='bbox 909 1075 1048 1117; x_wconf 79' lang='lat' dir='ltr'>spatium</span> <span class='ocrx_word' id='word_1_103' title='bbox 1069 1077 1143 1108; x_wconf 89' lang='lat' dir='ltr'>duo-</span> 
     </span>
     <span class='ocr_line' id='line_1_24' title="bbox 406 1126 1141 1160; baseline 0.001 -2"><span class='ocrx_word' id='word_1_104' title='bbox 406 1137 476 1158; x_wconf 89' lang='lat' dir='ltr'>rum</span> <span class='ocrx_word' id='word_1_105' title='bbox 502 1126 627 1158; x_wconf 87' lang='lat' dir='ltr'>dierum</span> <span class='ocrx_word' id='word_1_106' title='bbox 654 1127 845 1159; x_wconf 84' lang='lat' dir='ltr'>naturalium</span> <span class='ocrx_word' id='word_1_107' title='bbox 871 1128 910 1159; x_wconf 90' lang='lat' dir='ltr'>ab</span> <span class='ocrx_word' id='word_1_108' title='bbox 936 1127 999 1160; x_wconf 90' lang='lat' dir='ltr'>illis</span> <span class='ocrx_word' id='word_1_109' title='bbox 1032 1138 1141 1160; x_wconf 87' lang='lat' dir='ltr'>mona-</span> 
     </span>
     <span class='ocr_line' id='line_1_25' title="bbox 405 1177 1141 1222; baseline 0.001 -11"><span class='ocrx_word' id='word_1_110' title='bbox 405 1179 475 1211; x_wconf 87' lang='lat' dir='ltr'>chis</span> <span class='ocrx_word' id='word_1_111' title='bbox 488 1180 767 1218; x_wconf 70' lang='lat' dir='ltr'>conventualibus,</span> <span class='ocrx_word' id='word_1_112' title='bbox 781 1177 834 1222; x_wconf 84' lang='lat' dir='ltr'>qui</span> <span class='ocrx_word' id='word_1_113' title='bbox 850 1179 933 1212; x_wconf 88' lang='lat' dir='ltr'>intra</span> <span class='ocrx_word' id='word_1_114' title='bbox 944 1179 1141 1222; x_wconf 80' lang='lat' dir='ltr'>praedictum</span> 
     </span>
     <span class='ocr_line' id='line_1_26' title="bbox 405 1231 1143 1275; baseline 0.001 -12"><span class='ocrx_word' id='word_1_115' title='bbox 405 1232 543 1275; x_wconf 88' lang='lat' dir='ltr'>spatium</span> <span class='ocrx_word' id='word_1_116' title='bbox 564 1231 595 1263; x_wconf 92' lang='lat' dir='ltr'>in</span> <span class='ocrx_word' id='word_1_117' title='bbox 621 1231 818 1263; x_wconf 84' lang='lat' dir='ltr'>monasterio</span> <span class='ocrx_word' id='word_1_118' title='bbox 847 1232 965 1263; x_wconf 75' lang='lat' dir='ltr'>suerint</span> <span class='ocrx_word' id='word_1_119' title='bbox 989 1243 1143 1274; x_wconf 85' lang='lat' dir='ltr'>praesen—</span> 
     </span>
     <span class='ocr_line' id='line_1_27' title="bbox 404 1284 1142 1327; baseline 0 -11"><span class='ocrx_word' id='word_1_120' title='bbox 404 1291 464 1317; x_wconf 81' lang='lat' dir='ltr'>tes.</span> <span class='ocrx_word' id='word_1_121' title='bbox 485 1284 514 1316; x_wconf 86' lang='lat' dir='ltr'>Si</span> <span class='ocrx_word' id='word_1_122' title='bbox 534 1295 609 1317; x_wconf 89' lang='lat' dir='ltr'>vero</span> <span class='ocrx_word' id='word_1_123' title='bbox 628 1284 711 1316; x_wconf 85' lang='lat' dir='ltr'>intra</span> <span class='ocrx_word' id='word_1_124' title='bbox 728 1284 883 1327; x_wconf 76' lang='lat' dir='ltr'>praedicti</span> <span class='ocrx_word' id='word_1_125' title='bbox 902 1285 1053 1327; x_wconf 57' lang='lat' dir='ltr'>temporis</span> <span class='ocrx_word' id='word_1_126' title='bbox 1071 1296 1142 1327; x_wconf 88' lang='lat' dir='ltr'>spa—</span> 
     </span>
     <span class='ocr_line' id='line_1_28' title="bbox 405 1338 1142 1370; baseline -0.001 0"><span class='ocrx_word' id='word_1_127' title='bbox 405 1338 482 1370; x_wconf 83' lang='lat' dir='ltr'>tium</span> <span class='ocrx_word' id='word_1_128' title='bbox 507 1338 606 1370; x_wconf 78' lang='lat' dir='ltr'>abbas</span> <span class='ocrx_word' id='word_1_129' title='bbox 631 1339 755 1370; x_wconf 84' lang='lat' dir='ltr'>electus</span> <span class='ocrx_word' id='word_1_130' title='bbox 780 1349 845 1370; x_wconf 90' lang='lat' dir='ltr'>non</span> <span class='ocrx_word' id='word_1_131' title='bbox 872 1338 965 1370; x_wconf 85' lang='lat' dir='ltr'>suerit</span> <span class='ocrx_word' id='word_1_132' title='bbox 991 1350 1008 1370; x_wconf 83' lang='lat' dir='ltr'>a</span> <span class='ocrx_word' id='word_1_133' title='bbox 1032 1349 1142 1370; x_wconf 87' lang='lat' dir='ltr'>mona-</span> 
     </span>
     <span class='ocr_line' id='line_1_29' title="bbox 403 1389 1141 1434; baseline 0.001 -12"><span class='ocrx_word' id='word_1_134' title='bbox 403 1389 472 1423; x_wconf 88' lang='lat' dir='ltr'>cbis</span> <span class='ocrx_word' id='word_1_135' title='bbox 498 1391 762 1423; x_wconf 68' lang='lat' dir='ltr'>conventualibus</span> <span class='ocrx_word' id='word_1_136' title='bbox 788 1391 991 1430; x_wconf 76' lang='lat' dir='ltr'>monasterii,</span> <span class='ocrx_word' id='word_1_137' title='bbox 1019 1392 1057 1423; x_wconf 89' lang='lat' dir='ltr'>ad</span> <span class='ocrx_word' id='word_1_138' title='bbox 1088 1402 1141 1434; x_wconf 75' lang='lat' dir='ltr'>gc-</span> 
     </span>
     <span class='ocr_line' id='line_1_30' title="bbox 404 1443 1140 1486; baseline 0.001 -11"><span class='ocrx_word' id='word_1_139' title='bbox 404 1444 546 1476; x_wconf 85' lang='lat' dir='ltr'>neralem</span> <span class='ocrx_word' id='word_1_140' title='bbox 573 1444 817 1476; x_wconf 69' lang='lat' dir='ltr'>reformatorem</span> <span class='ocrx_word' id='word_1_141' title='bbox 844 1443 986 1486; x_wconf 80' lang='lat' dir='ltr'>provisio</span> <span class='ocrx_word' id='word_1_142' title='bbox 1015 1444 1140 1476; x_wconf 85' lang='lat' dir='ltr'>abbatis</span> 
     </span>
     <span class='ocr_line' id='line_1_31' title="bbox 405 1497 973 1529; baseline 0 -1"><span class='ocrx_word' id='word_1_143' title='bbox 405 1497 549 1529; x_wconf 77' lang='lat' dir='ltr'>eiuslem</span> <span class='ocrx_word' id='word_1_144' title='bbox 571 1497 759 1529; x_wconf 84' lang='lat' dir='ltr'>monasterii</span> <span class='ocrx_word' id='word_1_145' title='bbox 779 1497 973 1529; x_wconf 59' lang='lat' dir='ltr'>devolvatur.</span> 
     </span>
    </p>
   </div>
   <div class='ocr_carea' id='block_1_7' title="bbox 447 1548 1919 1645">
    <p class='ocr_par' dir='ltr' id='par_1_7' title="bbox 447 1548 1919 1645">
     <span class='ocr_line' id='line_1_32' title="bbox 447 1548 1161 1597; baseline 0.003 -18"><span class='ocrx_word' id='word_1_146' title='bbox 447 1549 461 1590; x_wconf 65' lang='grc' dir='ltr'>ξ</span> <span class='ocrx_word' id='word_1_147' title='bbox 497 1548 527 1580; x_wconf 76' lang='grc'>6.</span> <span class='ocrx_word' id='word_1_148' title='bbox 562 1548 709 1581; x_wconf 88' lang='lat' dir='ltr'>Ceterum</span> <span class='ocrx_word' id='word_1_149' title='bbox 742 1549 767 1581; x_wconf 88' lang='lat' dir='ltr'>si</span> <span class='ocrx_word' id='word_1_150' title='bbox 802 1549 873 1591; x_wconf 85' lang='lat' dir='ltr'>quis</span> <span class='ocrx_word' id='word_1_151' title='bbox 907 1550 1161 1597; x_wconf 71' lang='lat' dir='ltr'>monachorum]</span> 
     </span>
     <span class='ocr_line' id='line_1_33' title="bbox 1160 1602 1919 1645; baseline 0.005 -11"><span class='ocrx_word' id='word_1_152' title='bbox 1160 1602 1161 1611; x_wconf 64' lang='lat'>¹</span> <span class='ocrx_word' id='word_1_153' title='bbox 1182 1603 1397 1635; x_wconf 81' lang='lat' dir='ltr'>nasteriorum</span> <span class='ocrx_word' id='word_1_154' title='bbox 1423 1614 1479 1635; x_wconf 87' lang='lat' dir='ltr'>seu</span> <span class='ocrx_word' id='word_1_155' title='bbox 1505 1603 1717 1645; x_wconf 77' lang='lat' dir='ltr'>collegiorum</span> <span class='ocrx_word' id='word_1_156' title='bbox 1744 1610 1775 1637; x_wconf 92' lang='lat' dir='ltr'>et</span> <span class='ocrx_word' id='word_1_157' title='bbox 1791 1604 1919 1638; x_wconf 87' lang='lat' dir='ltr'>Ordinis</span> 
     </span>
    </p>
   </div>
   <div class='ocr_carea' id='block_1_8' title="bbox 401 1600 1140 1750">
    <p class='ocr_par' dir='ltr' id='par_1_8' title="bbox 401 1600 1140 1750">
     <span class='ocr_line' id='line_1_34' title="bbox 402 1600 1140 1644; baseline 0 -10"><span class='ocrx_word' id='word_1_158' title='bbox 402 1600 670 1643; x_wconf 78' lang='lat' dir='ltr'>Congregationis</span> <span class='ocrx_word' id='word_1_159' title='bbox 695 1601 883 1644; x_wconf 75' lang='lat' dir='ltr'>praediCtae</span> <span class='ocrx_word' id='word_1_160' title='bbox 917 1608 1026 1633; x_wconf 77' lang='lat' dir='ltr'>contra</span> <span class='ocrx_word' id='word_1_161' title='bbox 1051 1613 1140 1644; x_wconf 84' lang='lat' dir='ltr'>prae-</span> 
     </span>
     <span class='ocr_line' id='line_1_35' title="bbox 401 1654 1140 1697; baseline 0.003 -12"><span class='ocrx_word' id='word_1_162' title='bbox 401 1654 542 1686; x_wconf 90' lang='lat' dir='ltr'>sentium</span> <span class='ocrx_word' id='word_1_163' title='bbox 566 1654 746 1686; x_wconf 85' lang='lat' dir='ltr'>litterarum</span> <span class='ocrx_word' id='word_1_164' title='bbox 775 1654 1020 1696; x_wconf 70' lang='lat' dir='ltr'>dispositionem</span> <span class='ocrx_word' id='word_1_165' title='bbox 1047 1655 1140 1697; x_wconf 85' lang='lat' dir='ltr'>quid-</span> 
     </span>
     <span class='ocr_line' id='line_1_36' title="bbox 401 1707 1136 1750; baseline 0.003 -12"><span class='ocrx_word' id='word_1_166' title='bbox 401 1717 495 1749; x_wconf 84' lang='lat' dir='ltr'>quam</span> <span class='ocrx_word' id='word_1_167' title='bbox 511 1707 614 1739; x_wconf 81' lang='lat' dir='ltr'>facere</span> <span class='ocrx_word' id='word_1_168' title='bbox 630 1708 678 1739; x_wconf 83' lang='lat' dir='ltr'>vel</span> <span class='ocrx_word' id='word_1_169' title='bbox 692 1712 850 1739; x_wconf 86' lang='lat' dir='ltr'>attentare</span> <span class='ocrx_word' id='word_1_170' title='bbox 868 1708 1136 1750; x_wconf 70' lang='lat' dir='ltr'>praesumpserit,</span> 
     </span>
    </p>
   </div>
   <div class='ocr_carea' id='block_1_9' title="bbox 400 1759 1160 1803">
    <p class='ocr_par' dir='ltr' id='par_1_9' title="bbox 400 1759 1160 1803">
     <span class='ocr_line' id='line_1_37' title="bbox 400 1759 1160 1803; baseline 0.003 -13"><span class='ocrx_word' id='word_1_171' title='bbox 400 1770 537 1801; x_wconf 89' lang='lat' dir='ltr'>poenam</span> <span class='ocrx_word' id='word_1_172' title='bbox 557 1759 745 1801; x_wconf 80' lang='lat' dir='ltr'>piivationis</span> <span class='ocrx_word' id='word_1_173' title='bbox 763 1759 849 1792; x_wconf 78' lang='lat' dir='ltr'>vocis</span> <span class='ocrx_word' id='word_1_174' title='bbox 869 1760 989 1792; x_wconf 71' lang='lat' dir='ltr'>activae</span> <span class='ocrx_word' id='word_1_175' title='bbox 1016 1766 1046 1792; x_wconf 87' lang='lat' dir='ltr'>et</span> <span class='ocrx_word' id='word_1_176' title='bbox 1066 1771 1138 1803; x_wconf 86' lang='lat' dir='ltr'>pas-</span> <span class='ocrx_word' id='word_1_177' title='bbox 1159 1775 1160 1782; x_wconf 42' lang='grc' dir='ltr'>ι</span> 
     </span>
    </p>
   </div>
   <div class='ocr_carea' id='block_1_10' title="bbox 397 1811 1137 2434">
    <p class='ocr_par' dir='ltr' id='par_1_10' title="bbox 397 1811 1137 2434">
     <span class='ocr_line' id='line_1_38' title="bbox 401 1811 1137 1855; baseline 0.005 -13"><span class='ocrx_word' id='word_1_178' title='bbox 401 1811 486 1843; x_wconf 90' lang='lat' dir='ltr'>sivae</span> <span class='ocrx_word' id='word_1_179' title='bbox 520 1822 558 1844; x_wconf 89' lang='lat' dir='ltr'>eo</span> <span class='ocrx_word' id='word_1_180' title='bbox 590 1812 659 1854; x_wconf 88' lang='lat' dir='ltr'>ipso</span> <span class='ocrx_word' id='word_1_181' title='bbox 685 1812 805 1855; x_wconf 87' lang='lat' dir='ltr'>absque</span> <span class='ocrx_word' id='word_1_182' title='bbox 832 1813 894 1845; x_wconf 74' lang='lat' dir='ltr'>alia</span> <span class='ocrx_word' id='word_1_183' title='bbox 920 1813 1137 1846; x_wconf 72' lang='lat' dir='ltr'>declaratione</span> 
     </span>
     <span class='ocr_line' id='line_1_39' title="bbox 401 1864 1082 1899; baseline 0.004 -3"><span class='ocrx_word' id='word_1_184' title='bbox 401 1875 435 1896; x_wconf 85' lang='lat' dir='ltr'>se</span> <span class='ocrx_word' id='word_1_185' title='bbox 461 1864 586 1897; x_wconf 89' lang='lat' dir='ltr'>noverit</span> <span class='ocrx_word' id='word_1_186' title='bbox 611 1865 825 1898; x_wconf 86' lang='lat' dir='ltr'>incursurum.</span> <span class='ocrx_word' id='word_1_187' title='bbox 1079 1898 1082 1899; x_wconf 13' lang='grc' dir='ltr'><em>γ</em></span> 
     </span>
     <span class='ocr_line' id='line_1_40' title="bbox 445 1917 1135 1958; baseline 0.006 -10"><span class='ocrx_word' id='word_1_188' title='bbox 445 1917 597 1949; x_wconf 73' lang='lat' dir='ltr'>Volumus</span> <span class='ocrx_word' id='word_1_189' title='bbox 622 1923 748 1958; x_wconf 85' lang='lat' dir='ltr'>autem,</span> <span class='ocrx_word' id='word_1_190' title='bbox 776 1924 807 1950; x_wconf 85' lang='lat' dir='ltr'>et</span> <span class='ocrx_word' id='word_1_191' title='bbox 838 1919 920 1951; x_wconf 75' lang='lat' dir='ltr'>dieta</span> <span class='ocrx_word' id='word_1_192' title='bbox 945 1919 1135 1953; x_wconf 82' lang='lat' dir='ltr'>auctoritate</span> 
     </span>
     <span class='ocr_line' id='line_1_41' title="bbox 399 1969 1137 2015; baseline 0.003 -13"><span class='ocrx_word' id='word_1_193' title='bbox 399 1969 629 2012; x_wconf 79' lang='lat' dir='ltr'>praecipimus,</span> <span class='ocrx_word' id='word_1_194' title='bbox 647 1975 681 2002; x_wconf 88' lang='lat' dir='ltr'>ut</span> <span class='ocrx_word' id='word_1_195' title='bbox 706 1971 737 2002; x_wconf 93' lang='lat' dir='ltr'>in</span> <span class='ocrx_word' id='word_1_196' title='bbox 763 1971 909 2012; x_wconf 75' lang='lat' dir='ltr'>proxime</span> <span class='ocrx_word' id='word_1_197' title='bbox 929 1972 1036 2004; x_wconf 76' lang='lat' dir='ltr'>futuro</span> <span class='ocrx_word' id='word_1_198' title='bbox 1053 1973 1137 2015; x_wconf 88' lang='lat' dir='ltr'>capi-</span> 
     </span>
     <span class='ocr_line' id='line_1_42' title="bbox 399 2024 1135 2067; baseline 0.005 -14"><span class='ocrx_word' id='word_1_199' title='bbox 399 2025 467 2056; x_wconf 86' lang='lat' dir='ltr'>tulo</span> <span class='ocrx_word' id='word_1_200' title='bbox 485 2024 626 2065; x_wconf 80' lang='lat' dir='ltr'>generali</span> <span class='ocrx_word' id='word_1_201' title='bbox 648 2030 843 2056; x_wconf 72' lang='lat' dir='ltr'>memoratae</span> <span class='ocrx_word' id='word_1_202' title='bbox 867 2024 1135 2067; x_wconf 73' lang='lat' dir='ltr'>Congregationis</span> 
     </span>
     <span class='ocr_line' id='line_1_43' title="bbox 397 2076 1134 2121; baseline 0.003 -13"><span class='ocrx_word' id='word_1_203' title='bbox 397 2087 509 2109; x_wconf 87' lang='lat' dir='ltr'>omnes</span> <span class='ocrx_word' id='word_1_204' title='bbox 526 2076 730 2118; x_wconf 76' lang='lat' dir='ltr'>capitulares,</span> <span class='ocrx_word' id='word_1_205' title='bbox 747 2082 921 2120; x_wconf 64' lang='lat' dir='ltr'>antespiam</span> <span class='ocrx_word' id='word_1_206' title='bbox 939 2079 977 2110; x_wconf 86' lang='lat' dir='ltr'>ad</span> <span class='ocrx_word' id='word_1_207' title='bbox 996 2078 1134 2121; x_wconf 78' lang='lat' dir='ltr'>aliquam</span> 
     </span>
     <span class='ocr_line' id='line_1_44' title="bbox 397 2129 1135 2173; baseline 0.003 -12"><span class='ocrx_word' id='word_1_208' title='bbox 397 2129 589 2161; x_wconf 79' lang='lat' dir='ltr'>electionem</span> <span class='ocrx_word' id='word_1_209' title='bbox 617 2129 806 2170; x_wconf 80' lang='lat' dir='ltr'>procedant,</span> <span class='ocrx_word' id='word_1_210' title='bbox 827 2129 932 2162; x_wconf 83' lang='lat' dir='ltr'>iurent</span> <span class='ocrx_word' id='word_1_211' title='bbox 957 2141 1054 2173; x_wconf 90' lang='lat' dir='ltr'>super</span> <span class='ocrx_word' id='word_1_212' title='bbox 1068 2142 1135 2163; x_wconf 82' lang='lat' dir='ltr'>san-</span> 
     </span>
     <span class='ocr_line' id='line_1_45' title="bbox 397 2181 1135 2223; baseline 0.003 -10"><span class='ocrx_word' id='word_1_213' title='bbox 397 2187 447 2213; x_wconf 89' lang='lat' dir='ltr'>cta</span> <span class='ocrx_word' id='word_1_214' title='bbox 473 2181 528 2214; x_wconf 81' lang='lat' dir='ltr'>Dei</span> <span class='ocrx_word' id='word_1_215' title='bbox 560 2181 732 2223; x_wconf 79' lang='lat' dir='ltr'>Evangelia</span> <span class='ocrx_word' id='word_1_216' title='bbox 769 2181 940 2214; x_wconf 73' lang='lat' dir='ltr'>observare</span> <span class='ocrx_word' id='word_1_217' title='bbox 972 2183 1079 2215; x_wconf 84' lang='lat' dir='ltr'>onmia</span> <span class='ocrx_word' id='word_1_218' title='bbox 1104 2188 1135 2215; x_wconf 87' lang='lat' dir='ltr'>et</span> 
     </span>
     <span class='ocr_line' id='line_1_46' title="bbox 398 2234 1134 2276; baseline 0.003 -11"><span class='ocrx_word' id='word_1_219' title='bbox 398 2234 525 2276; x_wconf 76' lang='lat' dir='ltr'>singula</span> <span class='ocrx_word' id='word_1_220' title='bbox 557 2244 616 2276; x_wconf 86' lang='lat' dir='ltr'>per</span> <span class='ocrx_word' id='word_1_221' title='bbox 647 2239 835 2276; x_wconf 72' lang='lat' dir='ltr'>praesentes</span> <span class='ocrx_word' id='word_1_222' title='bbox 867 2234 989 2267; x_wconf 74' lang='lat' dir='ltr'>litteras</span> <span class='ocrx_word' id='word_1_223' title='bbox 1015 2240 1134 2268; x_wconf 82' lang='lat' dir='ltr'>statuta</span> 
     </span>
     <span class='ocr_line' id='line_1_47' title="bbox 399 2282 1133 2329; baseline 0.001 -10"><span class='ocrx_word' id='word_1_224' title='bbox 399 2291 431 2319; x_wconf 87' lang='lat' dir='ltr'>et</span> <span class='ocrx_word' id='word_1_225' title='bbox 455 2286 617 2327; x_wconf 69' lang='lat' dir='ltr'>ordinata,</span> <span class='ocrx_word' id='word_1_226' title='bbox 644 2286 799 2329; x_wconf 79' lang='lat' dir='ltr'>ipsaeque</span> <span class='ocrx_word' id='word_1_227' title='bbox 814 2282 1024 2329; x_wconf 47' lang='lat' dir='ltr'>&amp;praesentes</span> <span class='ocrx_word' id='word_1_228' title='bbox 1049 2288 1133 2320; x_wconf 85' lang='lat' dir='ltr'>litte-</span> 
     </span>
     <span class='ocr_line' id='line_1_48' title="bbox 398 2338 1130 2381; baseline 0.003 -11"><span class='ocrx_word' id='word_1_229' title='bbox 398 2349 451 2372; x_wconf 82' lang='lat' dir='ltr'>rae</span> <span class='ocrx_word' id='word_1_230' title='bbox 468 2340 549 2371; x_wconf 80' lang='lat' dir='ltr'>inter</span> <span class='ocrx_word' id='word_1_231' title='bbox 565 2338 769 2371; x_wconf 51' lang='lat' dir='ltr'>definitiones</span> <span class='ocrx_word' id='word_1_232' title='bbox 790 2339 907 2371; x_wconf 84' lang='lat' dir='ltr'>iuratas</span> <span class='ocrx_word' id='word_1_233' title='bbox 924 2340 1130 2381; x_wconf 82' lang='lat' dir='ltr'>collocentur,</span> 
     </span>
     <span class='ocr_line' id='line_1_49' title="bbox 397 2391 1131 2434; baseline 0 -9"><span class='ocrx_word' id='word_1_234' title='bbox 397 2397 429 2425; x_wconf 88' lang='lat' dir='ltr'>et</span> <span class='ocrx_word' id='word_1_235' title='bbox 453 2392 483 2423; x_wconf 91' lang='lat' dir='ltr'>in</span> <span class='ocrx_word' id='word_1_236' title='bbox 515 2391 648 2434; x_wconf 74' lang='lat' dir='ltr'>singulis</span> <span class='ocrx_word' id='word_1_237' title='bbox 683 2392 830 2434; x_wconf 85' lang='lat' dir='ltr'>capitulis</span> <span class='ocrx_word' id='word_1_238' title='bbox 863 2393 1066 2434; x_wconf 74' lang='lat' dir='ltr'>generalibus</span> <span class='ocrx_word' id='word_1_239' title='bbox 1099 2395 1131 2426; x_wconf 93' lang='lat' dir='ltr'>in</span> 
     </span>
    </p>
   </div>
   <div class='ocr_carea' id='block_1_11' title="bbox 396 2446 1153 2489">
    <p class='ocr_par' dir='ltr' id='par_1_11' title="bbox 396 2446 1153 2489">
     <span class='ocr_line' id='line_1_50' title="bbox 396 2446 1153 2489; baseline 0.003 -11"><span class='ocrx_word' id='word_1_240' title='bbox 396 2452 563 2489; x_wconf 66' lang='lat' dir='ltr'>posterum</span> <span class='ocrx_word' id='word_1_241' title='bbox 577 2446 844 2488; x_wconf 70' lang='lat' dir='ltr'>quandocumque</span> <span class='ocrx_word' id='word_1_242' title='bbox 859 2447 1060 2479; x_wconf 68' lang='lat' dir='ltr'>eelebramlis</span> <span class='ocrx_word' id='word_1_243' title='bbox 1070 2459 1131 2480; x_wconf 90' lang='lat' dir='ltr'>om-</span> <span class='ocrx_word' id='word_1_244' title='bbox 1151 2486 1153 2489; x_wconf 91' lang='lat'>.</span> 
     </span>
    </p>
   </div>
   <div class='ocr_carea' id='block_1_12' title="bbox 396 2497 1130 2647">
    <p class='ocr_par' dir='ltr' id='par_1_12' title="bbox 396 2497 1130 2647">
     <span class='ocr_line' id='line_1_51' title="bbox 396 2497 1130 2541; baseline 0.001 -11"><span class='ocrx_word' id='word_1_245' title='bbox 396 2509 453 2531; x_wconf 85' lang='lat' dir='ltr'>nes</span> <span class='ocrx_word' id='word_1_246' title='bbox 480 2497 676 2541; x_wconf 67' lang='lat' dir='ltr'>capitulares</span> <span class='ocrx_word' id='word_1_247' title='bbox 696 2498 904 2530; x_wconf 80' lang='lat' dir='ltr'>iureiurando</span> <span class='ocrx_word' id='word_1_248' title='bbox 933 2509 965 2530; x_wconf 88' lang='lat' dir='ltr'>se</span> <span class='ocrx_word' id='word_1_249' title='bbox 996 2500 1033 2531; x_wconf 88' lang='lat' dir='ltr'>ad</span> <span class='ocrx_word' id='word_1_250' title='bbox 1062 2500 1130 2532; x_wconf 79' lang='lat' dir='ltr'>illa—</span> 
     </span>
     <span class='ocr_line' id='line_1_52' title="bbox 396 2550 1128 2594; baseline 0.001 -11"><span class='ocrx_word' id='word_1_251' title='bbox 396 2561 467 2583; x_wconf 87' lang='lat' dir='ltr'>rum</span> <span class='ocrx_word' id='word_1_252' title='bbox 484 2551 724 2583; x_wconf 84' lang='lat' dir='ltr'>observantiam</span> <span class='ocrx_word' id='word_1_253' title='bbox 743 2550 944 2592; x_wconf 68' lang='lat' dir='ltr'>adstringant</span> <span class='ocrx_word' id='word_1_254' title='bbox 958 2557 1128 2594; x_wconf 85' lang='lat' dir='ltr'>antequam</span> 
     </span>
     <span class='ocr_line' id='line_1_53' title="bbox 396 2603 1128 2647; baseline 0 -11"><span class='ocrx_word' id='word_1_255' title='bbox 396 2604 541 2638; x_wconf 81' lang='lat' dir='ltr'>adullam</span> <span class='ocrx_word' id='word_1_256' title='bbox 560 2603 750 2636; x_wconf 83' lang='lat' dir='ltr'>electionem</span> <span class='ocrx_word' id='word_1_257' title='bbox 769 2604 968 2647; x_wconf 70' lang='lat' dir='ltr'>procedant,</span> <span class='ocrx_word' id='word_1_258' title='bbox 983 2605 1128 2637; x_wconf 80' lang='lat' dir='ltr'>utmoris</span> 
     </span>
    </p>
   </div>
   <div class='ocr_carea' id='block_1_13' title="bbox 1151 1024 1168 2623">
    <p class='ocr_par' dir='ltr' id='par_1_13' title="bbox 1151 1024 1168 2623">
     <span class='ocr_line' id='line_1_54' title="bbox 1151 1024 1168 2623; baseline 0 0"><span class='ocrx_word' id='word_1_259' title='bbox 1151 1024 1168 2623; x_wconf 95' lang='lat' dir='ltr'> </span> 
     </span>
    </p>
   </div>
   <div class='ocr_carea' id='block_1_14' title="bbox 996 218 1349 266">
    <p class='ocr_par' dir='ltr' id='par_1_14' title="bbox 996 218 1349 266">
     <span class='ocr_line' id='line_1_55' title="bbox 996 218 1349 266; baseline 0.006 -2"><span class='ocrx_word' id='word_1_260' title='bbox 996 218 1174 265; x_wconf 48' lang='lat' dir='ltr'>nULITARmM</span> <span class='ocrx_word' id='word_1_261' title='bbox 1199 240 1349 266; x_wconf 63' lang='lat' dir='ltr'>ROMANUM</span> 
     </span>
    </p>
   </div>
   <div class='ocr_carea' id='block_1_15' title="bbox 1188 289 1923 386">
    <p class='ocr_par' dir='ltr' id='par_1_15' title="bbox 1188 289 1923 386">
     <span class='ocr_line' id='line_1_56' title="bbox 1188 289 1923 334; baseline 0.005 -15"><span class='ocrx_word' id='word_1_262' title='bbox 1188 294 1236 320; x_wconf 82' lang='lat' dir='ltr'>est</span> <span class='ocrx_word' id='word_1_263' title='bbox 1260 289 1365 322; x_wconf 85' lang='lat' dir='ltr'>iurare</span> <span class='ocrx_word' id='word_1_264' title='bbox 1392 289 1597 323; x_wconf 76' lang='lat' dir='ltr'>definitiones</span> <span class='ocrx_word' id='word_1_265' title='bbox 1622 301 1702 334; x_wconf 88' lang='lat' dir='ltr'>quae</span> <span class='ocrx_word' id='word_1_266' title='bbox 1728 291 1760 323; x_wconf 93' lang='lat' dir='ltr'>in</span> <span class='ocrx_word' id='word_1_267' title='bbox 1781 291 1923 332; x_wconf 82' lang='lat' dir='ltr'>Congre-</span> 
     </span>
     <span class='ocr_line' id='line_1_57' title="bbox 1188 340 1919 386; baseline 0.005 -15"><span class='ocrx_word' id='word_1_268' title='bbox 1188 340 1315 384; x_wconf 26' lang='lat' dir='ltr'>ga&#39;tione</span> <span class='ocrx_word' id='word_1_269' title='bbox 1341 343 1507 385; x_wconf 72' lang='lat' dir='ltr'>praedicta</span> <span class='ocrx_word' id='word_1_270' title='bbox 1531 348 1761 386; x_wconf 79' lang='lat' dir='ltr'>nuncupantur</span> <span class='ocrx_word' id='word_1_271' title='bbox 1786 344 1919 375; x_wconf 82' lang='lat' dir='ltr'>iuratae.</span> 
     </span>
    </p>
   </div>
   <div class='ocr_carea' id='block_1_16' title="bbox 1231 393 2118 455">
    <p class='ocr_par' dir='ltr' id='par_1_16' title="bbox 1231 393 2118 455">
     <span class='ocr_line' id='line_1_58' title="bbox 1231 393 2118 455; baseline 0.003 -30"><span class='ocrx_word' id='word_1_272' title='bbox 1231 393 1245 435; x_wconf 62' lang='grc' dir='ltr'><strong>ἓ</strong></span> <span class='ocrx_word' id='word_1_273' title='bbox 1274 393 1304 425; x_wconf 92' lang='grc'>7.</span> <span class='ocrx_word' id='word_1_274' title='bbox 1331 394 1547 427; x_wconf 87' lang='lat' dir='ltr'>Decernentes</span> <span class='ocrx_word' id='word_1_275' title='bbox 1572 396 1704 428; x_wconf 73' lang='lat' dir='ltr'>easdem</span> <span class='ocrx_word' id='word_1_276' title='bbox 1732 401 1922 439; x_wconf 80' lang='lat' dir='ltr'>praesentes</span> <span class='ocrx_word' id='word_1_277' title='bbox 1933 406 2071 455; x_wconf 58' lang='lat' dir='ltr'>„ggg&#39;ffl‘”</span> <span class='ocrx_word' id='word_1_278' title='bbox 2090 407 2118 428; x_wconf 74' lang='lat' dir='ltr'>ir-</span> 
     </span>
    </p>
   </div>
   <div class='ocr_carea' id='block_1_17' title="bbox 1187 444 1925 750">
    <p class='ocr_par' dir='ltr' id='par_1_17' title="bbox 1187 444 1925 750">
     <span class='ocr_line' id='line_1_59' title="bbox 1188 444 1924 488; baseline 0.007 -13"><span class='ocrx_word' id='word_1_279' title='bbox 1188 444 1311 477; x_wconf 77' lang='lat' dir='ltr'>litteras</span> <span class='ocrx_word' id='word_1_280' title='bbox 1335 456 1466 488; x_wconf 84' lang='lat' dir='ltr'>semper</span> <span class='ocrx_word' id='word_1_281' title='bbox 1490 447 1607 488; x_wconf 77' lang='lat' dir='ltr'>sirmas,</span> <span class='ocrx_word' id='word_1_282' title='bbox 1634 448 1754 481; x_wconf 84' lang='lat' dir='ltr'>validas</span> <span class='ocrx_word' id='word_1_283' title='bbox 1772 454 1802 480; x_wconf 90' lang='lat' dir='ltr'>et</span> <span class='ocrx_word' id='word_1_284' title='bbox 1819 448 1924 480; x_wconf 82' lang='lat' dir='ltr'>effica-</span> 
     </span>
     <span class='ocr_line' id='line_1_60' title="bbox 1188 497 1923 543; baseline 0.007 -15"><span class='ocrx_word' id='word_1_285' title='bbox 1188 507 1240 529; x_wconf 86' lang='lat' dir='ltr'>ces</span> <span class='ocrx_word' id='word_1_286' title='bbox 1258 497 1396 530; x_wconf 83' lang='lat' dir='ltr'>existere</span> <span class='ocrx_word' id='word_1_287' title='bbox 1422 504 1453 530; x_wconf 86' lang='lat' dir='ltr'>et</span> <span class='ocrx_word' id='word_1_288' title='bbox 1478 499 1566 539; x_wconf 87' lang='lat' dir='ltr'>sore,</span> <span class='ocrx_word' id='word_1_289' title='bbox 1592 511 1734 543; x_wconf 81' lang='lat' dir='ltr'>suosque</span> <span class='ocrx_word' id='word_1_290' title='bbox 1760 500 1923 543; x_wconf 85' lang='lat' dir='ltr'>plenarios</span> 
     </span>
     <span class='ocr_line' id='line_1_61' title="bbox 1188 549 1923 593; baseline 0.008 -13"><span class='ocrx_word' id='word_1_291' title='bbox 1188 554 1221 580; x_wconf 84' lang='lat' dir='ltr'>et</span> <span class='ocrx_word' id='word_1_292' title='bbox 1247 549 1392 591; x_wconf 75' lang='lat' dir='ltr'>integros</span> <span class='ocrx_word' id='word_1_293' title='bbox 1418 550 1548 584; x_wconf 77' lang='lat' dir='ltr'>effectus</span> <span class='ocrx_word' id='word_1_294' title='bbox 1573 552 1682 585; x_wconf 88' lang='lat' dir='ltr'>sortiri</span> <span class='ocrx_word' id='word_1_295' title='bbox 1708 558 1740 585; x_wconf 88' lang='lat' dir='ltr'>et</span> <span class='ocrx_word' id='word_1_296' title='bbox 1763 554 1923 593; x_wconf 87' lang='lat' dir='ltr'>obtinere,</span> 
     </span>
     <span class='ocr_line' id='line_1_62' title="bbox 1187 601 1924 649; baseline 0.008 -17"><span class='ocrx_word' id='word_1_297' title='bbox 1187 606 1217 633; x_wconf 92' lang='lat' dir='ltr'>et</span> <span class='ocrx_word' id='word_1_298' title='bbox 1242 602 1280 633; x_wconf 89' lang='lat' dir='ltr'>ab</span> <span class='ocrx_word' id='word_1_299' title='bbox 1306 601 1382 642; x_wconf 84' lang='lat' dir='ltr'>illis,</span> <span class='ocrx_word' id='word_1_300' title='bbox 1409 603 1447 634; x_wconf 84' lang='lat' dir='ltr'>ad</span> <span class='ocrx_word' id='word_1_301' title='bbox 1474 614 1555 646; x_wconf 85' lang='lat' dir='ltr'>quos</span> <span class='ocrx_word' id='word_1_302' title='bbox 1586 610 1710 647; x_wconf 86' lang='lat' dir='ltr'>spectat</span> <span class='ocrx_word' id='word_1_303' title='bbox 1727 611 1756 638; x_wconf 91' lang='lat' dir='ltr'>et</span> <span class='ocrx_word' id='word_1_304' title='bbox 1774 616 1833 649; x_wconf 88' lang='lat' dir='ltr'>pro</span> <span class='ocrx_word' id='word_1_305' title='bbox 1851 611 1924 638; x_wconf 87' lang='lat' dir='ltr'>tem-</span> 
     </span>
     <span class='ocr_line' id='line_1_63' title="bbox 1187 655 1924 699; baseline 0.009 -15"><span class='ocrx_word' id='word_1_306' title='bbox 1187 664 1266 695; x_wconf 84' lang='lat' dir='ltr'>pore</span> <span class='ocrx_word' id='word_1_307' title='bbox 1292 655 1557 698; x_wconf 75' lang='lat' dir='ltr'>quandocumque</span> <span class='ocrx_word' id='word_1_308' title='bbox 1575 657 1740 699; x_wconf 76' lang='lat' dir='ltr'>spectabit,</span> <span class='ocrx_word' id='word_1_309' title='bbox 1768 658 1799 690; x_wconf 91' lang='lat' dir='ltr'>in</span> <span class='ocrx_word' id='word_1_310' title='bbox 1821 658 1924 691; x_wconf 90' lang='lat' dir='ltr'>omni-</span> 
     </span>
     <span class='ocr_line' id='line_1_64' title="bbox 1188 706 1925 750; baseline 0.008 -13"><span class='ocrx_word' id='word_1_311' title='bbox 1188 706 1245 738; x_wconf 87' lang='lat' dir='ltr'>bus</span> <span class='ocrx_word' id='word_1_312' title='bbox 1263 712 1294 738; x_wconf 89' lang='lat' dir='ltr'>et</span> <span class='ocrx_word' id='word_1_313' title='bbox 1317 718 1376 750; x_wconf 88' lang='lat' dir='ltr'>per</span> <span class='ocrx_word' id='word_1_314' title='bbox 1395 708 1502 740; x_wconf 86' lang='lat' dir='ltr'>omnia</span> <span class='ocrx_word' id='word_1_315' title='bbox 1520 708 1748 742; x_wconf 87' lang='lat' dir='ltr'>inviolabiliter</span> <span class='ocrx_word' id='word_1_316' title='bbox 1765 716 1797 743; x_wconf 90' lang='lat' dir='ltr'>et</span> <span class='ocrx_word' id='word_1_317' title='bbox 1815 711 1925 743; x_wconf 84' lang='lat' dir='ltr'>incon-</span> 
     </span>
    </p>
   </div>
   <div class='ocr_carea' id='block_1_18' title="bbox 1160 760 1732 804">
    <p class='ocr_par' dir='ltr' id='par_1_18' title="bbox 1160 760 1732 804">
     <span class='ocr_line' id='line_1_65' title="bbox 1160 760 1732 804; baseline 0.009 -15"><span class='ocrx_word' id='word_1_318' title='bbox 1160 762 1163 787; x_wconf 74' lang='lat'>}</span> <span class='ocrx_word' id='word_1_319' title='bbox 1187 769 1277 791; x_wconf 83' lang='lat' dir='ltr'>cusse</span> <span class='ocrx_word' id='word_1_320' title='bbox 1303 760 1468 792; x_wconf 82' lang='lat' dir='ltr'>observari</span> <span class='ocrx_word' id='word_1_321' title='bbox 1494 766 1526 793; x_wconf 87' lang='lat' dir='ltr'>et</span> <span class='ocrx_word' id='word_1_322' title='bbox 1549 761 1732 804; x_wconf 89' lang='lat' dir='ltr'>adimpleri,</span> 
     </span>
    </p>
   </div>
   <div class='ocr_carea' id='block_1_19' title="bbox 1182 812 1924 1594">
    <p class='ocr_par' dir='ltr' id='par_1_19' title="bbox 1184 812 1924 1434">
     <span class='ocr_line' id='line_1_66' title="bbox 1230 812 1924 858; baseline 0.007 -15"><span class='ocrx_word' id='word_1_323' title='bbox 1230 813 1244 853; x_wconf 60' lang='lat' dir='ltr'>g</span> <span class='ocrx_word' id='word_1_324' title='bbox 1270 812 1300 844; x_wconf 83' lang='lat'>8.</span> <span class='ocrx_word' id='word_1_325' title='bbox 1329 812 1445 855; x_wconf 67' lang='lat' dir='ltr'>Sit-que</span> <span class='ocrx_word' id='word_1_326' title='bbox 1465 818 1496 845; x_wconf 88' lang='lat' dir='ltr'>et</span> <span class='ocrx_word' id='word_1_327' title='bbox 1521 824 1584 846; x_wconf 92' lang='lat' dir='ltr'>non</span> <span class='ocrx_word' id='word_1_328' title='bbox 1607 814 1700 847; x_wconf 87' lang='lat' dir='ltr'>aliter</span> <span class='ocrx_word' id='word_1_329' title='bbox 1722 815 1753 847; x_wconf 91' lang='lat' dir='ltr'>in</span> <span class='ocrx_word' id='word_1_330' title='bbox 1767 816 1924 858; x_wconf 85' lang='lat' dir='ltr'>praemis-</span> 
     </span>
     <span class='ocr_line' id='line_1_67' title="bbox 1186 865 1922 909; baseline 0.007 -14"><span class='ocrx_word' id='word_1_331' title='bbox 1186 865 1228 897; x_wconf 82' lang='lat' dir='ltr'>sis</span> <span class='ocrx_word' id='word_1_332' title='bbox 1253 876 1311 908; x_wconf 85' lang='lat' dir='ltr'>per</span> <span class='ocrx_word' id='word_1_333' title='bbox 1336 876 1562 909; x_wconf 84' lang='lat' dir='ltr'>quoscumque</span> <span class='ocrx_word' id='word_1_334' title='bbox 1580 866 1706 899; x_wconf 90' lang='lat' dir='ltr'>iudices</span> <span class='ocrx_word' id='word_1_335' title='bbox 1737 868 1922 900; x_wconf 84' lang='lat' dir='ltr'>ordinarios</span> 
     </span>
     <span class='ocr_line' id='line_1_68' title="bbox 1187 919 1922 963; baseline 0.005 -14"><span class='ocrx_word' id='word_1_336' title='bbox 1187 923 1217 950; x_wconf 90' lang='lat' dir='ltr'>et</span> <span class='ocrx_word' id='word_1_337' title='bbox 1251 919 1417 960; x_wconf 74' lang='lat' dir='ltr'>delegatos</span> <span class='ocrx_word' id='word_1_338' title='bbox 1439 945 1446 957; x_wconf 90' lang='lat'>,</span> <span class='ocrx_word' id='word_1_339' title='bbox 1473 919 1570 951; x_wconf 86' lang='lat' dir='ltr'>etiam</span> <span class='ocrx_word' id='word_1_340' title='bbox 1607 930 1779 952; x_wconf 85' lang='lat' dir='ltr'>causarum</span> <span class='ocrx_word' id='word_1_341' title='bbox 1809 921 1922 963; x_wconf 88' lang='lat' dir='ltr'>palatii</span> 
     </span>
     <span class='ocr_line' id='line_1_69' title="bbox 1186 970 1924 1016; baseline 0.007 -15"><span class='ocrx_word' id='word_1_342' title='bbox 1186 970 1359 1012; x_wconf 87' lang='lat' dir='ltr'>apostolici</span> <span class='ocrx_word' id='word_1_343' title='bbox 1380 971 1568 1011; x_wconf 81' lang='lat' dir='ltr'>auditores,</span> <span class='ocrx_word' id='word_1_344' title='bbox 1600 982 1635 1004; x_wconf 87' lang='lat' dir='ltr'>ac</span> <span class='ocrx_word' id='word_1_345' title='bbox 1660 971 1690 1004; x_wconf 88' lang='lat' dir='ltr'>S.</span> <span class='ocrx_word' id='word_1_346' title='bbox 1715 972 1751 1004; x_wconf 80' lang='lat' dir='ltr'>R.</span> <span class='ocrx_word' id='word_1_347' title='bbox 1774 973 1808 1005; x_wconf 87' lang='lat' dir='ltr'>E.</span> <span class='ocrx_word' id='word_1_348' title='bbox 1837 983 1924 1016; x_wconf 88' lang='lat' dir='ltr'>prae-</span> 
     </span>
     <span class='ocr_line' id='line_1_70' title="bbox 1186 1023 1924 1067; baseline 0.007 -14"><span class='ocrx_word' id='word_1_349' title='bbox 1186 1023 1288 1054; x_wconf 76' lang='lat' dir='ltr'>dictae</span> <span class='ocrx_word' id='word_1_350' title='bbox 1308 1023 1500 1063; x_wconf 80' lang='lat' dir='ltr'>cardinales,</span> <span class='ocrx_word' id='word_1_351' title='bbox 1519 1029 1546 1055; x_wconf 84' lang='lat' dir='ltr'>et</span> <span class='ocrx_word' id='word_1_352' title='bbox 1570 1024 1608 1056; x_wconf 91' lang='lat' dir='ltr'>de</span> <span class='ocrx_word' id='word_1_353' title='bbox 1628 1025 1729 1057; x_wconf 84' lang='lat' dir='ltr'>latere</span> <span class='ocrx_word' id='word_1_354' title='bbox 1748 1026 1872 1067; x_wconf 77' lang='lat' dir='ltr'>legatos</span> <span class='ocrx_word' id='word_1_355' title='bbox 1892 1031 1924 1058; x_wconf 92' lang='lat' dir='ltr'>et</span> 
     </span>
     <span class='ocr_line' id='line_1_71' title="bbox 1186 1075 1922 1118; baseline 0.005 -11"><span class='ocrx_word' id='word_1_356' title='bbox 1186 1075 1390 1118; x_wconf 82' lang='lat' dir='ltr'>Apostolieae</span> <span class='ocrx_word' id='word_1_357' title='bbox 1412 1075 1502 1108; x_wconf 86' lang='lat' dir='ltr'>Sedis</span> <span class='ocrx_word' id='word_1_358' title='bbox 1523 1076 1667 1117; x_wconf 86' lang='lat' dir='ltr'>nuncios,</span> <span class='ocrx_word' id='word_1_359' title='bbox 1688 1078 1813 1110; x_wconf 76' lang='lat' dir='ltr'>sublata</span> <span class='ocrx_word' id='word_1_360' title='bbox 1828 1078 1873 1111; x_wconf 90' lang='lat' dir='ltr'>eis</span> <span class='ocrx_word' id='word_1_361' title='bbox 1890 1083 1922 1111; x_wconf 86' lang='lat' dir='ltr'>et</span> 
     </span>
     <span class='ocr_line' id='line_1_72' title="bbox 1186 1128 1921 1171; baseline 0.007 -12"><span class='ocrx_word' id='word_1_362' title='bbox 1186 1139 1297 1160; x_wconf 90' lang='lat' dir='ltr'>eorum</span> <span class='ocrx_word' id='word_1_363' title='bbox 1323 1128 1459 1161; x_wconf 81' lang='lat' dir='ltr'>cuilibet</span> <span class='ocrx_word' id='word_1_364' title='bbox 1490 1129 1600 1171; x_wconf 86' lang='lat' dir='ltr'>quavis</span> <span class='ocrx_word' id='word_1_365' title='bbox 1631 1130 1725 1162; x_wconf 87' lang='lat' dir='ltr'>aliter</span> <span class='ocrx_word' id='word_1_366' title='bbox 1755 1131 1921 1164; x_wconf 84' lang='lat' dir='ltr'>iudicandi</span> 
     </span>
     <span class='ocr_line' id='line_1_73' title="bbox 1185 1180 1919 1224; baseline 0.005 -12"><span class='ocrx_word' id='word_1_367' title='bbox 1185 1186 1216 1212; x_wconf 89' lang='lat' dir='ltr'>et</span> <span class='ocrx_word' id='word_1_368' title='bbox 1240 1180 1475 1223; x_wconf 84' lang='lat' dir='ltr'>interpretandi</span> <span class='ocrx_word' id='word_1_369' title='bbox 1502 1182 1650 1214; x_wconf 81' lang='lat' dir='ltr'>facultate</span> <span class='ocrx_word' id='word_1_370' title='bbox 1668 1188 1700 1214; x_wconf 87' lang='lat' dir='ltr'>et</span> <span class='ocrx_word' id='word_1_371' title='bbox 1719 1184 1919 1224; x_wconf 83' lang='lat' dir='ltr'>auctoritate,</span> 
     </span>
     <span class='ocr_line' id='line_1_74' title="bbox 1185 1233 1920 1276; baseline 0.005 -12"><span class='ocrx_word' id='word_1_372' title='bbox 1185 1233 1320 1265; x_wconf 85' lang='lat' dir='ltr'>iudicari</span> <span class='ocrx_word' id='word_1_373' title='bbox 1348 1239 1379 1265; x_wconf 88' lang='lat' dir='ltr'>et</span> <span class='ocrx_word' id='word_1_374' title='bbox 1413 1233 1541 1266; x_wconf 82' lang='lat' dir='ltr'>deliniri</span> <span class='ocrx_word' id='word_1_375' title='bbox 1568 1235 1707 1276; x_wconf 90' lang='lat' dir='ltr'>debere,</span> <span class='ocrx_word' id='word_1_376' title='bbox 1734 1246 1771 1268; x_wconf 86' lang='lat' dir='ltr'>ac</span> <span class='ocrx_word' id='word_1_377' title='bbox 1791 1235 1920 1268; x_wconf 87' lang='lat' dir='ltr'>irritum</span> 
     </span>
     <span class='ocr_line' id='line_1_75' title="bbox 1185 1286 1921 1331; baseline 0.007 -15"><span class='ocrx_word' id='word_1_378' title='bbox 1185 1291 1216 1317; x_wconf 75' lang='lat' dir='ltr'>et</span> <span class='ocrx_word' id='word_1_379' title='bbox 1250 1286 1345 1317; x_wconf 86' lang='lat' dir='ltr'>inane</span> <span class='ocrx_word' id='word_1_380' title='bbox 1380 1286 1405 1317; x_wconf 91' lang='lat' dir='ltr'>si</span> <span class='ocrx_word' id='word_1_381' title='bbox 1439 1297 1534 1319; x_wconf 82' lang='lat' dir='ltr'>secus</span> <span class='ocrx_word' id='word_1_382' title='bbox 1578 1297 1679 1330; x_wconf 89' lang='lat' dir='ltr'>super</span> <span class='ocrx_word' id='word_1_383' title='bbox 1717 1288 1767 1320; x_wconf 90' lang='lat' dir='ltr'>his</span> <span class='ocrx_word' id='word_1_384' title='bbox 1798 1299 1814 1320; x_wconf 91' lang='lat' dir='ltr'>a</span> <span class='ocrx_word' id='word_1_385' title='bbox 1840 1299 1921 1331; x_wconf 89' lang='lat' dir='ltr'>quo-</span> 
     </span>
     <span class='ocr_line' id='line_1_76' title="bbox 1185 1338 1920 1380; baseline 0.007 -12"><span class='ocrx_word' id='word_1_386' title='bbox 1185 1349 1291 1380; x_wconf 86' lang='lat' dir='ltr'>quam,</span> <span class='ocrx_word' id='word_1_387' title='bbox 1319 1338 1432 1380; x_wconf 82' lang='lat' dir='ltr'>quavis</span> <span class='ocrx_word' id='word_1_388' title='bbox 1465 1339 1680 1379; x_wconf 83' lang='lat' dir='ltr'>auctoritate,</span> <span class='ocrx_word' id='word_1_389' title='bbox 1705 1340 1849 1372; x_wconf 85' lang='lat' dir='ltr'>scienter</span> <span class='ocrx_word' id='word_1_390' title='bbox 1869 1342 1920 1374; x_wconf 88' lang='lat' dir='ltr'>vel</span> 
     </span>
     <span class='ocr_line' id='line_1_77' title="bbox 1184 1391 1779 1434; baseline 0.005 -12"><span class='ocrx_word' id='word_1_391' title='bbox 1184 1391 1384 1432; x_wconf 68' lang='lat' dir='ltr'>igrmranter,</span> <span class='ocrx_word' id='word_1_392' title='bbox 1411 1391 1589 1434; x_wconf 73' lang='lat' dir='ltr'>eontigerit</span> <span class='ocrx_word' id='word_1_393' title='bbox 1613 1393 1779 1425; x_wconf 82' lang='lat' dir='ltr'>attentari.</span> 
     </span>
    </p>

    <p class='ocr_par' dir='ltr' id='par_1_20' title="bbox 1182 1443 1919 1594">
     <span class='ocr_line' id='line_1_78' title="bbox 1226 1443 1919 1486; baseline 0.004 -11"><span class='ocrx_word' id='word_1_394' title='bbox 1226 1444 1240 1486; x_wconf 59' lang='grc' dir='ltr'><strong>ἓ</strong></span> <span class='ocrx_word' id='word_1_395' title='bbox 1265 1444 1296 1475; x_wconf 75' lang='grc'>9.</span> <span class='ocrx_word' id='word_1_396' title='bbox 1323 1443 1392 1476; x_wconf 80' lang='lat' dir='ltr'>Non</span> <span class='ocrx_word' id='word_1_397' title='bbox 1416 1445 1619 1477; x_wconf 83' lang='lat' dir='ltr'>obstantibus</span> <span class='ocrx_word' id='word_1_398' title='bbox 1636 1446 1919 1479; x_wconf 85' lang='lat' dir='ltr'>constitutionibus</span> 
     </span>
     <span class='ocr_line' id='line_1_79' title="bbox 1183 1496 1919 1542; baseline 0.004 -14"><span class='ocrx_word' id='word_1_399' title='bbox 1183 1502 1213 1529; x_wconf 90' lang='lat' dir='ltr'>et</span> <span class='ocrx_word' id='word_1_400' title='bbox 1234 1496 1493 1529; x_wconf 77' lang='lat' dir='ltr'>ordinationilms</span> <span class='ocrx_word' id='word_1_401' title='bbox 1519 1498 1718 1540; x_wconf 85' lang='lat' dir='ltr'>apostolicis,</span> <span class='ocrx_word' id='word_1_402' title='bbox 1740 1509 1785 1539; x_wconf 84' lang='lat' dir='ltr'>ac,</span> <span class='ocrx_word' id='word_1_403' title='bbox 1806 1504 1919 1542; x_wconf 85' lang='lat' dir='ltr'>quate-</span> 
     </span>
     <span class='ocr_line' id='line_1_80' title="bbox 1182 1550 1919 1594; baseline 0.004 -13"><span class='ocrx_word' id='word_1_404' title='bbox 1182 1560 1240 1581; x_wconf 88' lang='lat' dir='ltr'>nus</span> <span class='ocrx_word' id='word_1_405' title='bbox 1256 1560 1337 1592; x_wconf 86' lang='lat' dir='ltr'>opus</span> <span class='ocrx_word' id='word_1_406' title='bbox 1350 1550 1399 1589; x_wconf 85' lang='lat' dir='ltr'>sit,</span> <span class='ocrx_word' id='word_1_407' title='bbox 1413 1550 1678 1592; x_wconf 79' lang='lat' dir='ltr'>Congregationis</span> <span class='ocrx_word' id='word_1_408' title='bbox 1700 1552 1834 1594; x_wconf 89' lang='lat' dir='ltr'>eiusque</span> <span class='ocrx_word' id='word_1_409' title='bbox 1856 1563 1919 1585; x_wconf 88' lang='lat' dir='ltr'>mo-</span> 
     </span>
    </p>
   </div>
   <div class='ocr_carea' id='block_1_20' title="bbox 1179 1655 1919 2067">
    <p class='ocr_par' dir='ltr' id='par_1_21' title="bbox 1179 1655 1919 2067">
     <span class='ocr_line' id='line_1_81' title="bbox 1182 1655 1919 1696; baseline 0.005 -10"><span class='ocrx_word' id='word_1_410' title='bbox 1182 1655 1444 1696; x_wconf 79' lang='lat' dir='ltr'>praedictormn,</span> <span class='ocrx_word' id='word_1_411' title='bbox 1479 1655 1574 1688; x_wconf 86' lang='lat' dir='ltr'>etiam</span> <span class='ocrx_word' id='word_1_412' title='bbox 1608 1655 1815 1696; x_wconf 86' lang='lat' dir='ltr'>iuramento,</span> <span class='ocrx_word' id='word_1_413' title='bbox 1846 1668 1919 1690; x_wconf 87' lang='lat' dir='ltr'>con-</span> 
     </span>
     <span class='ocr_line' id='line_1_82' title="bbox 1181 1707 1919 1752; baseline 0.004 -13"><span class='ocrx_word' id='word_1_414' title='bbox 1181 1707 1364 1740; x_wconf 83' lang='lat' dir='ltr'>firmatione</span> <span class='ocrx_word' id='word_1_415' title='bbox 1400 1708 1589 1751; x_wconf 75' lang='lat' dir='ltr'>apostolica,</span> <span class='ocrx_word' id='word_1_416' title='bbox 1617 1710 1666 1741; x_wconf 90' lang='lat' dir='ltr'>vel</span> <span class='ocrx_word' id='word_1_417' title='bbox 1690 1710 1800 1752; x_wconf 87' lang='lat' dir='ltr'>quavis</span> <span class='ocrx_word' id='word_1_418' title='bbox 1818 1709 1919 1742; x_wconf 83' lang='lat' dir='ltr'>firmi-</span> 
     </span>
     <span class='ocr_line' id='line_1_83' title="bbox 1181 1761 1917 1802; baseline 0.004 -9"><span class='ocrx_word' id='word_1_419' title='bbox 1181 1767 1243 1793; x_wconf 83' lang='lat' dir='ltr'>tate</span> <span class='ocrx_word' id='word_1_420' title='bbox 1270 1761 1330 1794; x_wconf 76' lang='lat' dir='ltr'>alia</span> <span class='ocrx_word' id='word_1_421' title='bbox 1361 1762 1532 1802; x_wconf 84' lang='lat' dir='ltr'>roboratis,</span> <span class='ocrx_word' id='word_1_422' title='bbox 1549 1763 1675 1795; x_wconf 85' lang='lat' dir='ltr'>statutis</span> <span class='ocrx_word' id='word_1_423' title='bbox 1701 1769 1733 1795; x_wconf 88' lang='lat' dir='ltr'>et</span> <span class='ocrx_word' id='word_1_424' title='bbox 1749 1769 1917 1796; x_wconf 87' lang='lat' dir='ltr'>consuetu-</span> 
     </span>
     <span class='ocr_line' id='line_1_84' title="bbox 1181 1813 1916 1857; baseline 0.004 -12"><span class='ocrx_word' id='word_1_425' title='bbox 1181 1813 1321 1853; x_wconf 89' lang='lat' dir='ltr'>dinibus,</span> <span class='ocrx_word' id='word_1_426' title='bbox 1347 1813 1524 1856; x_wconf 77' lang='lat' dir='ltr'>privilegiis</span> <span class='ocrx_word' id='word_1_427' title='bbox 1549 1825 1691 1857; x_wconf 85' lang='lat' dir='ltr'>quoque,</span> <span class='ocrx_word' id='word_1_428' title='bbox 1725 1815 1860 1848; x_wconf 86' lang='lat' dir='ltr'>indultis</span> <span class='ocrx_word' id='word_1_429' title='bbox 1885 1821 1916 1848; x_wconf 88' lang='lat' dir='ltr'>et</span> 
     </span>
     <span class='ocr_line' id='line_1_85' title="bbox 1180 1865 1915 1910; baseline 0.004 -13"><span class='ocrx_word' id='word_1_430' title='bbox 1180 1866 1294 1898; x_wconf 86' lang='lat' dir='ltr'>litteris</span> <span class='ocrx_word' id='word_1_431' title='bbox 1321 1866 1457 1908; x_wconf 89' lang='lat' dir='ltr'>apostoli</span> <span class='ocrx_word' id='word_1_432' title='bbox 1474 1865 1507 1897; x_wconf 83' lang='lat' dir='ltr'>is</span> <span class='ocrx_word' id='word_1_433' title='bbox 1532 1866 1564 1897; x_wconf 92' lang='lat' dir='ltr'>in</span> <span class='ocrx_word' id='word_1_434' title='bbox 1595 1867 1791 1899; x_wconf 84' lang='lat' dir='ltr'>contrarium</span> <span class='ocrx_word' id='word_1_435' title='bbox 1824 1878 1915 1910; x_wconf 84' lang='lat' dir='ltr'>prae-</span> 
     </span>
     <span class='ocr_line' id='line_1_86' title="bbox 1180 1918 1916 1960; baseline 0.004 -11"><span class='ocrx_word' id='word_1_436' title='bbox 1180 1918 1353 1949; x_wconf 89' lang='lat' dir='ltr'>missorum</span> <span class='ocrx_word' id='word_1_437' title='bbox 1372 1919 1618 1960; x_wconf 84' lang='lat' dir='ltr'>quomodolibet</span> <span class='ocrx_word' id='word_1_438' title='bbox 1642 1919 1816 1958; x_wconf 85' lang='lat' dir='ltr'>concessis,</span> <span class='ocrx_word' id='word_1_439' title='bbox 1841 1930 1916 1952; x_wconf 86' lang='lat' dir='ltr'>con-</span> 
     </span>
     <span class='ocr_line' id='line_1_87' title="bbox 1179 1970 1915 2015; baseline 0.004 -13"><span class='ocrx_word' id='word_1_440' title='bbox 1179 1970 1310 2003; x_wconf 75' lang='lat' dir='ltr'>firmatis</span> <span class='ocrx_word' id='word_1_441' title='bbox 1337 1976 1369 2003; x_wconf 92' lang='lat' dir='ltr'>et</span> <span class='ocrx_word' id='word_1_442' title='bbox 1392 1971 1577 2011; x_wconf 71' lang='lat' dir='ltr'>innovatis,</span> <span class='ocrx_word' id='word_1_443' title='bbox 1615 1971 1730 2015; x_wconf 90' lang='lat' dir='ltr'>quibus</span> <span class='ocrx_word' id='word_1_444' title='bbox 1767 1973 1915 2005; x_wconf 88' lang='lat' dir='ltr'>omnibus</span> 
     </span>
     <span class='ocr_line' id='line_1_88' title="bbox 1179 2022 1916 2067; baseline 0.003 -12"><span class='ocrx_word' id='word_1_445' title='bbox 1179 2028 1210 2055; x_wconf 89' lang='lat' dir='ltr'>et</span> <span class='ocrx_word' id='word_1_446' title='bbox 1231 2022 1381 2065; x_wconf 77' lang='lat' dir='ltr'>siugulis,</span> <span class='ocrx_word' id='word_1_447' title='bbox 1400 2023 1531 2056; x_wconf 88' lang='lat' dir='ltr'>illorum</span> <span class='ocrx_word' id='word_1_448' title='bbox 1549 2029 1677 2056; x_wconf 85' lang='lat' dir='ltr'>tenores</span> <span class='ocrx_word' id='word_1_449' title='bbox 1692 2025 1916 2067; x_wconf 81' lang='lat' dir='ltr'>praesentibus</span> 
     </span>
    </p>
   </div>
   <div class='ocr_carea' id='block_1_21' title="bbox 1156 2077 1915 2120">
    <p class='ocr_par' dir='ltr' id='par_1_22' title="bbox 1156 2077 1915 2120">
     <span class='ocr_line' id='line_1_89' title="bbox 1156 2077 1915 2120; baseline 0.001 -11"><span class='ocrx_word' id='word_1_450' title='bbox 1156 2079 1158 2086; x_wconf 83' lang='lat'><em>&#39;</em></span> <span class='ocrx_word' id='word_1_451' title='bbox 1178 2088 1237 2120; x_wconf 89' lang='lat' dir='ltr'>pro</span> <span class='ocrx_word' id='word_1_452' title='bbox 1258 2078 1352 2120; x_wconf 87' lang='lat' dir='ltr'>plene</span> <span class='ocrx_word' id='word_1_453' title='bbox 1377 2082 1408 2110; x_wconf 84' lang='lat' dir='ltr'>ct</span> <span class='ocrx_word' id='word_1_454' title='bbox 1428 2077 1623 2109; x_wconf 81' lang='lat' dir='ltr'>sufficienter</span> <span class='ocrx_word' id='word_1_455' title='bbox 1636 2078 1797 2120; x_wconf 82' lang='lat' dir='ltr'>expressis</span> <span class='ocrx_word' id='word_1_456' title='bbox 1816 2083 1847 2110; x_wconf 88' lang='lat' dir='ltr'>et</span> <span class='ocrx_word' id='word_1_457' title='bbox 1866 2078 1915 2110; x_wconf 91' lang='lat' dir='ltr'>in-</span> 
     </span>
    </p>
   </div>
   <div class='ocr_carea' id='block_1_22' title="bbox 1176 2130 1913 2383">
    <p class='ocr_par' dir='ltr' id='par_1_23' title="bbox 1176 2130 1913 2383">
     <span class='ocr_line' id='line_1_90' title="bbox 1177 2130 1912 2169; baseline 0.001 -7"><span class='ocrx_word' id='word_1_458' title='bbox 1177 2130 1269 2162; x_wconf 86' lang='lat' dir='ltr'>sertis</span> <span class='ocrx_word' id='word_1_459' title='bbox 1295 2131 1468 2169; x_wconf 87' lang='lat' dir='ltr'>habentes,</span> <span class='ocrx_word' id='word_1_460' title='bbox 1485 2130 1548 2162; x_wconf 84' lang='lat' dir='ltr'>illis</span> <span class='ocrx_word' id='word_1_461' title='bbox 1563 2130 1642 2162; x_wconf 69' lang='lat' dir='ltr'>alias</span> <span class='ocrx_word' id='word_1_462' title='bbox 1663 2131 1695 2161; x_wconf 90' lang='lat' dir='ltr'>in</span> <span class='ocrx_word' id='word_1_463' title='bbox 1713 2140 1770 2162; x_wconf 89' lang='lat' dir='ltr'>suo</span> <span class='ocrx_word' id='word_1_464' title='bbox 1795 2130 1912 2163; x_wconf 86' lang='lat' dir='ltr'>robore</span> 
     </span>
     <span class='ocr_line' id='line_1_91' title="bbox 1178 2182 1910 2225; baseline 0.001 -11"><span class='ocrx_word' id='word_1_465' title='bbox 1178 2182 1409 2225; x_wconf 84' lang='lat' dir='ltr'>permansuris,</span> <span class='ocrx_word' id='word_1_466' title='bbox 1429 2183 1466 2215; x_wconf 84' lang='lat' dir='ltr'>ad</span> <span class='ocrx_word' id='word_1_467' title='bbox 1486 2182 1739 2225; x_wconf 85' lang='lat' dir='ltr'>praemissorum</span> <span class='ocrx_word' id='word_1_468' title='bbox 1754 2183 1910 2223; x_wconf 75' lang='lat' dir='ltr'>effectum,</span> 
     </span>
     <span class='ocr_line' id='line_1_92' title="bbox 1178 2235 1913 2279; baseline 0.003 -12"><span class='ocrx_word' id='word_1_469' title='bbox 1178 2237 1238 2267; x_wconf 78' lang='lat' dir='ltr'>liae</span> <span class='ocrx_word' id='word_1_470' title='bbox 1254 2235 1321 2267; x_wconf 84' lang='lat' dir='ltr'>viee</span> <span class='ocrx_word' id='word_1_471' title='bbox 1343 2235 1515 2272; x_wconf 74' lang='lat' dir='ltr'>dumtaxat,</span> <span class='ocrx_word' id='word_1_472' title='bbox 1531 2235 1716 2278; x_wconf 72' lang='lat' dir='ltr'>specialiter</span> <span class='ocrx_word' id='word_1_473' title='bbox 1733 2241 1764 2267; x_wconf 89' lang='lat' dir='ltr'>et.</span> <span class='ocrx_word' id='word_1_474' title='bbox 1784 2247 1913 2279; x_wconf 82' lang='lat' dir='ltr'>expres-</span> 
     </span>
     <span class='ocr_line' id='line_1_93' title="bbox 1176 2288 1910 2332; baseline 0.001 -13"><span class='ocrx_word' id='word_1_475' title='bbox 1176 2299 1207 2319; x_wconf 89' lang='lat' dir='ltr'>se</span> <span class='ocrx_word' id='word_1_476' title='bbox 1226 2288 1439 2329; x_wconf 68' lang='lat' dir='ltr'>derogamus3</span> <span class='ocrx_word' id='word_1_477' title='bbox 1459 2288 1642 2331; x_wconf 80' lang='lat' dir='ltr'>ceterisque</span> <span class='ocrx_word' id='word_1_478' title='bbox 1660 2289 1830 2322; x_wconf 81' lang='lat' dir='ltr'>contrariis</span> <span class='ocrx_word' id='word_1_479' title='bbox 1845 2289 1910 2332; x_wconf 82' lang='lat' dir='ltr'>qui-</span> 
     </span>
     <span class='ocr_line' id='line_1_94' title="bbox 1176 2342 1387 2383; baseline 0.005 -11"><span class='ocrx_word' id='word_1_480' title='bbox 1176 2342 1387 2383; x_wconf 80' lang='lat' dir='ltr'>busrumquc.</span> 
     </span>
    </p>
   </div>
   <div class='ocr_carea' id='block_1_23' title="bbox 1218 2393 2103 2450">
    <p class='ocr_par' dir='ltr' id='par_1_24' title="bbox 1218 2393 2103 2450">
     <span class='ocr_line' id='line_1_95' title="bbox 1218 2393 2103 2450; baseline 0.006 -26"><span class='ocrx_word' id='word_1_481' title='bbox 1218 2394 1232 2435; x_wconf 59' lang='grc' dir='ltr'><strong>ξ</strong></span> <span class='ocrx_word' id='word_1_482' title='bbox 1260 2394 1313 2425; x_wconf 60' lang='lat'>110.</span> <span class='ocrx_word' id='word_1_483' title='bbox 1342 2393 1473 2425; x_wconf 83' lang='lat' dir='ltr'>Demum</span> <span class='ocrx_word' id='word_1_484' title='bbox 1492 2395 1637 2428; x_wconf 78' lang='lat' dir='ltr'>volumus</span> <span class='ocrx_word' id='word_1_485' title='bbox 1661 2394 1785 2438; x_wconf 87' lang='lat' dir='ltr'>pariter</span> <span class='ocrx_word' id='word_1_486' title='bbox 1803 2401 1839 2427; x_wconf 89' lang='lat' dir='ltr'>ut</span> <span class='ocrx_word' id='word_1_487' title='bbox 1864 2395 2103 2450; x_wconf 38' lang='lat' dir='ltr'>ip-mn&#39;jsrffissmpto·</span> 
     </span>
    </p>
   </div>
   <div class='ocr_carea' id='block_1_24' title="bbox 1172 2447 1909 2649">
    <p class='ocr_par' dir='ltr' id='par_1_25' title="bbox 1172 2447 1909 2649">
     <span class='ocr_line' id='line_1_96' title="bbox 1174 2447 1909 2489; baseline 0.005 -12"><span class='ocrx_word' id='word_1_488' title='bbox 1174 2456 1280 2478; x_wconf 85' lang='lat' dir='ltr'>sarum</span> <span class='ocrx_word' id='word_1_489' title='bbox 1306 2447 1529 2489; x_wconf 78' lang='lat' dir='ltr'>praesentium</span> <span class='ocrx_word' id='word_1_490' title='bbox 1556 2447 1734 2481; x_wconf 80' lang='lat' dir='ltr'>litterarum</span> <span class='ocrx_word' id='word_1_491' title='bbox 1752 2454 1909 2481; x_wconf 86' lang='lat' dir='ltr'>transum-</span> 
     </span>
     <span class='ocr_line' id='line_1_97' title="bbox 1174 2499 1907 2544; baseline 0.005 -14"><span class='ocrx_word' id='word_1_492' title='bbox 1174 2499 1236 2541; x_wconf 87' lang='lat' dir='ltr'>ptis</span> <span class='ocrx_word' id='word_1_493' title='bbox 1252 2526 1258 2537; x_wconf 93' lang='lat'>‚</span> <span class='ocrx_word' id='word_1_494' title='bbox 1288 2510 1341 2531; x_wconf 85' lang='lat' dir='ltr'>seu</span> <span class='ocrx_word' id='word_1_495' title='bbox 1379 2501 1532 2542; x_wconf 69' lang='lat' dir='ltr'>exemplis</span> <span class='ocrx_word' id='word_1_496' title='bbox 1549 2527 1555 2539; x_wconf 92' lang='lat'>‚</span> <span class='ocrx_word' id='word_1_497' title='bbox 1590 2501 1684 2533; x_wconf 81' lang='lat' dir='ltr'>etiam</span> <span class='ocrx_word' id='word_1_498' title='bbox 1720 2501 1883 2544; x_wconf 83' lang='lat' dir='ltr'>impressis</span> <span class='ocrx_word' id='word_1_499' title='bbox 1901 2529 1907 2542; x_wconf 86' lang='lat'><em>‚</em></span> 
     </span>
     <span class='ocr_line' id='line_1_98' title="bbox 1173 2551 1906 2596; baseline 0.003 -13"><span class='ocrx_word' id='word_1_500' title='bbox 1173 2562 1266 2583; x_wconf 88' lang='lat' dir='ltr'>mauu</span> <span class='ocrx_word' id='word_1_501' title='bbox 1283 2551 1417 2584; x_wconf 85' lang='lat' dir='ltr'>alieuius</span> <span class='ocrx_word' id='word_1_502' title='bbox 1435 2553 1548 2585; x_wconf 86' lang='lat' dir='ltr'>notarii</span> <span class='ocrx_word' id='word_1_503' title='bbox 1567 2553 1688 2595; x_wconf 86' lang='lat' dir='ltr'>publici</span> <span class='ocrx_word' id='word_1_504' title='bbox 1708 2553 1906 2596; x_wconf 85' lang='lat' dir='ltr'>subscriptis,</span> 
     </span>
     <span class='ocr_line' id='line_1_99' title="bbox 1172 2604 1907 2649; baseline 0.004 -13"><span class='ocrx_word' id='word_1_505' title='bbox 1172 2610 1202 2636; x_wconf 87' lang='lat' dir='ltr'>et</span> <span class='ocrx_word' id='word_1_506' title='bbox 1222 2604 1327 2647; x_wconf 72' lang='lat' dir='ltr'>sigillo</span> <span class='ocrx_word' id='word_1_507' title='bbox 1352 2615 1508 2648; x_wconf 70' lang='lat' dir='ltr'>personae</span> <span class='ocrx_word' id='word_1_508' title='bbox 1528 2606 1558 2637; x_wconf 92' lang='lat' dir='ltr'>iu</span> <span class='ocrx_word' id='word_1_509' title='bbox 1589 2606 1743 2649; x_wconf 71' lang='lat' dir='ltr'>dignitate</span> <span class='ocrx_word' id='word_1_510' title='bbox 1759 2606 1907 2639; x_wconf 78' lang='lat' dir='ltr'>ccclesia-</span> 
     </span>
    </p>
   </div>
   <div class='ocr_carea' id='block_1_25' title="bbox 1934 238 2111 270">
    <p class='ocr_par' dir='ltr' id='par_1_26' title="bbox 1934 238 2111 270">
     <span class='ocr_line' id='line_1_100' title="bbox 1934 238 2111 270; baseline 0.011 -3"><span class='ocrx_word' id='word_1_511' title='bbox 1934 240 1984 268; x_wconf 83' lang='grc' dir='ltr'>Ᾰη.</span> <span class='ocrx_word' id='word_1_512' title='bbox 2003 240 2031 268; x_wconf 89' lang='lat' dir='ltr'>C.</span> <span class='ocrx_word' id='word_1_513' title='bbox 2049 238 2111 270; x_wconf 70' lang='lat'>1671</span> 
     </span>
    </p>
   </div>
   <div class='ocr_carea' id='block_1_26' title="bbox 1934 825 2117 899">
    <p class='ocr_par' dir='ltr' id='par_1_27' title="bbox 1934 825 2117 899">
     <span class='ocr_line' id='line_1_101' title="bbox 1960 825 2117 847; baseline 0.006 -1"><span class='ocrx_word' id='word_1_514' title='bbox 1960 825 2002 846; x_wconf 77' lang='lat' dir='ltr'>Nee</span> <span class='ocrx_word' id='word_1_515' title='bbox 2013 826 2077 846; x_wconf 78' lang='lat' dir='ltr'>aliter</span> <span class='ocrx_word' id='word_1_516' title='bbox 2088 828 2117 847; x_wconf 88' lang='lat' dir='ltr'>tu·</span> 
     </span>
     <span class='ocr_line' id='line_1_102' title="bbox 1934 852 2117 882; baseline 0.005 -11"><span class='ocrx_word' id='word_1_517' title='bbox 1934 852 2000 882; x_wconf 75' lang='lat' dir='ltr'>dicari</span> <span class='ocrx_word' id='word_1_518' title='bbox 2010 858 2071 878; x_wconf 76' lang='lat' dir='ltr'>posse</span> <span class='ocrx_word' id='word_1_519' title='bbox 2081 853 2117 873; x_wconf 73' lang='lat' dir='ltr'>do·</span> 
     </span>
     <span class='ocr_line' id='line_1_103' title="bbox 1934 881 2008 899; baseline 0 -1"><span class='ocrx_word' id='word_1_520' title='bbox 1934 881 2008 899; x_wconf 78' lang='lat' dir='ltr'>cernit.</span> 
     </span>
    </p>
   </div>
   <div class='ocr_carea' id='block_1_27' title="bbox 1929 1454 2115 1506">
    <p class='ocr_par' dir='ltr' id='par_1_28' title="bbox 1929 1454 2115 1506">
     <span class='ocr_line' id='line_1_104' title="bbox 1949 1454 2115 1477; baseline 0.018 -3"><span class='ocrx_word' id='word_1_521' title='bbox 1949 1454 2066 1475; x_wconf 71' lang='lat' dir='ltr'>Contrariis</span> <span class='ocrx_word' id='word_1_522' title='bbox 2077 1455 2115 1477; x_wconf 77' lang='lat' dir='ltr'>de·</span> 
     </span>
     <span class='ocr_line' id='line_1_105' title="bbox 1929 1484 1996 1506; baseline 0.03 -6"><span class='ocrx_word' id='word_1_523' title='bbox 1929 1484 1996 1506; x_wconf 69' lang='lat' dir='ltr'>rogat.</span> 
     </span>
    </p>
   </div>
  </div>
 </body>
</html>
