2279 3260
954 238 1096 264 CLEMENS

336 290 517 333 suevcrint,
542 290 663 334 quippe
688 289 751 323 voti
777 288 844 322 sive
870 288 1011 330 suffragii
1038 287 1069 319 in

336 343 398 376 illis
415 343 538 377 serendi
556 343 779 387 praerogativa
801 342 963 381 ‹lestituti·,
983 340 1069 384 quod

333 396 480 439 profecto
505 396 739 428 inconveniens
764 395 901 435 videtur,
929 405 999 426 (zum
1027 394 1073 426 di—

333 448 391 480 ctis
409 448 557 491 capitulis
575 448 780 491 generalibus
801 448 951 480 intersint
975 447 1073 479 rolle-

333 510 390 542 gae
413 502 592 543 generales,
618 511 756 543 quornm
781 510 983 533 successores
1013 492 1093 531 ibi-¹

334 553 416 593 dem,
447 553 722 596 quemadmodum
750 559 782 585 et
810 563 978 586 successor
1000 544 1094 595 pro-{

333 605 490 637 curatoris
511 605 683 647 generalis,
712 605 786 647 eligi
813 606 931 645 solent,
950 609 981 637 et
1005 605 1073 647 plc-

332 669 471 701 rumque
497 659 635 691 aliorum
663 658 817 691 Ordinum
844 663 1094 700 procuratores*

335 712 504 752 generales
530 711 659 744 illorum
688 711 837 754 capitulis
865 710 1071 753 generalibus

336 763 491 797 interesse
515 764 736 797 consueverint
757 775 764 796 z

194 827 324 857 supplanto
380 817 394 859 ἓ
423 817 454 849 4.
489 816 586 849 Nobis
618 822 789 860 propterea
823 816 927 849 dietus
960 816 1071 848 Petrus

142 858 326 909 ls'lssssii'ffssiffffi‘ss
336 875 531 912 procurator
548 870 709 912 generalis
727 869 790 901 sive
816 870 942 901 zelosus
969 868 1073 900 liumi-

142 910 412 955 iil..⁵”‘⁰”⁵⁸⁰‘¹‘liter
435 921 613 966 supplicari
638 922 714 954 fecit
736 927 771 954 ut
796 922 854 954 sibi
881 921 1012 964 suisque
1040 921 1072 952 in

335 975 441 1007 officio
466 975 707 1007 suecessoribus
733 978 919 1017 opportune
938 973 969 1005 in
986 984 1073 1016 prae-

335 1027 441 1060 missis
465 1027 638 1070 providere
669 1032 701 1059 et
730 1033 765 1059 ut
795 1027 878 1059 inl'ra
902 1026 1072 1067 indulgere

336 1080 375 1112 de
393 1080 592 1122 benignitate
610 1079 785 1122 apostolica
802 1080 1021 1122 dignaremur.

163 1143 325 1168 Mandaiimno-
379 1133 394 1175 ἓ
418 1132 449 1165 5.
480 1133 543 1165 Nos
570 1132 678 1175 igitur,
709 1132 818 1175 ipsum
847 1132 975 1164 Petrum
1002 1141 1075 1174 spe-

142 1172 223 1225 251ss5}
234 1175 325 1225 3¹33}ssss
336 1185 471 1218 cialibus
496 1185 658 1218 favoribus
675 1190 705 1217 et
723 1185 833 1228 gratiis
851 1184 1006 1228 prosequi
1024 1194 1075 1216 vo-

143 1221 450 1279 't?„l?2⁶'‘lf32f.ss131entes,
472 1243 504 1271 et
528 1249 545 1271 a
569 1238 733 1281 quibusvis
769 1237 1074 1270 excommunicatio-

143 1274 405 1338 422⁸¹221¹3i>⁰.3¹0¹35nis,
441 1290 664 1334 suspensionis
701 1296 731 1323 et
766 1290 948 1329 interdicti,
990 1289 1075 1322 aliis-

143 1330 183 1348 Μ’
336 1354 399 1386 que
427 1344 653 1377 ecclesiasticis
674 1343 859 1383 sententiis,
878 1343 1021 1376 censuris
1044 1349 1075 1376 et

335 1397 470 1440 poenis,
497 1407 514 1429 a
539 1397 607 1429 iure
633 1397 682 1429 vel
717 1397 756 1429 ab
789 1395 935 1436 bomine,
961 1396 1073 1439 quavis

336 1449 506 1482 occasione
524 1450 574 1482 vel
592 1451 690 1481 causa
709 1448 797 1489 latis,
815 1448 840 1481 si
860 1448 978 1492 quibus
996 1460 1075 1492 quo-

335 1503 515 1540 modolibet
547 1502 721 1535 innodatus
763 1502 888 1542 existit,
925 1502 962 1534 ad
1000 1501 1075 1535 etl'c-

335 1561 420 1588 ctum
444 1556 663 1599 praesentium
689 1555 855 1588 dumtaxat
874 1565 1075 1598 consequen-

336 1609 425 1649 dum,
450 1608 564 1641 harum
589 1607 672 1640 serie
698 1608 901 1640 absolventes
926 1613 957 1640 et
981 1608 1075 1641 abso-

336 1662 438 1694 lutum
464 1661 533 1694 sore
569 1666 758 1702 censentes,
786 1661 969 1694 huiusmodi
1001 1672 1076 1705 sup—

335 1713 564 1757 plicationibus
589 1714 749 1755 inclinati,
779 1714 817 1747 de
838 1714 1074 1747 venerabilium

1096 1707 1098 1724 l

337 1767 470 1800 fratrum
494 1772 676 1800 nostrorum
694 1767 724 1800 S.
749 1767 785 1799 R.
809 1767 844 1800 E.
865 1767 1074 1801 cardinalium

143 241 192 269 An.
214 240 243 269 C.
259 240 329 270 1670

336 1820 477 1863 negotiis
493 1826 525 1853 et
542 1819 830 1853 consultationibus
848 1819 1075 1863 episcoporum

337 1878 369 1906 et
389 1873 589 1915 regularium
615 1873 888 1917 praepositorum,
920 1873 972 1916 qui
999 1875 1076 1907 dile-

336 1931 420 1959 ctum
445 1926 547 1959 silium
572 1931 718 1959 nostrum
732 1926 875 1958 Flavium
899 1925 981 1959 tituli
999 1926 1077 1959 San-

337 1984 406 2013 ctae
425 1979 540 2012 Mariae
560 1980 598 2013 de
617 1980 743 2023 Populo
765 1979 911 2012 eiusdem
928 1979 959 2012 S.
979 1980 1015 2012 r..
1038 1980 1072 2012 E.

337 2034 535 2067 cardinalem
562 2034 705 2066 Cbisinm
731 2039 971 2077 nuncupatum,
999 2034 1074 2067 dicti

337 2086 466 2120 Ordinis
492 2088 575 2130 apud
595 2098 653 2120 nos
674 2092 705 2119 et
719 2087 835 2120 Sedem
854 2088 1074 2131 Apostolieam

337 2144 568 2183 protectorem,
589 2140 793 2181 audiverunt,
814 2140 958 2180 consilio,
984 2146 1019 2173 ut
1043 2141 1074 2173 in

338 2198 504 2235 posterum
519 2192 703 2236 praedictus
720 2193 844 2233 Petrus,
864 2193 994 2236 eiusque
1006 2204 1076 2226 suc-

339 2254 485 2277 cessores
520 2251 748 2288 procuratores
779 2246 969 2287 generales,
996 2257 1075 2289 quos

338 2303 455 2330 vocant
471 2298 605 2337 zelosos,
623 2298 778 2340 praedicti
797 2297 924 2331 Ordinis
943 2299 1074 2331 fratrum

338 2350 551 2390 Minimorum,
579 2350 836 2394 quilniseumque
862 2352 1012 2395 capitulis
1028 2363 1076 2395 ge-

339 2404 504 2437 neralibus
530 2404 674 2437 eiusdem
708 2404 855 2445 Ordinis,
880 2405 1074 2449 ubicumque

341 2457 561 2499 celebrentur,
586 2459 766 2501 respective
792 2458 1017 2501 interveniant,
1046 2465 1077 2493 et

341 2511 375 2543 in
395 2511 459 2544 illis
485 2511 670 2555 suffragium
687 2513 727 2545 ad
747 2512 850 2545 instar
870 2513 1006 2546 aliorum
1027 2525 1078 2546 ca-

341 2564 530 2607 pitularium
548 2564 663 2605 serant,
679 2565 871 2598 auctoritate
889 2566 1075 2609 apostolica,

342 2622 455 2651 tenore
475 2618 716 2661 praesentium,
743 2619 950 2652 concedimus
975 2625 1007 2653 et
1030 2620 1079 2653 in-
1099 2613 1101 2652 l

1118 239 1137 262 x
1161 239 1210 263 rw.
1763 229 1805 264 77
1850 237 1900 265 An.
1921 237 1950 265 c.
1973 237 2041 265 1670

1114 287 1303 330 dulgemus;
1323 288 1409 321 salva
1427 292 1531 320 tamon
1549 298 1679 331 semper
1702 287 1734 320 in
1755 295 1849 331 prae-

1113 341 1217 373 missis
1236 341 1427 373 auetoritate
1445 341 1706 383 congregationis
1724 349 1850 374 eorum-

1114 394 1186 426 dem
1212 394 1435 427 cardinalium.

1156 448 1171 489 ᾗ
1196 447 1227 479 6.
1254 448 1476 479 Der-,cruentes
1496 446 1627 478 easdem
1655 451 1848 489 praesentes
1887 458 1997 478 nemum
2016 457 2044 479 ir·

1114 499 1240 532 litteras
1270 510 1402 542 semper
1426 498 1548 539 sirmas,
1581 499 1702 531 validas
1728 504 1759 531 et
1784 488 1933 531 effi-‘¹²³⁰‘

1113 563 1206 585 caees
1232 552 1373 585 existere
1403 557 1435 583 et
1457 552 1540 592 sore,
1568 562 1713 594 suosque
1739 551 1852 594 plena-

1114 595 1180 638 rios
1199 610 1231 638 et
1247 605 1392 645 integros
1415 605 1549 637 ctl'octus
1575 604 1686 637 sortiri
1718 609 1750 636 et
1771 604 1854 637 obti-

1114 669 1205 698 nere,
1233 669 1269 690 ac
1297 658 1374 697 illis,
1399 658 1437 690 ad
1471 668 1553 700 quos
1578 661 1705 700 spectat
1734 662 1766 689 et
1793 667 1853 699 pro

1116 716 1261 753 tempore
1275 710 1448 753 spectabit,
1465 709 1495 741 in
1507 709 1657 742 omnibus
1673 715 1705 741 et
1717 719 1776 752 per
1790 720 1855 741 om-

1115 763 1165 795 nia
1184 762 1370 805 plenissime
1385 761 1567 803 suffragari,
1583 762 1693 804 sieque
1714 762 1745 793 in
1763 772 1854 804 prae-

1115 815 1222 847 missis
1247 825 1307 858 per
1337 824 1563 857 quoscumque
1603 814 1728 846 iudices
1766 813 1854 846 ordi-

1115 867 1223 899 narios
1262 872 1295 899 et
1330 868 1522 908 delegatos,
1554 866 1651 898 etiam
1680 876 1852 898 causarum

1116 920 1226 962 palatii
1252 920 1424 963 apostolici
1451 920 1632 959 auditores,
1658 919 1795 952 indicari
1821 922 1854 951 et

1116 972 1244 1005 definiri
1274 973 1409 1011 debere,
1435 983 1471 1005 ac
1496 972 1625 1004 irritum
1651 977 1683 1004 et
1706 972 1802 1004 inane
1826 972 1853 1003 si

1116 1035 1211 1058 secus
1238 1036 1339 1068 super
1367 1025 1422 1057 his·
1437 1036 1454 1058 a
1473 1035 1651 1068 quoquam,
1671 1025 1783 1068 quavis
1798 1035 1855 1057 au-

1116 1078 1278 1118 ctoritate,
1305 1077 1449 1111 scienter
1474 1079 1524 1111 vel
1549 1078 1750 1120 ignoranter,
1777 1088 1854 1110 con-

1117 1130 1228 1173 tigerit
1252 1131 1420 1163 attentari.

1159 1185 1174 1227 ἓ
1198 1184 1228 1217 7.
1256 1184 1326 1216 Non
1363 1183 1565 1216 obstantibus
1589 1183 1788 1227 praemissis,
1818 1190 1982 1237 “Gergis-⁰³⁸
1999 1196 2049 1211 eou-

1117 1237 1403 1271 constitutionibns
1435 1242 1467 1269 et
1491 1236 1750 1270 ordinationibus
1778 1247 1856 1279 apo·
1941 1233 1945 1237 ’

1117 1291 1259 1331 stolicis,
1280 1301 1407 1324 necnon
1426 1290 1501 1323 dieti
1526 1289 1668 1329 Ordinis,
1695 1289 1791 1322 etiam
1808 1289 1855 1321 iu-

1116 1350 1263 1387 ramento
1278 1372 1285 1385 ,
1307 1343 1553 1376 confirmatione
1586 1342 1764 1386 apostolica
1779 1369 1786 1382 ,
1805 1343 1854 1375 vel

1117 1397 1226 1441 quavis
1247 1395 1397 1429 firmitate
1415 1395 1476 1428 alia
1486 1395 1660 1434 roboratis,
1677 1395 1804 1427 statutis
1825 1399 1857 1427 et

1117 1449 1417 1489 consuetudinibus,
1444 1447 1621 1492 privilegiis
1642 1458 1783 1491 quoque,
1809 1448 1857 1480 in-

1118 1503 1213 1537 dultis
1240 1509 1272 1536 et
1295 1502 1409 1536 litteris
1446 1502 1634 1546 apostolicis
1668 1501 1701 1534 in
1730 1507 1858 1535 contra-

1118 1557 1200 1589 rium
1209 1554 1460 1600 praemissorum
1470 1554 1715 1598 quomodolibet
1725 1563 1858 1587 conces-

1117 1609 1170 1650 sis,
1191 1608 1388 1642 confirmatis
1406 1612 1438 1641 et
1459 1607 1633 1647 innovatis;
1654 1607 1773 1650 quibus
1788 1617 1858 1639 om-

1118 1662 1212 1695 nibns
1223 1667 1254 1694 et
1264 1661 1409 1704 singulis,
1420 1661 1550 1693 illorum
1563 1665 1693 1693 tenores
1703 1669 1858 1703 praesen-

1096 1731 1098 1740 =
1119 1716 1203 1749 tibus
1217 1726 1278 1759 pro
1292 1716 1390 1757 plene
1419 1719 1451 1746 et
1472 1713 1673 1745 sufficienter
1690 1713 1856 1756 expressis

1119 1774 1150 1801 et
1174 1768 1307 1801 insertis
1329 1768 1503 1807 habentes,
1531 1766 1594 1799 illis
1621 1766 1700 1798 alias
1734 1766 1766 1797 in
1798 1775 1857 1797 suo

1120 1822 1238 1853 robore
1265 1819 1489 1863 permansuris
1504 1845 1511 1859 ‚
1531 1819 1570 1851 ad
1595 1818 1855 1862 praemissorum

1119 1874 1268 1907 etl'eetum
1285 1900 1292 1914 ‚
1328 1874 1389 1905 hac
1412 1873 1480 1905 vice
1506 1873 1682 1912 dumtaxat,
1707 1871 1859 1914 speciali-

1119 1934 1168 1961 ter
1193 1933 1225 1960 et
1251 1937 1405 1971 expresse
1428 1927 1645 1969 derogamus;
1673 1925 1857 1968 ceterisque

1118 1980 1290 2014 contrariis
1324 1980 1598 2023 quibuscumque.

1161 2034 1274 2067 Datum
1299 2033 1432 2073 Romae,
1452 2033 1536 2076 apud
1554 2032 1586 2065 S.
1609 2030 1741 2064 Mariam
1763 2030 1860 2063 Maio-

1121 2099 1197 2129 rem,
1221 2089 1280 2120 snb
1299 2089 1419 2120 annulo
1442 2086 1627 2126 piscatoris,
1648 2085 1698 2118 die
1721 2095 1779 2118 xm
1805 2095 1859 2117 au-

1119 2142 1201 2185 gusti
1223 2151 1358 2182 Mmtxx,
1375 2140 1582 2184 pontificatus
1605 2138 1709 2172 nostri
1728 2148 1814 2171 anno
1833 2148 1856 2171 1.

1524 2202 1547 2235 1.
1569 2201 1604 2235 G.
1627 2201 1766 2234 SLuans.

1154 2266 1212 2293 Dat.
1235 2265 1278 2293 die
1296 2266 1327 2292 ¹3
1347 2264 1453 2300 augusti
1475 2265 1553 2298 1670,
1575 2263 1669 2299 pontif.
1686 2269 1787 2289 aunei.

1154 2329 1319 2362 Reyz‘scrala
1339 2328 1370 2354 in
1389 2328 1494 2354 Secret.
1516 2327 1601 2353 Brev.
1629 2327 1659 2354 in
1685 2326 1734 2353 lib.
1755 2325 1858 2352 mensis

1118 2374 1233 2408 augusti
1249 2376 1328 2407 part.
1350 2378 1384 2404 ιι,
1405 2373 1455 2406 fol.
1477 2371 1539 2399 286.

1435 2495 1528 2528 XXII.

1122 2567 1299 2609 Confirmat
1330 2566 1523 2599 sententiam
1557 2564 1730 2598 ordinarii
1759 2563 1854 2597 Gi'en-

1165 2621 1273 2654 irensis
1292 2620 1390 2653 lulum
1410 2629 1506 2663 ,ηιμ-ν
1522 2619 1608 2651 cultu
1627 2618 1667 2650 ab
1685 2618 1853 2649 i'mmemo—
1875 2660 1877 2663 ξ
