2279 3260
175 252 222 279 An.
246 253 275 280 C.
299 254 362 281 ¹671

1001 249 1143 273 CLEMFNS
1165 250 1183 273 X
1209 249 1256 272 PP-

369 308 401 335 et
425 302 514 334 Pauli
551 302 774 344 apostolorum
809 300 877 331 eius
912 298 1128 346 auctoritatel

368 353 500 393 contisi,
527 353 676 385 omnibus
709 357 740 383 ct
772 350 909 394 siugulis
938 349 1105 392 utriusque

368 417 460 439 sexus
478 405 746 438 christifidelibus
766 414 839 436 vere
864 401 1105 446 poenitentibus

369 464 401 490 et
426 458 595 497 confessis,
621 468 658 490 ac
682 459 770 489 sacra
797 456 1023 488 coiumuuione
1057 465 1106 485 re-

369 510 472 550 fectis,
499 510 554 553 qui
581 509 720 552 aliquam
739 520 775 541 cx
794 508 938 541 ecclesiis
958 517 1105 551 quorum-

369 573 507 606 cumque
533 566 763 602 conventuum,
779 561 1052 593 monasteriorum
1074 563 1106 591 et

369 616 538 647 domorum
556 614 754 656 regularium
783 619 845 646 tani
862 614 994 645 l'ratrum
1009 622 1105 655 quain

368 667 556 700 monialium
593 667 722 700 Ordinis
758 666 915 710 praedicti
949 666 1105 698 hactenus

368 720 486 752 erectis
519 725 550 752 et
581 720 614 752 in
639 725 806 763 posterum
832 719 1104 762 quandocumque

367 773 541 816 erigendis,
557 778 588 805 et
600 773 794 815 ubicumque
811 773 955 805 locorum
970 770 1106 803 existen-

369 826 466 867 tibus,
479 826 595 859 diebus
614 826 703 858 sestis
718 826 905 859 eorumdem
919 829 1105 857 sanctorum

367 879 519 912 Ludoviei
535 879 704 911 Bertrandi
720 884 752 911 et
765 879 870 910 Rosae
888 878 926 910 de
945 877 975 909 S.
996 876 1105 916 Maria,

367 942 484 975 nempe
509 931 540 964 S.
569 931 720 964 Ludovici
746 930 876 973 quidem
903 929 954 962 die
978 939 996 962 x
1020 934 1107 961 octo-

367 984 453 1023 bris,
480 984 512 1017 S.
540 984 644 1016 Rosae
670 994 742 1015 vero
769 982 819 1015 die
844 993 903 1015 xxx
929 980 1066 1024 augusti,
1088 991 1107 1012 a

367 1036 482 1080 primis
500 1037 643 1079 vesperis
669 1046 773 1079 usque
795 1036 833 1068 ad
859 1045 1010 1068 occasum
1028 1033 1105 1066 solis
1126 1053 1128 1062 ι

367 1089 524 1121 festorum
550 1088 746 1128 huiusmodi,
774 1087 866 1120 annis
892 1086 1027 1129 singulis
1054 1087 1107 1119 de-

367 1146 438 1174 vote
453 1140 659 1181 visitaverint,
673 1146 704 1174 et
717 1141 760 1173 ibi
776 1152 832 1183 pro
853 1141 1106 1173 christianorum

368 1194 550 1237 principum
576 1193 759 1234 concordia,
780 1194 951 1226 haeresum
970 1192 1107 1235 extirpa-

369 1247 467 1287 tione,
493 1257 529 1279 ac
553 1252 684 1279 sanctae
706 1246 814 1278 Matris
840 1245 1003 1278 Ecclesiae
1022 1245 1107 1277 exal·
1127 1263 1129 1268 ·

368 1300 491 1333 tatione
517 1299 585 1343 pias
603 1300 640 1332 ad
663 1299 762 1331 Deum
787 1309 900 1342 preces
926 1297 1105 1337 effuderint,

1776 237 1839 271 2:33

1456 297 1570 328 van.

1125 357 1362 412 {Intlulyenlia
1394 366 1423 397 in
1451 365 1590 396 ecclesiis
1614 364 1805 396 clericorum
1839 374 1886 395 re-

1190 419 1362 461 [Jularium
1397 418 1631 450 leulmorum
1664 417 1699 448 in
1731 416 1782 448 die
1810 418 1887 457 sesto

1191 474 1222 504 S.
1254 471 1404 504 (jaiacum
1435 469 1578 502 eiusdem
1619 468 1886 511 Conyrcyaliunz's

1191 524 1377 566 fundatoris
1391 522 1412 556 ¹.

1371 601 1504 628 Clemens
1529 602 1606 634 Papa
1627 601 1660 630 X.

1263 647 1298 672 ad
1320 649 1495 678 perpetuam
1516 644 1560 670 rei
1584 643 1764 670 memoriam.

1193 715 1421 758 Reden'iptoris
1453 719 1484 747 et
1516 714 1638 747 domini
1676 714 1778 746 nostri
1816 713 1884 745 Iesu

1148 767 1284 807 Christi,
1314 768 1365 811 qui
1393 767 1553 810 gloriosos
1580 766 1883 806 saluberrisnorum,

1152 830 1233 862 quae
1261 820 1353 857 nobis
1379 819 1519 862 reliquit,
1545 820 1764 862 exemplorum
1790 824 1887 851 secta-

1148 877 1235 904 tores
1265 872 1337 904 altis
1370 872 1533 905 decoravit
1558 872 1737 905 honoribus
1762 877 1793 904 et
1817 883 1888 904 cae-

1148 924 1236 957 lestis
1262 924 1470 957 beatitudinis
1503 924 1665 957 consortio
1698 924 1819 964 effecit,
1843 924 1888 956 vi-

1148 987 1201 1010 ces
1227 977 1302 1010 licet
1327 977 1499 1016 immeriti,
1526 982 1675 1018 gerentes
1711 976 1742 1009 in
1770 977 1884 1017 terris,

1148 1029 1362 1073 spiritualium
1387 1040 1557 1062 munerum
1589 1029 1776 1069 thesauros,
1803 1040 1885 1073 quo-

1148 1093 1220 1114 rum
1244 1082 1339 1114 nobis
1365 1082 1490 1114 credita
1520 1086 1567 1113 est
1600 1081 1801 1124 dispensatio
1818 1109 1825 1121 ,
1850 1082 1887 1114 li-

1126 1136 1264 1168 ⁴benter
1288 1146 1476 1178 erogamus,
1504 1135 1586 1167 sicut
1616 1135 1654 1168 ad
1686 1135 1887 1168 excitandam

1150 1193 1182 1221 et
1205 1188 1377 1220 fovendam
1405 1199 1481 1230 erga
1508 1188 1639 1220 eosdem
1664 1188 1777 1220 beatos
1804 1188 1885 1220 caeli

1149 1241 1273 1274 incolas
1298 1242 1440 1274 fidelium
1466 1241 1689 1280 devotionem,
1716 1241 1889 1273 salubriter

1128 1316 1129 1330 ³
1149 1295 1304 1337 expedire
1326 1294 1359 1326 in
1376 1294 1510 1326 Domino
1524 1294 1730 1326 arl‘Jitramur.

1887 246 1934 270 An.
1958 243 1986 269 C.
2010 243 2072 269 ltj‘lt

1922 726 2042 748 Exordium.

369 1363 431 1396 quo
467 1352 518 1384 die
553 1351 796 1395 praedictorum
821 1351 852 1383 id
878 1350 1012 1393 egerint,
1038 1351 1108 1393 ple-

368 1405 490 1438 nariam
517 1404 660 1437 omnium
685 1409 892 1447 peccatorum
917 1413 1050 1435 suorum
1065 1402 1108 1434 in-
1128 1414 1129 1417 ¹

369 1457 567 1500 dulgentiam
592 1462 624 1489 et
649 1456 875 1489 remissionem
894 1455 1108 1488 misericordi·
1128 1470 1130 1474 ·

1193 1348 1207 1390 g
1237 1347 1263 1379 l.
1291 1347 1367 1379 Cum
1392 1347 1500 1390 itaque
1523 1357 1580 1379 nos
1604 1356 1708 1389 nuper
1733 1346 1771 1379 ad
1791 1347 1889 1379 hono·
1935 1357 2082 1404 sffnffffffiffim

1900 1391 1948 1404 Sanc
1962 1391 1966 1404 Ι
1997 1390 2036 1403 18²0*
2049 1389 2082 1403 3111

1152 1411 1218 1432 rem
1236 1400 1458 1432 sanctissinum
1471 1399 1693 1432 etindividuae
1712 1399 1888 1439 Trinitatis,
1900 1410 2083 1431 tiernnffuurrim-

1151 1454 1189 1486 ad
1208 1453 1435 1486 exaltationem
1454 1453 1635 1485 catholicae
1655 1452 1728 1485 fidei
1756 1458 1786 1484 et
1804 1453 1890 1484 chri·
1900 1441 2003 1484 3333?OE
2038 1437 2082 1456 [Μ’

211 1630 359 1654 Τῐειοευιιηιῑο·

177 1663 221 1678 rum
237 1656 297 1676 tides.

370 1517 419 1545 ter
438 1511 472 1543 in
490 1510 626 1544 Domino
645 1510 862 1550 concedimus,
884 1508 1108 1552 praesentibus

370 1563 537 1608 perpetuis
563 1563 674 1596 suturis
693 1562 893 1606 temporibus
911 1562 1068 1594 valituris.

415 1617 429 1660 ξ
452 1616 484 1649 2.
511 1617 662 1650 Volumus
674 1621 782 1648 autem
797 1621 831 1647 ut
855 1615 999 1658 ipsarum
1018 1626 1109 1658 prae-

371 1670 509 1703 sentium
556 1669 737 1702 litterarum
780 1667 989 1710 transumptis
1010 1693 1016 1706 ,
1053 1678 1109 1699 seu

371 1722 538 1765 exempliS,
554 1722 651 1754 etiam
668 1720 844 1764 impressis,
861 1731 956 1752 manu
977 1719 1110 1752 alicuius

372 1775 491 1808 notarii
509 1774 630 1817 publici
644 1773 846 1816 subscriptis,
868 1778 899 1805 et
914 1773 1021 1815 sigillo
1040 1783 1112 1815 per-

372 1839 472 1862 sonae
490 1828 523 1860 in
549 1827 767 1860 ecelesiastica
784 1826 940 1869 dignitate
959 1826 1113 1858 constitu-

373 1886 424 1914 tae
449 1880 593 1921 munitis,
621 1880 735 1912 eadem
753 1889 884 1922 prorsus
904 1878 1113 1910 tideshahea-

374 1939 435 1975 tur,
461 1944 543 1977 quae
576 1933 752 1966 haberetur
783 1931 860 1975 ipsis
885 1930 1112 1975 praesentibus

374 1988 401 2021 si
425 1988 535 2021 forent
558 1986 726 2019 exhibitae
745 1986 793 2018 vel
819 1990 984 2018 ostensae.

419 2041 531 2073 Datum
553 2039 691 2079 Romae,
718 2039 803 2081 apud
836 2038 867 2070 S.
896 2037 1027 2069 Mariam
1053 2037 1114 2069 Ma-

375 2094 496 2133 iorem,
530 2094 589 2125 sub
621 2093 741 2124 annulo
774 2090 966 2129 piscatoris,
998 2090 1049 2122 die
1075 2100 1114 2122 xv

377 2147 453 2180 maii
488 2156 651 2186 MDCLXXI,
684 2143 891 2188 pontificatus
930 2143 1032 2176 nostri
1059 2153 1115 2174 an-

379 2211 421 2233 no
446 2210 482 2233 11.

786 2251 808 2283 l.
830 2250 864 2283 G.
885 2251 1025 2283 Stusns.

416 2323 474 2350 Dat.
496 2323 540 2350 die
563 2324 594 2350 15
615 2322 677 2349 maii
701 2322 776 2355 1671,
798 2321 895 2357 pontis.
916 2330 988 2347 aimo
1009 2327 1037 2346 ιι.

418 2394 583 2427 Ite-(sistram
608 2394 639 2420 in
665 2393 771 2420 Secret.
798 2393 946 2425 Brevium,
968 2393 1017 2418 cib.
1045 2398 1060 2418 tt
1079 2392 1120 2418 dvi-

382 2446 490 2466 versor.
510 2438 561 2472 fob.
583 2438 645 2464 092.

468 2690 543 2720 Bull.
565 2689 645 2715 Rom.
667 2703 698 2707 —-
724 2688 780 2715 Vol,
803 2687 901 2714 XVIII
1043 2686 1077 2713 30

1152 1506 1274 1538 stianae
1300 1505 1467 1548 religionis
1493 1505 1728 1537 incrementum
1745 1531 1752 1544 ,
1783 1516 1818 1536 ac
1851 1505 1890 1536 de

1152 1559 1384 1591 venerabilium
1399 1560 1530 1591 fratrum
1544 1562 1729 1590 nostrorum
1748 1557 1778 1590 S.
1796 1557 1832 1589 R.
1853 1557 1888 1589 E.

1152 1612 1385 1652 cardinalium,
1411 1622 1448 1644 ac
1474 1611 1740 1654 patriarcharum,
1768 1610 1893 1642 arehie-

1152 1664 1357 1708 piscoporum
1396 1669 1429 1696 et
1461 1664 1708 1707 episcoporum,
1742 1661 1774 1694 in
1807 1663 1892 1694 alma

1154 1717 1237 1750 Urbe
1269 1719 1378 1750 nostra
1411 1723 1485 1749 tunc
1520 1716 1726 1749 existentium
1744 1715 1890 1755 consilio,

1152 1771 1283 1803 beatum
1308 1770 1490 1803 Caietanum
1516 1769 1728 1809 'l'hienaeum,
1752 1768 1893 1810 Congre-

1155 1823 1294 1865 gationis
1321 1824 1511 1856 clericorum
1543 1822 1739 1864 regularium
1764 1820 1892 1853 Theati-

1154 1887 1272 1908 norum
1304 1881 1560 1918 nuncupatorum
1590 1875 1814 1913 fundatorem,
1841 1884 1894 1905 au-

1131 1933 1134 1946 *
1155 1929 1303 1962 ctoritate
1318 1929 1413 1961 nobis
1428 1928 1589 1961 aDouiino
1606 1927 1761 1966 tradita‚S
1785 1931 1894 1958 netum

1156 1993 1226 2014 esse
1252 1981 1493 2014 decreverimus
1519 1985 1550 2012 et
1574 1979 1834 2018 deliniret-imus,
1858 1989 1896 2011 ac

1155 2035 1345 2067 Sanctorum
1366 2035 1513 2076 catalogo
1538 2032 1677 2066 solemni
1695 2032 1756 2064 ritu
1777 2031 1897 2064 adscri-

1156 2088 1316 2132 pserimus
1332 2098 1338 2119 2

1201 2141 1215 2184 g
1240 2141 1271 2173 02.
1300 2141 1378 2172 Hine
1404 2140 1550 2183 estquod
1577 2150 1644 2179 nos,
1660 2139 1697 2171 ad
1714 2137 1894 2181 augendam

1159 2194 1300 2226 fidelium
1327 2193 1517 2235 religionem
1553 2197 1584 2224 et
1613 2192 1791 2223 animarum
1815 2191 1897 2222 salu-

1160 2253 1222 2280 tem
1249 2248 1441 2280 caelestibus
1467 2246 1627 2278 Ecclesiae
1658 2244 1818 2277 thesauris
1845 2244 1898 2288 pia

1160 2301 1317 2334 charitate
1331 2300 1455 2340 intenti,
1475 2304 1506 2331 et
1524 2300 1562 2331 de
1589 2297 1824 2340 omnipotentis
1842 2296 1899 2329 Dei

1161 2353 1383 2386 misericordia
1408 2357 1439 2384 et
1463 2353 1631 2384 beatorum
1659 2350 1743 2382 Petri
1764 2355 1794 2381 et
1811 2348 1900 2381 Pauli

1163 2408 1386 2450 apostolorum
1404 2405 1470 2438 eius
1488 2404 1678 2437 auctoritate
1693 2402 1815 2442 conlisi,
1835 2413 1903 2434 om-

1164 2461 1258 2493 nibus
1289 2466 1320 2492 et
1344 2459 1478 2502 singulis
1503 2458 1671 2500 utriusque
1697 2467 1789 2489 sexus
1816 2455 1902 2488 chri-

1165 2514 1359 2547 stitidelibus
1384 2524 1457 2545 vere
1483 2510 1728 2556 poenitentibus
1763 2514 1794 2541 et
1825 2518 1901 2540 con-

1167 2567 1279 2606 fessis,
1305 2578 1341 2599 ac
1369 2568 1460 2599 saera
1492 2563 1723 2598 coti‘in‘ltinione
1750 2560 1900 2600 resectis,

1203 2632 1212 2657 1
1236 2629 1310 2656 Nunc
1329 2628 1444 2664 primum
1465 2628 1605 2663 impressa.

1926 2149 2056 2172 lmlulgontia
2068 2148 2090 2168 ut

1907 2183 1926 2195 iu
1943 2176 2035 2195 rubim.
