2279 3260
156 226 210 254 An.
227 227 257 254 C.
277 227 345 255 ¹676

174 1503 185 1529 5
198 1503 218 1523 2.
235 1502 265 1523 De
280 1507 331 1523 con-

148 1529 240 1550 russatus
256 1534 330 1551 saecu·

147 1556 229 1576 tarium.

345 331 500 374 expedire
533 330 743 374 iudicaverit)
773 331 931 375 impedire
956 341 996 363 110
1022 341 1078 363 311-

345 383 436 417 diant
467 383 701 424 consessiones,
738 390 770 416 et
802 384 934 417 cuilibet
958 395 994 417 ex
1020 383 1080 416 sibi

345 436 481 469 subditis
504 437 625 479 poterit
657 437 732 469 dare
767 437 948 470 facultatem
977 436 1080 470 confi-

344 489 431 522 tendi
468 489 656 532 cuicumque
692 491 851 523 sacerdoti
888 491 1007 523 idoneo
1033 490 1080 522 5111

343 546 526 581 conventus,
554 542 649 574 etiam
676 553 741 575 non
767 543 921 586 deputato
946 554 962 575 a
987 553 1081 586 supe-

344 594 430 627 riore
448 596 606 638 praelato,
634 597 758 629 tametsi
784 596 825 628 sit
849 597 943 640 copia
964 606 1080 639 appro-

342 646 516 679 batorum:
544 648 575 680 id
597 653 701 681 tamen
727 659 799 681 raro
825 648 890 681 siat.

387 709 416 731 v.
434 699 567 737 Quando
586 700 731 742 religiosi
750 700 851 733 nostri
870 701 930 733 iter
948 700 1079 739 faciunt,

344 752 393 784 vel
414 758 488 784 sunt
513 753 542 785 in
570 753 678 796 aliquo
697 753 819 796 oppido
849 753 901 784 ubi
921 757 1080 784 monaste-

343 805 426 837 rium
452 810 596 838 nostruin
623 816 686 838 0011
712 811 770 844 051,
788 816 846 837 nec
864 805 984 837 liabent
1003 815 1078 838 con-

343 857 513 890 fessarium
548 859 650 891 nostri
686 858 815 891 Ordinis
850 857 1076 901 approbatum,

342 915 500 953 poterunt
520 910 665 943 confiteri
683 916 813 954 peccata
838 921 895 942 5113
919 910 1079 942 sacerdoti

343 963 481 1006 simplici
517 963 635 996 idoneo
668 968 795 995 nostrae
828 962 1002 1004 religionis,
1028 962 1078 994 vel

343 1016 477 1048 cuilibet
494 1016 692 1049 confessario
718 1016 906 1058 approbato,
921 1014 1077 1057 religioso

342 1069 392 1101 vel
417 1068 586 1101 saeculari.

386 1131 428 1154 v1.
455 1120 663 1154 Decerninius
696 1121 781 1163 quod
810 1121 995 1153 sacerdotes
1021 1131 1078 1153 110-

341 1172 410 1213 stri,
437 1183 504 1206 non
530 1173 687 1206 habentes
715 1173 897 1205 facultatem
923 1173 1076 1205 audiendi

342 1226 564 1259 consessiones
599 1226 826 1269 religiosorum
866 1232 1074 1266 nostrorum,

343 1289 531 1312 concessam
543 1280 592 1312 vel
610 1290 670 1322 per
687 1279 935 1312 constitutiones
953 1284 1078 1312 nostras

341 1333 391 1366 vel
416 1344 475 1376 per
499 1333 684 1376 superiores
712 1334 766 1377 qui
785 1334 874 1367 illam
899 1334 1078 1366 concedere

342 1391 492 1431 possunt,
518 1396 583 1419 11011
616 1387 744 1419 valeant
773 1388 921 1430 excipere
953 1387 1080 1420 conses-

342 1438 448 1472 'siones
474 1439 569 1472 etiam
594 1440 799 1472 sacerdotum
825 1445 1021 1472 nostrorum.

386 1501 408 1524 1.
436 1491 520 1524 Nulli
546 1501 582 1523 ex
605 1492 722 1524 nostris
748 1492 843 1524 liceat
867 1491 978 1524 audire
1004 1502 1080 1524 con-

342 1544 502 1577 sessiones
529 1544 670 1577 virorum
695 1545 907 1577 saecularium
945 1545 1014 1577 sine
1040 1556 1079 1577 eo

343 1597 429 1642 quod
455 1597 573 1630 habeat
601 1603 665 1631 tres
699 1608 799 1631 annos
829 1599 1007 1641 completos
1032 1598 1079 1630 sui

343 1651 529 1689 sacerdotii,
548 1656 581 1683 et
596 1650 666 1683 sine
694 1651 844 1684 facultate
860 1651 1020 1684 Ordinarii
1046 1662 1081 1683 ac

344 1704 394 1737 sui
411 1703 638 1748 provincialis,
661 1704 713 1747 qui
733 1704 863 1747 quidem
881 1705 971 1748 prius
988 1705 1081 1738 simul

344 1767 417 1790 cum
438 1757 585 1790 ministro
612 1763 788 1790 conventus
809 1762 840 1790 et
864 1757 927 1790 alio
953 1757 1082 1800 religio-

343 1820 378 1843 so
404 1810 498 1843 docto
518 1815 549 1842 et
565 1809 678 1843 virtute
696 1810 843 1853 praedito
861 1810 899 1842 ab
915 1810 987 1854 ipso
1004 1821 1081 1854 pro-

344 1863 475 1896 vinciali
512 1863 681 1906 designato
721 1864 813 1896 illum
849 1864 1007 1897 examinet
1041 1864 1080 1897 de

344 1915 478 1948 scientia
501 1916 618 1948 morali
644 1921 675 1948 et
698 1926 756 1959 per
780 1922 905 1949 secreta
930 1916 1081 1960 suffragia

344 1969 528 2012 approbent
552 1969 601 2002 vel
626 1969 823 2012 reprobent,
843 1970 867 2002 si
885 1975 990 2003 autem
1006 1981 1081 2013 pre-

343 2021 489 2055 vincialis
507 2032 573 2055 non
593 2022 735 2065 1101110111
752 2022 909 2055 interesse
928 2023 1078 2064 examini,

344 2075 441 2108 alium
466 2086 525 2119 pro
549 2075 606 2108 illo
632 2075 764 2119 deputet
788 2076 977 2119 religiosum
1008 2077 1080 2110 loco

346 2128 460 2171 ipsius.

388 2191 424 2214 11.
444 2181 491 2213 Ad
509 2181 685 2214 audiendas
702 2182 926 2215 consessiones
948 2182 1080 2216 semina-

345 2242 416 2265 rum
436 2233 572 2276 quilibet
591 2244 626 2267 ex
648 2234 765 2267 nostris
789 2235 886 2268 debet
905 2235 1027 2268 11311010
1044 2236 1081 2268 11-

345 2285 486 2318 centiam
507 2285 690 2327 definitorii,
706 2298 800 2330 quam
818 2287 913 2320 etiam
924 2288 1081 2331 petierita

344 2345 436 2382 patre
454 2339 657 2382 provinciali,
677 2342 826 2374 consulto
851 2341 1000 2375 ministro
1025 2342 1082 2375 do—

344 2402 428 2432 mus,
453 2402 489 2425 30
520 2392 651 2436 insuper
679 2393 778 2427 debet
810 2394 899 2437 prius
923 2395 1081 2428 audivisse

345 2445 568 2478 consessiones
584 2445 726 2479 virorum
743 2447 957 2480 saecularium
977 2448 1082 2482 lauda-

344 2499 455 2532 biliter
479 2504 510 2531 et
533 2509 592 2542 per
617 2500 694 2532 duos
724 2500 868 2543 integros
899 2511 1011 2536 annos.
1048 2503 1081 2535 ln

345 2562 409 2596 quo
426 2552 613 2586 inhibemus
636 2552 819 2588 definitorio
844 2566 884 2589 ne
909 2556 1013 2589 valeat
1037 2555 1082 2589 di-

344 2615 512 2650 spensare.

972 228 1115 255 CLEMENS
1135 230 1154 254 x
1178 230 1226 254 PP.

343 278 530 322 poteritque
556 282 618 312 tam
643 278 712 311 istis
738 289 835 322 quam
854 278 917 311 illis
938 278 1081 321 (quando
1103 286 1105 294 ¹

1169 289 1216 312 111.
1243 278 1299 317 Qui
1325 279 1393 312 sine
1419 279 1580 323 requisitis
1605 284 1633 312 et
1656 279 1859 313 facultatibus

1125 333 1283 375 expressis
1308 333 1340 365 in
1362 332 1487 365 duobus
1505 333 1646 365 numeris
1667 333 1859 366 anteceden-

1126 385 1210 418 tibus
1235 396 1330 419 ausus
1357 385 1453 418 suerit
1484 386 1706 418 consessiones
1729 386 1857 425 audire,

1125 440 1173 472 vel
1192 439 1328 472 examini
1346 438 1507 471 Ordinarii
1530 438 1598 471 sine
1616 438 1745 471 licentia
1768 438 1858 471 Ordi-

1115 492 1174 535 11115
1190 503 1223 524 se
1249 502 1420 534 exponere,
1446 491 1587 534 privatus
1612 491 1653 523 sit
1677 491 1857 524 ministerio

1125 543 1306 587 excipiendi
1331 543 1563 582 confessiones,
1583 553 1641 575 nec
1668 543 1706 576 ad
1732 543 1812 576 illud
1829 544 1857 575 ei

1124 607 1264 639 unquam
1286 596 1415 629 licentia
1436 596 1631 629 concedatur
1649 596 1707 628 nisi
1733 607 1792 639 per
1811 606 1859 628 ca-

1124 649 1259 691 pitulum
1284 650 1447 691 generale.

1167 712 1207 734 1v.
1227 702 1273 734 Ad
1293 702 1355 734 hoc
1372 707 1476 734 autern
1494 701 1544 733 ut¹
1563 701 1766 741 confessarii,
1786 708 1857 745 post

1123 754 1286 787 obtentam
1318 754 1500 786 facultatem
1526 754 1707 797 excipiendi
1734 755 1857 787 conses-

1122 806 1250 846 siones,
1273 806 1476 849 negligentes
1501 818 1563 840 1100
1590 806 1654 839 sint
1678 807 1709 839 in
1741 807 1855 846 studio,

1123 869 1182 891 nec
1217 859 1394 891 doctrinam
1426 860 1580 892 moralem
1608 870 1668 902 pro
1701 859 1856 892 derelicta

1124 912 1275 952 habeant,
1288 912 1506 956 praecipimus
1521 918 1554 944 111
1568 923 1679 945 001005
1693 913 1857 945 confessa-

1123 964 1160 996 rii
1186 970 1248 997 tam
1264 965 1404 997 virorum
1423 976 1515 1007 quain
1537 965 1727 998 seminarum
1752 966 1857 1008 (exce-

1122 1017 1185 1060 ptis
1211 1017 1263 1060 qui
1290 1017 1356 1050 sint
1379 1018 1429 1050 vel
1456 1017 1574 1050 suerint
1598 1019 1743 1061 praelati,
1763 1029 1857 1061 supe-

1121 1070 1224 1102 riores
1257 1071 1305 1103 vel
1326 1069 1476 1111 ministri,
1494 1071 1543 1103 vel
1561 1081 1671 1103 sacrae
1698 1071 1856 1113 teologiae

1122 1123 1280 1165 lectores)
1307 1123 1531 1155 examinentur
1562 1123 1857 1166 indispensabiliter

1122 1176 1153 1207 in
1174 1175 1315 1208 secunda
1339 1175 1518 1208 visitatione
1537 1176 1709 1209 cuiuslibet
1725 1176 1857 1208 triennii

1122 1238 1138 1260 a
1156 1228 1328 1270 visitatore,
1340 1233 1372 1261 et
1386 1228 1512 1261 duobus
1530 1228 1691 1271 religiosis
1714 1229 1859 1271 designa-

1123 1281 1209 1313 115111
1226 1292 1315 1313 num.
1335 1292 1343 1314 1
1365 1281 1460 1313 11111115
1480 1282 1494 1324 ἓ
1517 1279 1563 1321 2¹,
1583 1281 1637 1324 qui
1658 1292 1718 1324 per
1735 1287 1857 1314 secreta

1123 1334 1273 1376 suffragia
1301 1334 1481 1377 approbent
1508 1335 1557 1367 vel
1582 1334 1767 1377 reprobent,
1790 1340 1819 1367 et
1841 1345 1858 1366 a

1123 1387 1299 1430 reprobato
1333 1387 1495 1419 licentiam
1533 1387 1657 1420 auferat
1691 1387 1857 1420 visitator:

1125 1441 1187 1473 lioc
1221 1446 1327 1473 autem
1363 1451 1495 1473 examen
1526 1451 1656 1483 semper
1676 1440 1732 1473 siat
1755 1442 1858 1474 donec

1125 1494 1310 1526 confessarii
1328 1493 1531 1537 expleverint
1546 1494 1656 1536 viginti
1675 1505 1777 1527 annos
1797 1496 1858 1527 lau-

1126 1546 1241 1579 dabilis
1277 1546 1420 1579 exercitii
1440 1547 1593 1579 audiendi
1622 1547 1856 1587 confessiones,

1125 1605 1156 1632 et
1180 1605 1253 1642 post
1276 1599 1387 1642 viginti
1411 1610 1512 1632 annos
1538 1610 1602 1632 non
1628 1600 1763 1644 amplius
1789 1611 1859 1633 exa-

1125 1653 1297 1686 minentur.

1167 1718 1197 1739 v.
1224 1706 1257 1739 In
1283 1706 1426 1740 ecclesiis
1451 1706 1570 1739 11051115
1598 1706 1752 1750 (praeter
1776 1718 1857 1740 con-³

1126 1759 1317 1792 sessionaria
1341 1758 1371 1791 in
1392 1769 1501 1791 earum
1518 1759 1696 1802 parietibus
1713 1760 1861 1793 elabora-

1125 1818 1164 1853 ta,
1191 1823 1271 1856 quae
1296 1823 1356 1856 pro
1377 1817 1469 1856 parte
1495 1812 1660 1845 interioris
1681 1819 1859 1847 conventus

1126 1866 1269 1899 habeant
1281 1866 1467 1908 ingressum
1486 1876 1544 1908 pro
1562 1866 1782 1910 confessariis)
1798 1866 1861 1899 sint

1125 1920 1219 1952 etiam
1244 1919 1496 1952 consessionaria
1521 1920 1582 1952 alia
1607 1920 1791 1953 amovibilia
1823 1931 1859 1954 ex

1125 1972 1252 2005 decenti
1282 1972 1371 2015 ligno
1408 1972 1584 2012 fabricata·,
1619 1974 1726 2006 nullus
1755 1979 1860 2007 autem

1125 2025 1339 2058 confessarius
1374 2025 1566 2058 seminarum
1601 2026 1710 2059 audiat
1739 2027 1861 2060 conses-

1125 2078 1233 2111 siones
1254 2078 1315 2111 nisi
1341 2078 1374 2111 in
1398 2078 1508 2122 aliquo
1527 2089 1562 2111 ex
1592 2079 1768 2122 praedictis
1786 2090 1861 2112 cone

1126 2131 1332 2171 sessionariis,
1349 2142 1409 2164 nec
1433 2131 1465 2164 111
1491 2132 1714 2165 amovibilibus
1740 2144 1792 2166 eas
1810 2143 1861 2166 ex-

1125 2184 1222 2228 cipiat
1238 2184 1297 2216 nisi
1317 2184 1370 2227 qui
1388 2184 1554 2217 actualiter
1571 2185 1611 2217 sit
1637 2186 1686 2218 vel
1715 2186 1860 2229 aliquanm

1126 2237 1165 2270 do
1183 2237 1278 2270 suerit
1294 2237 1466 2280 praelatus,
1484 2239 1534 2270 vel
1555 2237 1610 2281 qui
1631 2239 1742 2271 aetatis
1759 2249 1860 2272 annos

1126 2290 1361 2334 quinquaginta
1378 2290 1505 2330 habeat,
1520 2291 1570 2323 vel
1588 2291 1750 2324 licentiam
1768 2303 1785 2324 a
1803 2302 1859 2325 suo

1125 2336 1346 2386 p1¹aelatopro
1364 2353 1438 2375 03511
1457 2353 1529 2376 1310
1548 2348 1579 2376 01
1595 2354 1780 2387 expressam
1799 2352 1858 2388 pro

1126 2395 1269 2439 qualibet
1292 2395 1372 2429 vice.

1168 2459 1211 2482 v1.
1236 2448 1272 2481 In
1288 2449 1413 2481 nullum
1431 2458 1467 2481 ex
1486 2448 1577 2482 dictis
1598 2449 1859 2483 consessionariis

1126 2502 1298 2545 religiosus
1323 2501 1440 2545 aliquis
1466 2502 1680 2545 ingrediatur,
1697 2504 1751 2546 qui
1771 2503 1859 2536 semin

1163 2575 1173 2600 1
1195 2574 1359 2600 Particulam
1379 2577 1410 2601 ut
1430 2581 1477 2600 nos
1497 2573 1619 2600 addimus
1640 2575 1675 2609 (n.
1691 2575 1739 2608 1,).

1161 2618 1178 2645 2
1196 2618 1265 2645 Edit.
1282 2618 1361 2646 Main.
1384 2618 1465 2646 habet
1487 2619 1499 2645 1
1519 2625 1554 2653 111.
1568 2618 1618 2652 1.).

1755 221 1820 255 645
1865 229 1915 256 An.
1932 228 1960 256 c.
1984 228 2053 255 1676
