2279 3260
143 247 193 274 An.
215 246 244 274 C.
267 246 335 275 ¹676

969 247 1110 272 CLEMENS
1131 249 1150 272 X
1174 249 1223 273 PP.

336 297 480 331 rincialis
504 297 703 341 suspendere
730 297 869 340 aliquem
886 296 1068 329 ministrum

337 351 537 393 quantumvis
553 350 631 383 alias
647 349 741 382 bonis
756 349 897 382 moribus
911 353 1066 387 ornatum,

337 404 546 446 consuletque
573 402 792 435 definitor-ium
815 407 861 441 ut,
889 402 913 434 si
939 401 1069 444 expedi-

336 455 424 495 verit,
441 455 622 498 praedictus
647 455 792 488 minister
816 456 1004 498 deponatur.

381 517 433 540 vu.
461 507 507 539 Ad
540 507 771 551 provincialem
799 507 894 540 etiam
927 506 1070 550 pertinet

337 559 504 593 nominare
530 566 561 593 et
593 561 761 603 designare
797 561 891 593 simul
916 571 986 592 eum
1011 559 1069 591 mi-

338 613 436 646 nistro
450 613 586 646 vicarios
602 615 743 646 omnium
758 619 974 647 conventuum
991 622 1068 644 suae

336 666 521 708 provinciae
547 672 579 699 et.
602 667 824 709 collegiorum,
851 677 976 699 iit-cnon
995 665 1068 697 illos

336 719 551 761 suspendere,
578 719 642 752 imo
670 724 708 759 et,
725 720 873 752 consulto
900 723 989 761 patre
1016 727 1070 759 ge-

337 772 448 812 nerali,
471 782 525 805 eos
551 772 694 815 privare,
725 778 787 804 tam
811 773 843 804 in
869 771 992 803 casibus
1017 782 1070 801 ex-

336 825 455 867 pressis
473 825 506 857 in
525 825 642 858 nostris
661 825 955 863 constitutionibus,
974 834 1068 866 quam

337 877 361 909 si
377 883 512 921 propter
527 878 603 911 alias
622 880 733 922 culpas
748 878 777 910 id
794 882 986 916 mereantur,
999 876 1068 908 sine

337 930 536 973 obligatione
562 931 718 964 reddendi
747 942 875 963 causam
915 935 946 962 et
973 929 1070 961 ratio-

336 995 409 1017 nem
430 995 486 1017 cur
509 986 551 1017 ita
573 984 645 1024 fiat,
672 984 729 1016 nisi
756 994 863 1016 sacrae
889 982 1071 1025 Congrega-

336 1037 416 1070 tioni
451 1043 507 1070 aut
538 1037 699 1079 generali,
733 1036 862 1079 quamlo
898 1034 1069 1078 requisitus

335 1089 443 1121 suerit.
480 1089 559 1121 Item
601 1088 770 1121 admittere
807 1087 1069 1121 renunciationes

335 1140 512 1174 officiorum
538 1151 676 1184 quorum
699 1140 879 1183 designatio
897 1141 935 1173 ad
965 1140 1067 1184 ipsum

335 1194 486 1238 pertinet,
509 1194 633 1227 tametsi
659 1205 730 1227 cum
756 1194 904 1227 ministro
928 1194 1069 1226 nomina-

336 1247 379 1280 tio
404 1248 486 1281 sacta
511 1247 618 1280 suerit.

378 1311 445 1334 vlu.
474 1301 520 1334 Ad
553 1301 657 1344 ipsum
687 1301 781 1334 etiam
814 1306 937 1345 spectat
961 1301 1070 1344 culpas

335 1355 451 1398 punire
475 1365 577 1397 usque
603 1355 641 1387 ad
675 1355 853 1396 graviorem
889 1354 1067 1393 inclusive,

335 1408 503 1440 absolvere
530 1419 546 1439 a
571 1408 716 1440 censuris
742 1408 779 1440 ad
806 1408 923 1440 limites
947 1408 1070 1440 faculta-

336 1461 375 1493 tis
401 1461 430 1493 ei
455 1471 629 1493 concessae
656 1472 713 1504 per
749 1461 796 1493 ius
823 1472 992 1494 commune
1020 1462 1069 1493 vel

335 1513 502 1557 pontificia
527 1513 710 1556 privilegia.

378 1576 420 1599 lx.
448 1566 569 1599 Habeat
586 1566 794 1610 provincialis
821 1566 937 1599 librum
955 1567 986 1599 in
1005 1578 1070 1610 quo

335 1619 456 1652 scribat
480 1620 648 1653 facultates
673 1630 751 1662 quas
770 1620 918 1653 concedit
941 1621 980 1653 ad
995 1631 1070 1653 con-

335 1673 541 1712 cionandum,
564 1672 601 1704 ad
620 1672 759 1705 virorum
778 1673 1001 1706 consessiones
1019 1684 1071 1706 au-

337 1726 482 1766 diendas,
500 1731 530 1758 et
548 1726 679 1758 ordines
701 1726 917 1768 recipiendos,
935 1732 966 1758 et
984 1727 1013 1758 in
1031 1737 1068 1759 eo

335 1779 454 1812 nedum
480 1783 570 1811 notet
595 1779 678 1812 diem
695 1806 702 1819 ,
727 1789 870 1811 mensem
896 1784 927 1812 et
951 1790 1070 1812 anuum

335 1837 366 1864 et
390 1842 510 1864 nomen
535 1832 694 1874 religiosi,
721 1833 778 1864 sed
803 1833 899 1865 etiam
924 1832 991 1865 eius
1016 1844 1070 1875 pa-

335 1885 427 1917 triam
455 1891 486 1917 et
505 1885 825 1918 conventualitatem.

335 1975 338 1977 q
377 1948 406 1970 x.
434 1936 505 1969 Non
530 1938 626 1970 liceat
658 1937 846 1981 provinciali
872 1938 991 1982 absque
1018 1950 1070 1971 ex-

334 1993 448 2033 pressa
480 1990 613 2023 licentia
637 1991 737 2034 patris
772 1992 931 2033 generalis
953 1993 1071 2025 contri-

335 2043 502 2076 butionem
534 2044 703 2087 imponere
741 2044 771 2076 in
799 2046 855 2077 sua
881 2045 1067 2088 provincia;

335 2097 437 2138 possit
461 2102 565 2129 tamen
591 2097 752 2130 licentiam
778 2099 956 2131 concedere
975 2099 1069 2132 alicui

336 2150 484 2183 ministro
508 2156 542 2183 ut
567 2151 605 2183 de
631 2162 790 2184 consensu
816 2152 946 2186 maioris
971 2154 1070 2196 partis

336 2202 469 2245 capituli
493 2205 717 2238 conventualis
750 2216 844 2248 opem
870 2206 952 2238 serat
977 2207 1068 2239 alteri

336 2256 506 2288 conventui
531 2258 580 2290 vel
606 2258 745 2301 collegio
771 2258 940 2301 indigenti.
968 2260 1070 2303 Super

336 2318 400 2351 quo
426 2308 593 2342 hortamur
618 2320 728 2343 omnes
754 2311 920 2345 ministros
940 2317 972 2345 et
992 2324 1069 2346 con-

334 2366 449 2394 ventus
474 2366 508 2393 ut
531 2367 642 2395 mutuo
667 2374 699 2396 se
725 2364 898 2405 adiuvent,
925 2371 960 2398 ut
995 2367 1070 2399 reli-

336 2413 426 2456 giosa
451 2419 483 2447 et
502 2415 642 2448 fraterna
659 2416 799 2450 charitas
822 2418 864 2451 ita
881 2425 1069 2453 exerceatur

336 2473 365 2499 et
392 2473 610 2501 conservetur.

379 2530 419 2553 x1.
446 2520 655 2555 Provincialis
681 2523 841 2567 expirans,
855 2526 1011 2559 rationem
1035 2527 1067 2560 in

335 2574 476 2617 capitulo
491 2575 633 2617 generali
648 2576 759 2609 reddat
772 2579 856 2621 patri
870 2581 1012 2622 generali
1029 2581 1067 2614 de

336 2627 486 2661 omnibus
510 2629 660 2675 expensis
685 2630 724 2663 ab
748 2631 819 2674 ipso
844 2632 933 2666 saetis
960 2633 991 2667 in
1010 2633 1066 2669 illo
1108 2644 1307 2681 suecudinunb
1324 2649 1374 2673 etc.
1396 2647 1431 2682 (a.
1449 2647 1485 2681 r.)

1111 297 1263 338 triennio,
1274 302 1304 331 et
1315 299 1345 331 in
1358 300 1472 343 quibus
1483 312 1535 334 eas
1548 302 1634 336 feeit:
1646 304 1731 347 quod
1743 304 1843 337 sinon

1110 350 1298 391 reddiderit,
1317 357 1408 395 pater
1425 355 1586 396 generalis
1604 366 1673 388 eam
1693 357 1809 397 exigat.

1154 413 1207 436 xu.
1235 403 1265 436 Si
1290 405 1495 447 provincialis
1515 408 1641 447 obierit,
1660 410 1708 441 vel
1727 409 1787 441 alia
1805 409 1843 441 de

1111 457 1205 488 causa
1231 456 1298 489 eius
1322 457 1461 491 officium
1492 460 1682 500 cessaverit,
1709 461 1844 503 praede-

1111 517 1217 541 cessor
1241 509 1445 543 immediatus
1463 511 1504 543 sit
1522 511 1590 555 ipso
1610 512 1691 545 sacto
1708 513 1844 545 vicarius

1111 561 1328 603 provincialis,
1349 563 1407 596 uisi
1428 564 1581 597 inhabilis
1602 566 1649 598 vel
1671 565 1844 609 impeditus

1111 613 1170 653 sit3
1197 625 1268 647 nam
1297 621 1369 648 tunc
1394 617 1526 649 vicarius
1552 618 1759 661 provincialis
1785 619 1845 651 erit

1112 666 1264 700 definitor
1288 669 1408 711 primus
1434 669 1521 703 illius
1546 671 1741 713 provinciae,
1762 677 1792 703 et
1813 672 1842 703 in

1112 718 1205 751 istius
1230 721 1391 754 desectum
1417 724 1586 763 secundus,
1613 725 1717 757 donec
1738 724 1845 757 desini*

1112 773 1227 805 torium
1253 773 1350 815 eligat
1374 776 1617 817 provincialem.

1155 836 1222 858 xm.
1250 826 1283 858 ln
1309 838 1384 859 casu
1411 829 1522 861 mortis
1555 829 1688 863 alicuius
1719 831 1845 874 provin-

1112 877 1221 917 cialis,
1248 879 1317 911 eius
1342 881 1552 923 secretarius,
1579 888 1607 915 et
1640 883 1787 916 minister
1815 891 1846 917 et

1112 931 1288 964 consiliarii
1315 939 1492 966 conventus
1526 935 1557 967 in
1584 946 1646 978 quo
1673 936 1771 978 obiit,
1797 938 1846 970 vel

1112 983 1276 1017 vicinioris
1290 985 1329 1028 (si
1347 986 1428 1019 sorte
1446 992 1536 1020 extra
1555 989 1689 1021 clavium
1707 990 1845 1033 ponant¹

1112 1039 1144 1067 et
1164 1037 1347 1070 custodiant
1371 1039 1541 1081 manticas,
1563 1041 1691 1074 codices
1717 1048 1748 1075 et
1772 1043 1848 1075 seri-

1111 1093 1221 1131 pturas
1247 1101 1283 1123 ac
1308 1090 1370 1123 alia
1399 1091 1533 1133 similia,
1560 1104 1640 1137 quae
1666 1105 1767 1137 penes
1793 1096 1847 1129 de—

1112 1141 1255 1175 functum
1280 1148 1311 1176 et
1335 1144 1374 1176 ad
1400 1144 1505 1187 ipsum
1525 1146 1696 1180 attinentia
1718 1148 1848 1181 inventa

1112 1195 1241 1237 suerint,
1268 1201 1299 1229 et
1323 1198 1427 1230 claves
1451 1199 1664 1232 manticarum
1689 1201 1775 1244 apud
1799 1213 1850 1234 sen

1112 1249 1282 1282 cretarium
1308 1251 1380 1291 sint,
1407 1251 1461 1294 qui
1488 1252 1584 1285 etiam
1610 1264 1705 1286 unam
1732 1265 1770 1286 ex
1796 1255 1850 1287 tri-

1112 1303 1170 1335 hus
1197 1303 1339 1336 clavibus
1365 1315 1457 1338 arcae
1484 1306 1627 1347 habebit,
1647 1308 1750 1340 donec
1769 1307 1851 1340 vica-

1113 1356 1177 1389 rius
1191 1357 1399 1400 provincialis
1417 1359 1465 1391 vel
1483 1359 1691 1402 provincialis
1713 1360 1750 1393 de
1765 1371 1848 1394 novo

1113 1410 1233 1442 electus
1259 1411 1400 1451 accedat,
1428 1412 1476 1444 cui
1503 1413 1609 1445 omnia
1635 1424 1707 1446 eum
1736 1414 1849 1457 sigillis

1114 1467 1144 1495 et
1169 1463 1357 1496 formulario
1383 1464 1480 1497 officii
1511 1465 1686 1507 tradentur,
1712 1467 1772 1499 nisi
1794 1478 1849 1510 pa-

1114 1521 1162 1548 ter
1186 1518 1346 1559 generalis
1366 1517 1459 1551 aliter
1475 1518 1684 1562 disposuerit,
1704 1519 1741 1552 Et
1759 1531 1850 1563 prae-

1113 1570 1250 1612 cipimus
1277 1571 1307 1603 in
1335 1570 1449 1603 virtute
1486 1577 1615 1605 sanctae
1644 1572 1848 1606 obedientiae

1113 1623 1287 1666 praedictis
1318 1624 1481 1665 ministro,
1510 1625 1698 1666 secretario,
1730 1624 1789 1666 ei‘2,
1818 1632 1850 1659 et

1113 1675 1315 1716 consiliariis,
1343 1682 1375 1709 et
1395 1677 1545 1709 omnibus
1568 1683 1598 1710 et
1623 1678 1759 1721 singulis
1777 1679 1848 1711 aliis

1113 1728 1283 1771 religiosis,
1300 1735 1333 1761 ut
1352 1740 1515 1773 nunquzam
1534 1731 1679 1774 aperiant
1698 1743 1756 1765 nec
1775 1743 1850 1775 ape-

1113 1782 1177 1814 rire
1203 1782 1391 1825 permittant
1416 1783 1516 1816 dictas
1541 1785 1708 1825 manticas,
1730 1796 1788 1818 nec
1806 1786 1849 1817 ri-

1114 1835 1210 1867 deant
1234 1846 1290 1868 seu
1316 1837 1424 1878 legant
1449 1837 1577 1880 scripta,
1605 1849 1686 1880 quae
1707 1839 1792 1882 apud
1813 1849 1847 1871 se

1113 1889 1318 1931 provincialis
1343 1889 1512 1922 defunctus
1539 1891 1691 1924 habebat.

1157 1953 1179 1975 1.
1202 1942 1376 1974 Hortamur
1397 1943 1427 1975 in
1451 1943 1588 1976 Domino
1611 1944 1792 1978 visitatores
1816 1950 2044 2002 ¹¹[=e?⁵x-}}1i³0³*1¹1”3‘33’.

1113 2005 1231 2038 scopus
1247 2007 1282 2028 ac
1297 1995 1368 2028 linis
1382 2007 1516 2029 suarum
1536 1997 1757 2031 visitationum
1773 1989 1975 2056 sem-{gjffissulis'
1994 1989 2042 2029 ciiii-

1113 2058 1172 2091 per
1196 2047 1237 2081 sit
1261 2059 1455 2081 conservare
1475 2049 1507 2082 in
1528 2060 1584 2083 suo
1602 2051 1710 2093 rigore
1729 2057 1760 2084 et
1776 2063 1850 2095 per-

1114 2101 1252 2134 t’ectione
1277 2101 1512 2135 observantiam
1538 2110 1670 2137 nostrae
1696 2107 1847 2147 regulae,

1112 2155 1379 2187 constitutionum
1415 2158 1599 2189 sanctarum
1639 2159 1849 2192 consuetudi—

1112 2207 1243 2241 nem⁸et
1256 2209 1546 2250 caeremoniarum,
1564 2221 1674 2253 pacem
1694 2217 1847 2253 statuere,

1112 2263 1221 2305 culpas
1232 2267 1263 2295 et
1272 2263 1487 2306 negligentias
1498 2264 1662 2308 corrigere
1674 2270 1705 2298 et
1715 2267 1844 2309 punire.

1148 2334 1158 2359 1
1182 2332 1221 2359 lta
1240 2332 1303 2360 edit.
1325 2333 1403 2360 Main.
1425 2342 1484 2361 cum
1505 2335 1580 2370 signo
1597 2337 1734 2371 aperiente
1751 2345 1846 2372 paren-

1113 2376 1209 2409 thesin,
1226 2378 1267 2404 cui
1284 2386 1421 2414 nunquam
1441 2379 1567 2407 subditur
1581 2381 1685 2416 siguum
1701 2382 1844 2415 claudens;

1110 2422 1156 2448 sed
1178 2422 1266 2450 nullus
1290 2432 1384 2450 sensus
1399 2424 1517 2452 eruitur:
1540 2425 1626 2452 forsan
1649 2426 1789 2460 legendum
1813 2427 1846 2462 ssi

1109 2468 1182 2501 forle
1206 2470 1288 2495 (κείνα
1311 2472 1481 2496 conventum
1501 2470 1591 2504 obiit),
1612 2471 1642 2497 in
1667 2472 1733 2498 ared
1754 2471 1845 2498 trium

1109 2512 1234 2539 clavium
1250 2516 1372 2547 ponant,
1389 2517 1440 2540 ete.
1462 2515 1498 2548 (n.
1520 2514 1567 2549 T.).

1143 2556 1159 2582 2
1181 2556 1234 2582 Vox
1253 2556 1281 2583 ei
1300 2557 1442 2589 redundat,
1465 2558 1505 2585 vel
1525 2558 1582 2593 lege
1602 2559 1663 2585 eius
1686 2565 1721 2594 tu.
1743 2562 1790 2593 m).

1144 2598 1159 2626 3
1170 2599 1262 2626 Potius
1272 2600 1332 2634 lege
1346 2601 1589 2635 constitutionum,
1601 2605 1764 2630 sanctarum
1779 2611 1844 2631 con*

1491 2665 1496 2672 ι

1739 245 1804 279 667
1849 255 1898 282 An.
1920 255 1949 281 c.
1970 254 2040 282 1676
