2279 3260
200 189 249 218 An.
266 188 294 218 C.
318 190 379 219 1671

201 280 243 299 tur.

224 777 338 803 Carpat-um
348 784 380 798 sa-

197 808 299 825 nationes.

211 1567 296 1588 Mori-us
304 1568 375 1588 lmmc-

192 1594 298 1615 dicabilis.

215 2568 328 2592 Brachium
336 2569 377 2592 ari·

1019 196 1160 224 CLEMENS
1182 201 1200 224 x
1225 200 1272 225 pp,

200 258 298 272 aaaron:
321 251 454 274 uua-nec
478 243 648 285 concipere
668 254 738 276 esse
759 255 833 277 vera
850 250 973 288 poterat
1006 253 1058 279 aut
1077 258 1129 280 vo·
1149 253 1150 256 ’
1173 247 1301 291 ralysim
1329 249 1497 282 terminata
1521 251 1687 285 brachium
1721 254 1904 293 exsiccarat,
1919 267 2103 292 nummum-,u-

394 294 495 333 lebat;
514 296 685 337 repentino
704 307 825 339 angore
843 303 1000 341 correpta,
1017 299 1047 330 in
1066 310 1130 331 ma-

393 345 487 378 nibus
514 351 546 378 et
568 348 706 390 pedibus
730 359 850 382 summe
877 351 1002 391 dolens,
1027 351 1129 384 sensit
1149 369 1150 393 ἢ

392 397 540 440 spiritum
567 409 657 432 suum
683 401 819 443 caligine
852 407 883 434 ct
907 413 1022 445 pavore
1054 396 1150 436 con-¹

391 450 467 490 cuti,
489 450 654 484 evidenter
671 453 801 495 agnovit
827 454 866 486 ab
892 455 983 488 unica
1009 459 1064 488 sua
1083 456 1128 488 in-
1149 449 1150 453 ¹

391 501 582 535 credulitate
608 504 688 536 haec
705 506 885 547 provenire,
905 509 1038 550 supplex
1058 519 1138 553 pro-⁵

392 557 525 585 testatur
549 565 582 586 se
608 556 741 589 credere
768 562 799 589 et
824 563 890 590 toto
914 560 1009 591 cordo
1036 559 1127 592 fateri

390 605 478 646 quod
504 605 586 639 Rosa
611 618 686 641 vere
711 614 821 642 sancta
857 610 904 651 sit,
932 616 963 643 et
994 617 1128 654 repente

390 658 577 701 conquievit
602 664 790 704 tempestas,
807 668 838 694 et
858 663 959 696 sensit
976 665 1127 697 recedere
1148 661 1149 676 ³

391 714 516 743 atroces
537 712 609 744 illos
631 723 852 757 paroxysmos.

435 763 449 805 ᾗ
474 762 527 796 53.
544 764 676 797 Praeter
696 767 862 809 praedicta
880 768 1061 812 spiritualia
1073 769 1128 801 be-

390 814 508 847 neficia
538 818 636 849 multa
660 818 722 850 alia
751 825 782 851 et
812 820 949 863 insignia
974 808 1127 854 ffiiracula
1148 814 1149 847 Ῐ

390 867 423 899 in
448 869 597 901 curandis
627 871 819 913 corporibus
844 878 969 915 patrata
993 883 1127 905 narran-

389 924 462 960 tur,
489 921 604 963 quibus
636 923 788 955 sanctitas
818 929 849 956 et
880 925 995 957 merita
1031 926 1148 968 huiusi

387 973 520 1015 virginis
537 974 614 1006 satis
632 985 795 1018 superque
813 979 1024 1019 comprobata
1038 984 1121 1010 sunt.
1146 972 1147 1011 ἶ

387 1024 429 1057 Ex
447 1027 654 1068 processibus
674 1028 759 1060 enim
778 1029 972 1062 auctoritate
996 1036 1125 1073 aposto-

387 1078 449 1110 lica
474 1079 630 1112 confectis
660 1085 692 1113 et
716 1081 865 1114 formiter
895 1093 912 1114 a
936 1086 1025 1115 sacra
1048 1083 1126 1116 Con-

387 1131 575 1173 gregatione
589 1131 718 1165 Rituum
735 1133 896 1175 discussis,
907 1136 1068 1168 referente
1083 1136 1125 1169 di-

385 1183 547 1217 lectotilio
561 1191 672 1218 nostro
688 1186 785 1220 Decio
800 1188 953 1221 cardinali
972 1189 1123 1223 Azzolino

386 1236 480 1269 huius
494 1247 607 1271 causae
624 1245 780 1282 ponente,
798 1251 863 1273 non
878 1242 982 1274 solum
999 1249 1124 1276 constat
1145 1281 1146 1284 Ἴ

385 1289 423 1321 de
449 1290 532 1323 fama
557 1292 736 1325 sanctitatis
756 1298 787 1325 et
810 1293 982 1327 virtutibus
1001 1296 1124 1329 theolo-
1144 1287 1146 1330 J

384 1343 510 1385 galibus
536 1349 567 1376 et
591 1345 809 1379 cardinalibus
836 1358 907 1379 cum
933 1349 1066 1381 annexis
1090 1349 1122 1381 in
1144 1339 1146 1365 ¹

385 1396 488 1437 gradu
507 1396 655 1438 heroico,
676 1399 733 1431 sed
751 1405 921 1442 praeterea
938 1412 976 1434 ex
994 1404 1123 1435 conclu-

385 1448 537 1487 dentibus
562 1450 811 1493 probationibus
830 1458 995 1497 tamquam
1013 1455 1072 1488 rite
1093 1461 1124 1488 et
1144 1455 1146 1486 ἶ

385 1507 471 1534 recte
490 1502 629 1535 admissa
647 1504 735 1537 suere
755 1507 926 1548 sequentia
947 1508 1121 1540 miracula:
1144 1496 1146 1524 ¹¹

430 1554 444 1596 ξ
469 1554 521 1587 54.
539 1555 636 1588 Maria
649 1556 803 1598 SancheZ,
821 1559 898 1591 alias
916 1560 954 1592 de
973 1560 1052 1601 Iesu,
1069 1572 1124 1594 no-
1144 1538 1146 1608 Ξ

384 1607 497 1640 vennis
521 1609 639 1651 puella,
656 1620 749 1652 quae,
770 1621 842 1643 cum
859 1613 1010 1645 sexennis
1027 1620 1122 1655 esset,

385 1660 517 1693 fortuito
543 1661 576 1693 in
600 1666 720 1694 terram
745 1664 917 1707 prolapsa,
946 1665 989 1698 ita
1017 1667 1123 1699 nervis

385 1717 416 1744 et
433 1712 562 1745 ossibus
576 1713 698 1747 offensa
716 1715 782 1756 fuit,
802 1721 845 1757 ut,
864 1719 1036 1751 contractis
1053 1729 1124 1751 cru·
1144 1729 1145 1732 ’

383 1765 486 1806 ribus,
506 1776 683 1810 eorumque
709 1778 804 1801 sensu
831 1770 1011 1813 deperdito,
1037 1773 1123 1805 omni

384 1829 516 1862 prorsus
555 1821 659 1853 standi
697 1826 729 1854 et
760 1823 947 1857 ambulandi
979 1827 1124 1868 potentia

385 1872 566 1915 deperdita,
595 1874 750 1908 continuo
777 1876 950 1910 immobilis
977 1879 1068 1911 affixa
1085 1879 1146 1913 lest

385 1926 472 1957 ctulo
498 1936 555 1969 per
588 1926 787 1969 triennium,
813 1936 979 1963 crescente
1005 1937 1121 1973 aetate,

385 1978 487 2021 magis
519 1978 641 2012 viribus
674 1981 931 2023 destituebatur,
963 1985 1146 2018 frustratis

386 2032 537 2064 omnibus
563 2032 717 2065 adhibitis
734 2036 934 2069 naturalibus
958 2038 1122 2078 remediis,
1145 2042 1147 2066 l

386 2084 454 2116 eius
470 2091 624 2127 parentes
640 2086 755 2119 humili
772 2089 868 2121 corde
883 2095 1036 2123 voverunt
1054 2102 1123 2124 eam

386 2137 418 2169 in
443 2138 590 2180 sepulcro
606 2139 792 2182 praedictae
817 2141 951 2184 virginis
977 2144 1015 2176 ad
1042 2145 1124 2177 obti-

386 2191 524 2223 nendam
539 2192 567 2224 ei
593 2193 729 2225 salutem
744 2204 801 2236 per
818 2205 974 2228 novenam
990 2208 1122 2240 ponere,

385 2248 417 2276 et
440 2243 472 2275 in
497 2244 610 2277 ultima
627 2246 817 2279 novennarii
844 2248 906 2288 die,
925 2249 999 2282 dum
1017 2256 1123 2283 votum

386 2297 622 2339 persolverant,
637 2298 798 2332 infantula
815 2311 915 2344 supra
939 2304 1122 2345 sepulerum

386 2349 494 2382 statim
528 2350 560 2382 in
592 2351 694 2394 pedes
718 2354 865 2395 surrexit,
881 2356 1004 2389 cunctis
1026 2357 1124 2390 admi-

384 2403 542 2445 rantibus,
570 2409 632 2437 tam
658 2407 807 2449 expedite
833 2410 1061 2451 deambulans,
1088 2422 1124 2444 ac

385 2456 412 2489 si
436 2467 601 2501 nunquam
626 2459 813 2495 huiusmodi
828 2463 1006 2497 laesionem
1030 2476 1123 2507 passa

387 2509 511 2543 fuisset.

431 2563 446 2607 ἓ
462 2563 515 2597 55.
535 2565 689 2600 Isabellae
706 2567 813 2602 Duran
830 2570 999 2614 apoplexia
1017 2571 1048 2603 in
1066 2582 1122 2615 pa-

1809 196 1867 230 2¹11
1918 205 2099 234 An.c.1671

1171 311 1363 344 omnemque
1391 302 1475 333 illius
1508 314 1598 336 usum
1626 316 1641 336 a
1668 306 1808 348 quinque
1844 296 1986 338 cir-''³¹¹¹‘'

1172 353 1267 394 citer,
1293 354 1458 386 mensibus
1486 356 1704 389 cruciabiliter
1730 359 1904 398 ademerat,

1172 406 1256 448 quod
1277 407 1314 439 ad
1341 407 1454 439 inutile
1473 408 1599 450 pondus
1619 414 1649 440 ct
1667 411 1820 443 continuo
1840 417 1907 443 tan—

1172 460 1336 491 tummodo
1352 459 1464 492 dolore
1488 460 1674 502 gestabatur
1702 463 1740 493 ab
1770 463 1906 496 humero

1172 511 1360 553 praedensis
1382 512 1486 544 fasciis
1510 513 1708 546 obvolutum.
1730 515 1907 557 Applicavit

1148 595 1150 607 ἱ
1171 563 1250 596 illud
1269 566 1459 607 corpusculo
1492 565 1594 598 Rosae
1620 566 1681 598 iam
1708 569 1903 607 tumulando,

1148 625 1241 650 :mox
1274 617 1386 649 fascias
1411 618 1579 661 explicuit,
1607 620 1712 661 palam
1739 620 1905 651 clamitans

1148 693 1149 697 ,
1172 667 1378 710 integerrime
1404 680 1439 702 se
1464 674 1620 712 curatam,
1646 672 1841 715 publiceque
1874 673 1904 704 in

1148 712 1149 728 ἶ
1171 720 1316 754 miraculi
1334 722 1428 754 tidem
1445 723 1576 756 robuste
1594 723 1722 757 iactavit
1735 725 1904 757 brachium

1171 779 1269 815 gestU,
1284 779 1439 817 motuque
1454 776 1708 818 expeditissimo,
1728 788 1764 809 ac
1782 777 1806 809 si
1826 788 1906 809 nun-

1171 837 1265 868 quam
1286 827 1474 869 languisset.

1212 878 1293 920 556.
1314 880 1455 923 AEthiopi
1474 882 1611 922 cuidam,
1631 893 1723 915 servo
1742 882 1849 915 Didaci
1865 884 1903 915 de

1169 931 1277 973 Ayala,
1298 942 1334 963 ex
1353 943 1524 966 nervorum
1543 936 1733 968 attractione
1755 941 1786 968 et
1800 937 1902 969 tenaci

1168 983 1251 1024 plica
1282 984 1452 1017 brachium
1486 987 1632 1019 dextrum
1669 999 1704 1020 ac
1739 999 1851 1021 manus
1888 999 1905 1020 a

1168 1036 1312 1077 pluribus
1337 1038 1428 1070 annis
1445 1039 1651 1081 denegabant
1676 1041 1828 1073 osticium.
1848 1042 1906 1074 Ita-

1168 1099 1229 1132 que
1255 1089 1293 1121 ad
1319 1090 1433 1122 famam
1448 1091 1617 1124 defunctae
1639 1093 1743 1126 Rosae
1769 1105 1842 1126 cum
1861 1106 1905 1127 re-

1167 1142 1256 1185 liqua
1280 1142 1373 1175 turba
1399 1144 1582 1186 penetravit
1601 1145 1633 1176 in
1655 1147 1825 1179 ecclesiam
1840 1148 1904 1180 divi

1167 1195 1342 1240 Dominici,
1368 1198 1608 1230 commendavit
1632 1209 1665 1231 se
1690 1205 1818 1233 sanctae
1843 1200 1904 1232 vir-

1167 1247 1243 1289 gini,
1256 1248 1439 1291 exporrexit.
1457 1248 1544 1283 illico
1563 1256 1708 1284 sanatum
1722 1252 1902 1293 brachium,

1166 1301 1312 1345 illudque
1337 1302 1370 1334 in
1395 1303 1532 1336 sublime
1557 1305 1675 1338 elatum
1704 1307 1826 1349 magnis
1850 1319 1905 1340 vo-

1167 1354 1258 1386 cibus
1276 1356 1449 1388 ostentavit
1465 1357 1665 1391 multitudini
1680 1359 1901 1393 circumfusae.

1943 896 1998 915 hiem
2020 898 2098 923 AEtmp!

1916 925 2027 948 experitur.

1144 1426 1145 1447 3
1166 1406 1224 1444 Qui
1247 1418 1374 1440 servum
1400 1409 1590 1442 familiarius
1615 1417 1778 1450 noverant,
1801 1423 1905 1445 acces-

1166 1470 1237 1492 sere
1274 1461 1409 1503 propius
1444 1462 1695 1503 gratulabundi,
1726 1475 1787 1497 nec
1817 1465 1905 1497 dedi-

1167 1512 1253 1554 gnati
1280 1513 1397 1545 osculis
1428 1514 1561 1556 fatigare
1589 1526 1718 1548 manum
1746 1517 1903 1550 beneficio

1168 1565 1269 1598 Rosae
1289 1565 1350 1598 iam
1370 1568 1512 1608 patulam
1534 1573 1565 1600 et
1584 1568 1770 1602 redivivam.

1210 1619 1224 1661 ἓ
1250 1618 1302 1651 57.
1330 1619 1520 1661 Magdalena
1538 1621 1694 1654 Chimisso
1721 1623 1838 1656 nobilis
1856 1623 1905 1655 In-
1936 1634 2101 1655 Attrsctamao-

1167 1671 1207 1703 da
1232 1671 1355 1714 (utpote
1390 1672 1428 1704 de
1460 1673 1562 1716 stirpe
1593 1676 1783 1716 regulorum
1808 1665 2097 1708 Ct1in-i351'4‘sl‘uzt5*

1167 1723 1325 1766 censium>
1344 1723 1383 1756 ab
1407 1725 1562 1758 umbilico
1578 1726 1739 1767 deorsum,
1760 1729 1904 1771 corporis

1167 1776 1366 1818 attractione,
1382 1777 1527 1811 ariditate
1549 1780 1693 1812 crurium
1720 1786 1751 1813 et
1774 1782 1903 1823 pedum,

1145 1829 1281 1870 ¹misere
1310 1840 1370 1872 per
1403 1831 1511 1873 plures
1543 1832 1717 1874 languebat
1747 1844 1856 1874 annos,
1875 1840 1906 1866 et

1145 1923 1146 1930 ἵ
1168 1882 1297 1915 nonnisi
1318 1883 1351 1915 in
1376 1884 1514 1916 aliorum
1532 1885 1680 1917 manibus
1699 1886 1761 1918 huc
1779 1892 1810 1919 et
1827 1887 1904 1919 illuc

1167 1941 1294 1979 poterat
1319 1937 1449 1977 deferri,
1466 1938 1617 1970 omnibus
1635 1939 1751 1971 frustra
1777 1940 1903 1972 adhibi—

1169 1990 1207 2022 tis
1232 1989 1489 2029 medicamentis,
1509 1990 1540 2022 in
1566 1991 1622 2024 illo
1648 1992 1835 2034 deploratae
1856 2004 1903 2025 sa-

1168 2043 1241 2075 lutis
1266 2048 1346 2075 statu
1368 2054 1425 2076 cor
1448 2044 1549 2076 erexit
1564 2045 1601 2076 ad
1619 2056 1769 2088 superna,
1788 2047 1901 2079 devote

1145 2106 1200 2141 ¹se
1227 2096 1466 2129 commendavit
1498 2097 1602 2130 dictae
1628 2099 1752 2141 virgini,
1780 2105 1811 2131 et
1835 2099 1902 2132 cius

1168 2148 1303 2180 vestium
1336 2149 1440 2181 allatis
1471 2149 1638 2192 particulis
1664 2152 1769 2194 tetigit
1794 2158 1903 2195 partes

1168 2202 1286 2242 laesas,
1312 2207 1407 2244 atque
1437 2203 1468 2234 in
1494 2202 1627 2236 instanti
1653 2207 1830 2247 perlectam
1856 2216 1905 2238 rc-

1167 2255 1328 2297 cuperavit
1345 2257 1493 2296 salutem,
1515 2257 1730 2300 omnibusque
1748 2257 1906 2290 admiran-

1169 2308 1262 2348 tibus,
1280 2309 1420 2351 propriis
1451 2309 1587 2351 pedibus
1613 2310 1691 2342 adiit
1721 2311 1905 2343 immediate

1167 2361 1428 2398 praedicatorum
1443 2362 1623 2403 ecclesiam,
1636 2363 1745 2406 ibique
1761 2363 1904 2406 publicas

1167 2413 1284 2456 gratias
1298 2414 1403 2447 dictae
1420 2415 1535 2457 virgini
1556 2416 1708 2448 reddidit.

1210 2466 1224 2508 ἓ
1249 2466 1302 2499 58.
1329 2467 1426 2499 Maria
1447 2468 1485 2500 de
1504 2467 1586 2500 Vera
1605 2469 1796 2511 dysenteria,
1820 2470 1900 2502 febri
1912 2477 2095 2527 aanss‘ss'tssgnrffiff

1166 2519 1318 2562 maligna,
1345 2520 1457 2553 dolore
1483 2521 1640 2553 stomachi
1666 2527 1697 2554 et
1720 2522 1831 2554 lethali
1849 2520 2006 2557 vo-kurerat-

1166 2573 1244 2606 mitu
1258 2583 1316 2616 per
1330 2578 1401 2607 octo
1417 2573 1484 2606 dies
1503 2574 1678 2607 laborabat.
1693 2575 1727 2607 In
1742 2575 1898 2619 extremis,
