2279 3260
191 259 241 285 Λιι.
262 258 291 284 C.
314 257 381 285 1675

227 1380 304 1400 Statuit
326 1382 345 1399 ut
366 1385 385 1400 ιιι

201 1410 295 1427 rubrica.

427 248 490 282 500

388 305 512 338 dilectis
533 304 605 337 siliis
632 310 664 337 et
688 303 813 336 clericis
840 313 895 335 seu
923 299 1119 344 presbyteris

386 358 590 401 regularibus
627 356 798 390 Societatis
824 356 893 387 lesu
931 351 1120 386 auctoritate

388 410 567 454 apostoliea
585 410 776 443 demandata
793 407 964 451 reperitur)
979 416 1013 437 ac
1027 404 1122 436 etiam

388 464 418 496 in
438 463 576 505 collegio
600 462 816 495 llibernorinn
836 461 874 492 de
899 459 1011 491 eadem
1037 455 1121 488 Urbe

388 518 612 559 (ruiusruram
631 511 734 548 b'onae
752 513 926 546 nin-moriae
945 509 1122 543 Ludoricus

388 569 418 601 S.
443 570 478 602 11.
499 569 533 601 Ε.
555 567 726 601 cardinalis
751 564 939 598 Ludovisius
964 572 1122 603 nuncupa·

389 628 459 661 tus,
488 623 572 655 illius
600 621 768 658 fundator,
796 629 853 661 pro
880 623 1026 659 tempore
1059 613 1123 646 exi-

389 675 485 707 stenti
501 674 683 718 praeposito
700 671 842 714 generali
870 669 970 701 dictae
988 666 1124 700 Societa-

390 729 428 759 tis
454 726 638 769 commisit),
673 726 880 768 ipsorumque
913 720 1124 763 collegiorum

390 781 471 813 etin
497 781 544 813 eis
569 778 755 821 degentium
774 777 916 820 quietem
942 779 973 807 et
999 774 1125 806 felicem

391 844 612 877 progressum,
628 831 803 875 plurimum
820 829 980 872 expediat,
994 833 1025 859 ut
1041 826 1126 858 inter

391 889 541 919 alumnos
568 891 598 918 et
624 884 829 917 convictores
856 882 1012 914 dictorum
1029 881 1127 912 eolle-

393 940 517 982 giorum
541 939 572 971 in
599 938 682 971 victu
710 943 741 969 et
771 936 883 968 vestitu
917 936 1046 976 totaque
1072 932 1128 964 do-

393 992 524 1025 mestica
550 991 723 1034 disciplina
742 988 947 1022 uniformitas
973 992 1126 1025 servetur,

392 1055 432 1077 ne
447 1055 481 1076 ex
503 1044 688 1077 diversitate
706 1042 851 1075 oriantur
869 1039 1002 1072 dissidia
1019 1043 1047 1070 et
1061 1047 1129 1081 per-

392 1097 606 1136 turbationes,
626 1106 706 1139 quae
732 1094 827 1126 finem
849 1091 1062 1125 institutionis
1079 1101 1131 1122 eo-

392 1150 540 1183 rumdem
567 1148 790 1191 collegiorum,
810 1146 847 1178 ad
862 1145 917 1177 Dei
944 1143 1077 1186 gloriam
1095 1142 1130 1174 fi-

395 1203 510 1246 deique
529 1201 708 1235 catholicae
723 1198 1003 1233 conservationem
1018 1202 1048 1228 et
1061 1206 1130 1239 pro-

395 1257 602 1300 pagationem
617 1255 669 1298 pie
683 1254 924 1297 prudenterque
941 1255 1130 1288 erectorum,

397 1309 554 1352 impedire
578 1320 595 1341 v
600 1309 741 1341 atlelent

441 1363 455 1405 ξ
480 1362 509 1394 ΕΞ
538 1362 619 1394 111110
636 1359 783 1402 estquod
803 1368 871 1398 nos,
892 1368 941 1401 pu
934 1368 968 1389 {311
973 1357 1132 1389 dictorum

398 1413 609 1456 collegimum
627 1413 658 1445 in
678 1412 787 1454 eisque
803 1420 887 1443 nunc
915 1415 945 1442 et
970 1419 1030 1451 pio
1057 1414 1134 1439 tein-

397 1478 475 1511 pore
494 1465 763 1499 commorantium
784 1463 882 1507 quieti
906 1473 942 1495 ac
964 1462 992 1494 te
997 1460 1047 1494 lici
1067 1470 1135 1503 pio-

398 1530 559 1563 speroque
591 1518 742 1561 regimini
768 1523 798 1549 et
824 1514 1011 1559 progressui
1037 1524 1137 1556 quan-

397 1580 462 1605 tum
491 1573 582 1605 nobis
604 1582 641 1604 ex
663 1572 728 1603 alto
753 1568 943 1602 conceditur
968 1567 1137 1610 providere

398 1626 572 1670 cupientes,
591 1629 678 1658 motu
705 1623 851 1667 proprio,
869 1633 907 1655 ,ac
922 1623 1011 1655 certa
1037 1620 1140 1653 scien-

399 1680 442 1712 tia
466 1685 498 1712 et
522 1682 647 1711 matura
673 1676 911 1710 deliberatione
937 1673 1069 1714 nostris,
1089 1673 1138 1706 de·

400 1744 462 1777 que
489 1731 688 1776 apostolicae
715 1729 885 1773 potestatis
910 1727 1138 1772 plenitudine,

399 1792 433 1819 ut.
461 1787 500 1819 de
533 1791 642 1818 cetero
677 1794 788 1816 omnes
815 1788 846 1815 et
871 1781 1009 1824 singuli,
1036 1780 1141 1813 cuius-

401 1850 541 1882 cumque
567 1843 678 1878 status,
701 1837 833 1879 gradus,
861 1835 984 1869 ordinis
1011 1840 1042 1868 et
1065 1844 1141 1867 con-

402 1892 534 1926 ditionis
560 1891 708 1929 existant,
727 1890 780 1933 qui
800 1889 832 1922 in
853 1889 1057 1922 convictores
1074 1898 1140 1920 me-

402 1951 599 1979 moratorum
624 1943 836 1985 collegiorum
861 1941 1081 1984 recipientur,
1109 1952 1140 1973 a-

402 1999 521 2032 lumnis
547 1998 692 2040 ipsorum
723 1995 935 2037 collegiorum
959 1994 1139 2037 respective

404 2052 436 2084 in
462 2051 554 2091 victu,
580 2050 706 2087 vestitu,
737 2051 866 2091 totaque
892 2047 1070 2081 domestica
1095 2047 1141 2079 di-

405 2105 542 2147 sciplina
566 2113 635 2135 sese
661 2102 863 2135 conformare
896 2101 1054 2141 debcant,
1083 2110 1142 2132 nee

407 2158 439 2190 in
457 2156 550 2189 dictis
575 2155 721 2198 collegiis
746 2153 938 2186 commorari
960 2152 1142 2185 ullomodo

406 2210 644 2254 permittantur,
664 2207 724 2240 nisi
752 2213 817 2239 toto
843 2214 1001 2249 tempore,
1022 2216 1084 2249 quo
1110 2205 1142 2237 in

408 2261 530 2296 eisdem
556 2260 703 2304 collegiis
738 2260 918 2302 respective
951 2259 1143 2299 convivent,

408 2315 547 2349 alumnis
573 2325 641 2347 sese
671 2312 752 2345 sicut
776 2312 995 2356 praemittitur
1018 2312 1143 2344 consor-

407 2375 504 2409 meut,
525 2374 638 2401 tenore
663 2365 891 2409 praesentium,
906 2370 1065 2408 perpetuo
1082 2371 1144 2397 sta-

410 2422 526 2455 tuimus
553 2425 585 2453 et
610 2420 813 2457 ordinanms,
842 2419 986 2450 volentes
1010 2424 1045 2450 ut
1069 2428 1145 2450 con-

409 2476 565 2514 victores,
594 2473 646 2517 qui
676 2472 709 2504 in
733 2471 879 2513 collegiis
905 2470 1080 2513 praedictis
1106 2471 1144 2503 de

410 2527 577 2573 praesenti
618 2525 845 2569 reperiuntur,
882 2524 964 2556 intra
1003 2523 1144 2566 aliquem

411 2585 648 2624 competentem
679 2577 851 2610 terminum
879 2576 954 2618 ipsis
984 2586 1001 2608 a
1030 2576 1146 2609 dilecto

411 2634 479 2670 tilio
497 2634 614 2667 Ioanne
640 2632 738 2664 Paulo
762 2630 850 2663 Oliva
879 2630 1064 2673 praeposito
1092 2639 1145 2671 ge-

968 251 1146 277 thLxmttttt
1170 250 1321 275 ROMANUM

1143 403 1377 451 1collegiorum
1414 405 1592 447 respective
1629 404 1730 444 victu,

1144 466 1145 498 3
1167 457 1295 498 totaque
1323 456 1501 489 domestica
1526 456 1716 499 disciplina,
1742 461 1777 488 ut
1807 466 1901 499 prae-

1167 508 1525 548 1111111,00111011110111,

1909 249 1959 276 An.
1976 247 2008 275 C.
2023 247 2092 276 1671,

1164 298 1265 330 nerali
1290 298 1458 332 Societatis
1483 299 1667 343 praedictae
1684 309 1744 342 pro
1762 298 1828 331 eius
1853 307 1900 330 ar-

1164 350 1261 383 bitrio
1279 352 1494 392 statuendum,
1511 362 1581 384 sese
1598 351 1738 384 alumnis
1755 351 1900 394 ipsorum

1766 403 1899 443 vestitu,

1557 509 1714 552 alioquin,
1733 507 1901 552 quantoci-

1168 560 1228 592 tius
1247 560 1415 594 101111110110
1441 561 1510 594 11011
1537 561 1669 623 poteiit,
1693 561 1767 595 inde
1790 561 1901 595 demit-

1168 617 1285 649 tantur,

1210 667 1225 709 g
1250 666 1280 699 .3.
1302 668 1345 700 Ac
1368 668 1582 701 decernentes
1604 667 1734 700 easdem
1751 676 1903 710 praesen·
1941 679 2053 699 nemum.
2071 678 2100 698 ir-

1168 724 1214 750 us
1240 719 1363 752 litteras
1387 731 1517 762 sempei
1536 720 1651 760 firmas,
1674 719 1792 753 validas
1809 724 1842 752 et
1860 706 1988 752 et'-'unus

1169 771 1282 805 tic-aces
1296 773 1432 806 existere
1449 778 1480 806 et
1495 774 1574 813 sore,
1589 783 1729 816 suosque
1744 773 1907 816 plenarios

1170 830 1201 857 et
1226 825 1369 868 integros
1394 824 1527 858 etl‘ectus
1552 825 1661 857 sortiri
1687 830 1719 857 et
1748 824 1906 864 obtinere,

1171 888 1206 911 ae
1223 879 1262 911 ab
1288 879 1436 911 omnibus
1458 884 1489 911 et
1506 878 1650 921 singulis,
1672 878 1711 911 ad
1729 888 1812 921 quos
1835 888 1910 920 spe-

1171 937 1235 964 ctat
1251 937 1281 964 et
1300 942 1359 975 pro
1382 937 1525 974 tempore
1548 931 1819 974 quandocumque
1838 940 1910 973 spe-

1164 984 1278 1025 ctabit,
1291 984 1526 1017 inviolabiliter
1547 989 1578 1016 et
1595 983 1787 1016 inconcusse
1804 983 1911 1016 obser-

1172 1038 1250 1079 vari,
1270 1038 1380 1081 sicque
1400 1043 1511 1071 etnon
1540 1037 1636 1070 aliter
1663 1032 1696 1069 in
1720 1036 1910 1080 praemissis

1174 1100 1232 1133 per
1257 1100 1477 1133 quoscumque
1513 1089 1636 1122 iudices
1666 1089 1850 1126 ordinarios
1881 1094 1912 1121 et

1174 1143 1352 1186 delegatos,
1376 1143 1472 1176 etiam
1496 1153 1667 1176 causarum
1698 1142 1810 1186 palatii
1835 1153 1913 1186 apo-

1175 1196 1280 1228 stolici
1305 1196 1479 1237 auditores,
1499 1207 1535 1228 ac
1555 1196 1586 1229 S.
1607 1196 1643 1228 R.
1666 1195 1701 1228 E.
1721 1195 1910 1236 cardinales,

1175 1248 1322 1292 aliosque
1349 1249 1514 1292 quoslibet
1534 1259 1737 1292 quacumque
1755 1247 1914 1291 praeemi-

1176 1302 1284 1334 nentia
1302 1307 1333 1335 et
1350 1307 1509 1345 potestate
1540 1302 1712 1344 fungentes
1736 1306 1768 1334 et
1792 1300 1916 1333 sunctu-

1178 1365 1239 1395 105,
1258 1355 1383 1387 sublata
1401 1355 1446 1387 eis
1466 1360 1497 1387 et
1513 1364 1626 1386 eorum
1653 1353 1786 1386 cuilibet
1806 1353 1916 1396 quavis

1178 1409 1270 1440 aliter
1289 1408 1450 1441 iudicandi
1465 1414 1495 1441 et
1514 1405 1748 1450 interpretandi
1768 1407 1917 1440 facultate

1180 1467 1211 1494 et
1227 1463 1429 1501 auctoritate,
1449 1460 1584 1494 iudicari
1600 1466 1631 1493 et
1645 1460 1774 1493 definiri
1788 1460 1916 1501 debere,

1182 1526 1216 1547 ac
1240 1515 1367 1548 irritum
1395 1522 1425 1548 et
1450 1515 1546 1547 inane
1576 1514 1601 1546 si
1627 1525 1721 1547 secus
1746 1524 1844 1557 super
1868 1513 1919 1546 his

1183 1580 1198 1600 a
1223 1579 1394 1627 quoquam,
1411 1568 1521 1611 quavis
1546 1568 1758 1607 auctoritate,
1783 1567 1920 1600 scienter

1184 1623 1232 1655 101
1257 1622 1458 1665 ignoranter,
1486 1621 1661 1664 contigerit
1686 1621 1853 1654 attentari.

1228 1675 1242 1717 g
1256 1674 1286 1706 4.
1303 1674 1373 1707 Non
1387 1674 1588 1707 obstantibus
1602 1673 1784 1717 praedictis,
1798 1684 1835 1706 ac
1848 1684 1864 1705 c
1868 1683 1921 1706 on·
1930 1681 2012 1729 “artur
2015 1687 2039 1706 ιι-
2029 1683 2049 1700 ι
2066 1686 2116 1701 con-

1184 1727 1407 1761 stitutionibus
1440 1732 1473 1759 et
1505 1719 1765 1760 ordinationibus
1796 1731 1886 1770 apost
1889 1737 1923 1759 o·
1954 1745 1956 1748 >

1184 1781 1265 1821 licis,
1283 1792 1327 1821 ac,
1353 1786 1513 1824 quatenus
1537 1791 1619 1824 opus
1644 1780 1693 1821 sit,
1708 1780 1922 1823 collegiorum

1184 1833 1426 1876 praedictorum
1445 1833 1664 1866 erectionibus
1681 1838 1713 1866 et
1725 1833 1922 1870 constitutio-

1177 1886 1297 1927 nibus,
1323 1887 1420 1920 etiam
1444 1887 1625 1919 iuramento
1644 1913 1651 1926 ‚
1674 1885 1921 1919 confirmatione

1185 1940 1369 1983 apostolica,
1394 1941 1444 1972 vel
1472 1939 1582 1982 quavis
1613 1939 1761 1972 firmitate
1786 1939 1848 1972 alia
1872 1948 1923 1972 ro-

1183 1992 1312 2033 boratis,
1331 1992 1456 2025 statutis
1475 1996 1505 2024 et
1525 1991 1831 2031 consuetudinibus,
1857 1991 1923 2034 pri-

1184 2045 1310 2088 vilegiis
1336 2055 1477 2088 quoque,
1498 2044 1629 2077 indultis
1651 2050 1682 2076 et
1705 2037 1822 2077 litteris
1846 2055 1923 2088 apo-

1185 2097 1307 2132 stolicis
1323 2097 1356 2129 in
1374 2096 1570 2130 eontrarium
1585 2096 1836 2139 praemissorum
1850 2107 1925 2139 quo-

1186 2150 1364 2185 modolibet
1395 2149 1576 2189 concessis,
1607 2149 1801 2182 confirmatis
1827 2155 1858 2182 et
1874 2149 1924 2182 in-

1187 2203 1333 2243 novatis3
1360 2203 1477 2246 quibus
1515 2202 1665 2235 omnibus
1702 2207 1734 2235 et
1768 2202 1922 2244 singulis,

1186 2259 1316 2291 illorum
1342 2263 1473 2289 tenores
1499 2254 1727 2298 praesentibus
1743 2265 1803 2298 pro
1828 2256 1924 2298 plene

1188 2317 1220 2345 et
1246 2311 1445 2344 sufficienter
1473 2308 1634 2352 expressiS
1665 2314 1698 2341 et
1721 2309 1760 2341 ad
1794 2309 1927 2341 verbum

1187 2364 1318 2397 insertis
1344 2363 1517 2401 habentes,
1544 2361 1608 2394 illis
1632 2361 1710 2394 alias
1736 2361 1769 2394 in
1794 2372 1852 2395 suo
1877 2372 1928 2395 ro-

1188 2417 1267 2450 bore
1291 2414 1523 2460 permansuris,
1537 2415 1576 2447 ad
1594 2414 1845 2457 praemissorum
1858 2413 1928 2448 effe-

1189 2476 1281 2510 ctum,
1310 2470 1370 2502 bac
1395 2468 1463 2502 viee
1489 2467 1663 2508 dumtaxat,
1681 2467 1868 2511 specialiter
1896 2472 1928 2500 et

1189 2533 1338 2565 expresse
1365 2521 1575 2563 derogamus;
1599 2520 1781 2564 ceterisque
1807 2526 1929 2554 contra—

1190 2575 1245 2607 riis
1272 2574 1541 2617 quibuscumque.

1234 2628 1248 2672 g
1273 2627 1303 2660 5.
1332 2626 1485 2659 Volumus
1514 2632 1618 2659 autem
1649 2632 1682 2659 ut
1706 2626 1925 2670 praesentium
1973 2620 2122 2646 ⁷¹¹'³¹“¹¹''¹¹'¹⁰'

1937 2652 1982 2669 suu·
1999 2646 2056 2668 11110».
