2279 3260
428 258 490 292 ‘178

386 317 481 359 graiis
500 320 711 353 recurrentes,
731 324 765 346 ac
783 313 837 346 illa
855 313 887 345 in
906 312 1018 345 cadem
1031 308 1119 341 curia

386 373 619 412 prosequentes
643 373 698 399 aut
723 371 947 409 procurantes,
975 361 1120 403 negotio-

385 432 519 464 rumque
547 426 705 463 gestores,
731 420 910 457 advocatos,
937 418 1120 459 procurato-

384 486 435 508 res
461 480 492 507 ct
517 479 661 515 agentes,
680 483 737 504 seu
764 471 858 503 ctiam
884 468 1045 501 auditores
1071 466 1119 498 vel

193 272 244 297 An.
267 271 293 297 C.
316 271 377 297 nm

385 527 509 560 iudices
534 536 632 569 super
657 525 750 557 dictis
775 523 881 555 causis
907 522 955 554 vel
981 518 1120 561 negotiis

387 582 566 623 deputatos,
594 578 763 611 occasione
789 585 958 607 causarum
985 573 1033 605 vel
1066 581 1123 603 ne-

388 633 550 676 gotiorum
576 629 771 669 huiusmodi,
789 628 938 660 occidunt
962 636 1017 658 seu
1043 633 1123 667 quo-

390 684 551 728 quomodo
567 683 767 726 percutiunt,
787 680 879 713 honis
898 678 1049 722 spoliant,
1069 686 1123 708 seu

391 738 455 781 qui,
483 747 541 780 per
562 746 594 768 se
616 736 663 766 vcl
683 744 738 776 per
759 732 851 771 alios,
869 731 990 764 directe
1007 730 1056 762 vel
1077 728 1124 760 in-

391 791 522 827 directe‚
548 787 665 820 delicta
691 784 876 817 huiusmodi
907 781 1122 821 committere,

391 841 506 884 exequi
531 841 580 872 vel
605 848 790 882 procurare,
811 841 866 869 aut
884 836 916 868 in
934 835 1055 868 eisdem
1076 844 1126 866 au-

392 895 512 933 xilium,
537 892 709 925 consilium
734 891 782 922 vel
804 890 942 922 savorem
960 892 1126 931 praestare

392 957 456 979 nou
475 950 634 985 verentur,
652 943 884 984 cuiuscumque
903 939 1127 984 praeeminen-

393 1000 454 1032 tiae
479 1004 511 1030 et.
536 995 700 1039 dignitatis
727 994 855 1027 suerint.

436 1054 450 1094 ς’
475 1050 528 1083 r13.
555 1050 632 1082 ltem
661 1046 974 1081 excomnnlnicamus
999 1051 1031 1077 et
1054 1054 1128 1077 ana-

199 1097 637 1139 tsf¹.‚'s'.'2'''¹¹¹[-';·.{‘5‚¹3ilienmtizmmns
663 1111 775 1134 omnes
797 1106 859 1132 tam
888 1097 1127 1131 ecclesiasticos

200 1146 381 1202 ¹2325,.¹.'2¹‡.'.'Y.'‡-l,¹1¹.'‚¹¹
394 1168 489 1201 quam
506 1156 686 1189 saeculares
704 1153 935 1199 cuiuscumque
950 1150 1126 1192 dignitatis,

201 1197 382 1243 ζ’ἷιιζῗῖῙῘ-ἰἰεωὲἆὲ
394 1210 457 1252 qui,
479 1212 706 1252 praetexentes
724 1206 870 1238 frivolam
890 1203 1059 1247 quamdam
1077 1212 1130 1244 ap-

201 1251 292 1270 ⁹⁰³“¹⁰⁵‘
394 1262 603 1305 pellationem
629 1271 645 1292 a
664 1258 849 1301 gravamine
868 1258 917 1289 vel
936 1258 1042 1288 sutura
1056 1265 1130 1287 exe-

395 1315 522 1348 cutione
549 1313 728 1346 litterarum
756 1309 1009 1353 apostolicarum
1034 1307 1129 1340 etiam

395 1369 428 1401 in
459 1368 559 1400 forma
583 1365 691 1398 Brevis
716 1369 780 1396 tam
806 1358 940 1405 gratiani
964 1372 1057 1404 quam
1083 1360 1131 1391 iu-

395 1421 512 1454 stitiam
538 1417 824 1455 concernentium,
850 1425 974 1447 necnon
1006 1413 1131 1446 citatio-

396 1484 479 1512 num,
498 1471 739 1509 inhibitionum,
759 1473 1007 1511 sequestrorum,
1028 1465 1132 1499 moni-

396 1527 563 1565 toriorum,
585 1532 797 1566 processuum
819 1519 1084 1553 executorialinm
1102 1522 1132 1550 et

395 1579 531 1612 aliorum
556 1577 770 1613 decretorum,
797 1585 813 1605 a
838 1572 944 1612 nobis,
966 1576 997 1604 et
1014 1582 1030 1603 a
1051 1570 1131 1603 Sede

397 1630 572 1674 praedicta,
599 1627 720 1669 legatis,
748 1625 890 1664 nunciis,
918 1622 1132 1667 praesidenti-

396 1685 468 1723 bus,
482 1681 593 1726 palatii
610 1679 711 1713 nostri
727 1684 758 1710 et
778 1687 922 1710 camerae
938 1675 1132 1718 apostolicae

398 1734 610 1773 auditoribus,
637 1729 876 1769 connnissariis,
894 1729 1029 1771 aliisque
1050 1727 1133 1760 iudi—

398 1790 487 1822 cibus
512 1794 543 1821 et
569 1785 727 1828 delegatis
758 1782 946 1827 apostolicis
973 1786 1134 1814 emanato-

399 1853 477 1881 rum,
497 1847 528 1873 et
552 1850 632 1883 quae
652 1848 711 1881 pro
730 1842 876 1879 tempore
902 1834 1131 1873 emanaverint,

400 1901 455 1928 aut
475 1895 565 1933 alias,
586 1892 624 1925 ad
650 1891 754 1923 curias
773 1890 956 1922 saeculares
974 1893 1005 1920 et
1023 1887 1134 1919 laicam

402 1952 594 1992 potestatem
619 1947 797 1983 recurrunt,
823 1948 853 1975 et
871 1942 909 1974 ab
928 1943 972 1981 ea,
992 1940 1133 1973 instante

402 2001 497 2034 ctiam
537 1998 604 2030 tisci
636 2000 849 2040 procuratore
887 1995 932 2026 vel
959 1993 1134 2032 advocato,

398 2051 638 2097 appellationes
665 2047 851 2081 huiusmodi
876 2046 1011 2085 admitti,
1036 2056 1072 2077 ac
1090 2045 1137 2078 lit-

403 2113 496 2145 teras,
514 2103 695 2142 citationes,
715 2100 938 2139 inhibitiones,
957 2103 1135 2141 sequestra,

402 2157 575 2192 monitoria
600 2160 632 2188 et
657 2155 717 2187 alia
743 2153 908 2196 praedicta
940 2152 1010 2194 capi
1032 2156 1063 2183 et
1087 2161 1137 2182 re-

404 2211 497 2244 tineri
524 2209 652 2248 faciunt,
679 2207 770 2250 quive
795 2206 850 2238 illa
876 2203 1065 2247 simpliciter
1088 2204 1137 2235 vel

403 2264 472 2297 sine
498 2273 609 2295 eorum
634 2258 839 2302 beneplacito
862 2263 893 2290 et
909 2266 1069 2289 consensu
1088 2256 1137 2288 vel

405 2316 550 2350 examino
576 2311 784 2356 exequutioni
810 2309 1008 2350 demandari,
1028 2314 1082 2340 aut
1097 2319 1137 2341 ne

407 2370 600 2402 tabelliones
626 2370 658 2398 et
683 2364 800 2397 notarii
826 2373 922 2406 super
953 2361 1138 2395 huiusmodi

405 2423 584 2456 litterarum
616 2424 647 2452 et
680 2427 889 2461 processuum
922 2414 1138 2459 exequutione

406 2476 620 2508 instrumenta
643 2473 691 2504 vel
717 2476 785 2503 acta
802 2469 974 2509 conticere,
995 2473 1047 2500 aut
1065 2478 1139 2500 con-

407 2530 490 2561 fecta
514 2526 615 2570 parti,
641 2525 730 2557 cuius
756 2525 908 2563 interest,
936 2522 1061 2554 tradere
1087 2522 1140 2554 de-

406 2583 515 2621 beant,
530 2578 712 2622 impediunt
727 2578 774 2609 vel
791 2575 976 2619 prohibent,
991 2585 1027 2606 ac
1045 2574 1138 2606 etiam

408 2641 515 2681 partes
546 2644 600 2666 seu
626 2642 736 2666 eorum
771 2634 919 2672 agentes,
946 2626 1139 2670 consangui-

227 1067 358 1092 Aprellawes
369 1071 380 1085 a

973 262 1150 287 BULLAmUM
1176 259 1325 284 Romarm

1160 318 1251 346 neos,
1277 308 1408 348 affines,
1435 307 1621 346 familiares,
1647 305 1803 344 notarios,
1827 314 1896 337 exe-

1162 364 1313 403 quutores
1339 365 1370 392 et
1394 361 1674 403 subexequutores
1701 358 1896 396 litterarum,

1163 411 1376 451 citationum,
1410 412 1659 445 monitoriorum
1696 415 1729 443 et
1761 410 1898 443 aliorum

1163 464 1403 507 praedictorum
1429 464 1577 507 capiunt,
1604 463 1809 507 percutiunt,
1836 463 1899 494 vul-

1165 522 1289 557 nerant,
1303 522 1479 556 carcerant,
1496 517 1647 556 detinent,
1659 527 1694 549 ex
1707 515 1898 554 civitatibus,

1166 568 1245 601 locis
1265 574 1297 601 et
1321 569 1430 611 regnis
1457 568 1602 609 eiiciunt,
1629 568 1722 601 honis
1746 567 1899 611 spoliant,

1166 621 1457 663 perterrefaciunt,
1496 621 1684 654 concutiunt
1720 626 1751 653 et
1775 621 1902 654 commi-

1166 679 1292 714 nantur,
1315 684 1373 717 per
1391 684 1437 713 se,
1458 674 1508 706 vcl
1529 673 1637 713 alium,
1655 684 1712 706 seu
1733 673 1825 714 alios,
1845 684 1903 716 pu-

1166 726 1249 759 blice
1268 727 1315 759 vel
1333 727 1464 765 occulte,
1492 726 1585 769 quive
1604 726 1682 758 alias
1700 726 1904 768 quibuscum-

1169 789 1231 822 que
1255 779 1402 822 personis
1428 779 1461 811 in
1495 788 1617 821 genere
1643 779 1690 811 vel
1715 777 1748 810 in
1773 778 1900 821 specie,

1169 843 1209 865 ne
1235 843 1293 875 pro
1319 831 1484 875 quibusvis
1503 841 1618 863 eorum
1634 830 1773 873 negotiis
1798 841 1905 873 prosc-

1170 885 1308 928 quendis
1339 895 1397 917 scu
1433 884 1544 926 gratiis
1577 885 1628 916 vel
1661 883 1774 917 litteris
1808 883 1906 926 impe

1171 938 1292 971 trandis
1316 938 1354 970 ad
1375 938 1554 970 Romanam
1584 937 1712 970 Curiam
1738 936 1904 976 accedant,

1171 996 1224 1023 aut
1250 1001 1411 1022 recursum
1439 990 1588 1029 habeant,
1611 1000 1668 1022 seu
1687 988 1807 1031 gratias
1822 988 1907 1031 ipsas

1171 1044 1219 1076 vel
1245 1043 1368 1075 litteras
1388 1055 1405 1074 a
1427 1042 1519 1075 dicta·
1536 1042 1618 1075 Sede
1644 1042 1831 1084 impetrent,
1850 1052 1906 1073 seu

1172 1095 1351 1139 impetratis
1379 1101 1517 1135 utantur,
1538 1095 1660 1128 directe
1680 1096 1729 1128 vel
1748 1093 1906 1126 indirecte

1173 1149 1356 1192 prohibere,
1374 1153 1517 1180 statuere
1536 1158 1593 1180 seu
1611 1147 1772 1186 mandare,
1788 1147 1837 1179 vel
1855 1156 1908 1178 eas

1173 1202 1254 1244 apud
1279 1212 1311 1234 se
1338 1207 1390 1233 aut
1414 1200 1556 1234 notarios
1574 1211 1629 1233 seu
1647 1199 1841 1232 tabelliones
1860 1199 1908 1231 vel

1173 1254 1250 1288 alias
1266 1253 1513 1296 quomodolibet
1526 1253 1667 1285 retinere
1683 1255 1906 1296 praesumunt.

1217 1309 1232 1351 ᾗ
1260 1307 1310 1339 14.
1337 1307 1415 1339 ltcrn
1439 1316 1755 1339 excommunicamus
1781 1310 1812 1338 et
1836 1315 1910 1336 ana-

1176 1360 1417 1392 thematizamus
1428 1370 1540 1392 omnes
1555 1364 1587 1391 et
1601 1369 1831 1402 quoscumque,
1844 1357 1909 1401 qui,

1175 1424 1233 1455 pcr
1257 1424 1290 1445 sc
1323 1413 1371 1445 vel
1396 1411 1487 1451 alios,
1507 1411 1695 1444 auctoritate
1716 1411 1851 1454 propria
1874 1421 1911 1443 ac

1175 1466 1214 1498 de
1240 1466 1342 1505 sacto,
1370 1475 1644 1508 quarumcumque
1670 1463 1911 1506 exemptionum

1175 1520 1223 1551 vel
1245 1518 1378 1550 aliarum
1395 1516 1571 1560 gratiarum
1588 1522 1620 1549 et
1635 1516 1816 1549 litterarum
1836 1527 1913 1559 apo-

1176 1571 1359 1605 stolicarum
1381 1576 1561 1613 praetextu,
1586 1569 1793 1602 beneficiales
1810 1574 1842 1601 et
1859 1570 1913 1602 de-

1176 1626 1331 1658 cimarum
1366 1634 1400 1656 ac
1430 1623 1508 1656 alias
1534 1633 1649 1655 causas
1674 1621 1861 1665 spirituales
1882 1626 1915 1653 et

1176 1676 1398 1720 spiritualibus
1421 1686 1563 1708 annexas
1589 1675 1628 1707 ab
1660 1673 1863 1706 auditoribus
1883 1678 1915 1706 et

1176 1729 1408 1763 commissariis
1434 1727 1557 1761 nostris
1582 1728 1720 1770 aliisque
1751 1726 1912 1759 iudicibus¹

1177 1782 1403 1816 ecclesiasticis
1425 1786 1571 1821 avocant,
1592 1781 1762 1813 illorumve
1783 1790 1912 1812 cursum

1177 1842 1208 1869 et
1232 1834 1453 1872 audientiam,
1480 1844 1515 1866 ac
1543 1843 1717 1876 personas,
1753 1831 1913 1874 capitula,

1178 1893 1367 1928 conventus,
1387 1887 1536 1928 collegia,
1557 1896 1668 1919 causas
1693 1885 1779 1928 ipsas
1803 1894 1914 1926 prose-

1179 1941 1233 1984 qui
1258 1941 1404 1974 vol‘entes
1431 1939 1629 1982 impediunt,
1655 1948 1691 1971 ac
1720 1948 1754 1969 se
1781 1937 1819 1969 de
1844 1937 1914 1969 illa—

1161 1990 1250 2026 ‘Jrum
1275 1992 1461 2034 cognitione
1482 1997 1642 2034 tamquam
1666 1989 1788 2022 iudices
1813 1989 1914 2021 inter-

1164 2061 1165 2067 *
1180 2051 1323 2090 ponunt·,
1342 2045 1436 2088 quive
1454 2049 1562 2087 partes
1584 2043 1732 2083 actriccs,
1748 2053 1828 2085 quae
1843 2042 1915 2075 illas

1180 2098 1336 2133 committi
1363 2099 1506 2130 fecerunt
1536 2102 1568 2129 et.
1592 2097 1731 2136 faciunt,
1758 2097 1798 2129 ad
1824 2106 1915 2128 revo-

1180 2153 1316 2185 candum
1330 2156 1361 2184 et
1382 2150 1527 2183 revocari
1545 2149 1727 2182 faciendum
1744 2149 1916 2182 citationes

1181 2204 1230 2236 rel
1255 2201 1467 2234 inhibitiones
1496 2204 1550 2232 aut
1574 2199 1652 2232 alias
1677 2199 1800 2232 litteras
1820 2198 1853 2231 in
1871 2198 1915 2231 eis

1182 2257 1336 2295 decretas
1351 2254 1433 2287 etad
1450 2253 1629 2286 faciendum
1643 2253 1691 2285 vel
1709 2251 1917 2285 consentien-

1182 2310 1256 2342 dum
1282 2308 1336 2353 eis,
1356 2312 1467 2340 contra
1492 2317 1572 2349 quos
1598 2306 1676 2338 tales
1702 2304 1916 2337 inhibitiones

1183 2365 1380 2400 emanarunt,
1404 2371 1422 2393 a
1446 2359 1591 2392 censuris
1612 2363 1644 2391 et
1668 2357 1783 2401 poenis
1801 2357 1833 2390 in
1851 2357 1915 2390 illis

1183 2413 1343 2448 contentis
1363 2411 1486 2445 absolvi
1508 2422 1567 2454 per
1585 2416 1739 2443 statutum
1759 2411 1808 2443 vel
1837 2409 1915 2442 alias

1182 2467 1390 2510 compellunt,
1405 2465 1454 2498 vel
1469 2463 1718 2507 exequutionem
1736 2462 1916 2495 litterarum

1183 2518 1444 2563 apostolicarum,
1461 2527 1516 2549 seu
1532 2515 1834 2559 exequutorialium,
1848 2525 1917 2558 pro-

1183 2582 1345 2611 cessuum,
1372 2581 1407 2603 ac
1432 2571 1638 2603 decretorum
1662 2567 1914 2611 praedictorum,

1183 2623 1427 2670 quomodolibet
1445 2622 1631 2667 impediunt,
1649 2622 1698 2654 vel
1716 2631 1809 2668 suum
1826 2621 1864 2653 ad
1885 2620 1917 2654 id

1901 255 1953 281 An.
1974 253 2004 281 C.
2026 253 2086 280 ¹67¹

1947 1312 1986 1331 isso<
1996 1312 2029 1337 qui
2041 1311 2067 1330 ad
2079 1316 2103 1331 se

1921 1344 1997 1358 causas
2006 1339 2105 1357 avocant.
