2279 3260
237 227 287 254 Αη.
305 227 334 255 C.
358 227 421 256 1671

383 667 386 670 -
423 653 564 681 secutam
591 650 685 683 fuisse
716 652 848 685 mirifice
874 654 1025 688 innotuit.
1054 656 1161 688 Morti-

253 1231 333 1251 Arcana
350 1232 408 1252 theo-

225 1257 295 1282 logica
311 1260 407 1283 explicat.

261 2282 400 2304 Conversano

217 2311 262 2329 elus
273 2316 320 2330 cum
331 2310 386 2332 lesu.

1063 237 1205 264 CLEMENS
1227 242 1245 265 X
1270 242 1317 266 PP-

430 289 558 312 necnon
582 286 614 313 et
636 282 871 318 sanctissimam
896 285 1058 328 Virginem
1092 288 1164 320 Dei-

427 341 550 374 param.
567 333 804 369 Intellectuales
821 337 913 369 etiam
931 339 1080 380 visiones,
1096 340 1164 383 qui-

426 384 485 417 bus
510 385 542 417 in
567 396 600 419 se
627 389 841 430 praesentiam
859 391 1162 436 Deiexperiebatur,

427 447 485 479 per
510 439 666 472 terminos
690 442 891 484 remotionis,
918 445 1113 478 eminentiae
1132 452 1163 478 et

424 490 630 531 causalitatis‚
657 492 803 536 aliasque
828 495 1089 530 circumstantias
1114 509 1161 548 eg<-

424 541 577 584 plicavit,
611 543 708 587 idque
734 556 798 579 non
824 558 841 579 a
866 548 956 581 libris
982 555 1160 592 acceptum,

424 594 481 626 sed
507 594 627 638 Spiritu
654 597 770 631 Sancto
796 599 928 633 interius
951 602 1087 634 docente
1113 613 1161 636 as-

424 699 582 735 sicationis
598 703 693 736 etiam
717 710 747 737 et
762 708 981 748 poenitentiae
997 709 1160 748 exercitia,

427 758 456 784 et
483 753 513 784 in
546 754 595 787 his
619 766 681 788 non
707 767 784 796 suo,
811 759 865 791 sed
890 760 1158 793 confessariorum

425 805 579 838 arbitratu
604 809 734 841 modum
768 811 989 852 constituisse,
1015 823 1159 845 suarum-

424 868 486 900 quc
514 859 625 892 virium
651 861 872 902 diffidentiam,
894 863 966 896 fidei
991 865 1155 904 ardorem,
1178 895 1179 898 ,

421 910 489 952 spei
516 912 730 952 securitatem,
751 914 847 947 divini
866 917 984 948 amoris
1009 917 1157 950 incendia

420 962 466 994 sic
492 963 633 996 dilucide
659 966 848 1008 explicavit,
875 973 910 1000 ut
935 969 1091 1002 sinceram
1122 981 1156 1002 ar

420 1018 519 1047 tutam
546 1025 615 1048 esse
641 1016 743 1057 viam,
774 1029 835 1061 qua
868 1020 948 1053 haec
974 1022 1075 1054 electa
1102 1022 1154 1055 Dei

418 1066 512 1109 Virgo
531 1069 711 1109 incedebat,
731 1081 882 1105 censores
901 1073 1074 1117 disparatis
1092 1077 1156 1108 col-

418 1119 547 1162 loquiis,
581 1122 746 1155 scrutiniis
771 1129 801 1156 et
832 1127 978 1159 censuris
1011 1127 1152 1159 unanimi

419 1172 544 1215 spiritu,
565 1179 637 1206 voto
663 1180 694 1206 et
718 1177 878 1210 sententia
903 1180 1130 1212 concluserint.

463 1225 478 1267 ἓ
502 1225 556 1257 16.
583 1226 701 1269 Spiritu
720 1227 775 1260 Dei
794 1239 889 1271 agere
908 1236 939 1262 et
959 1231 1008 1273 agi
1026 1231 1153 1272 Rosam,

1838 241 1903 275 197

1206 289 1272 329 bat,
1299 296 1331 323 et
1355 290 1425 334 ipse
1457 293 1545 327 Iesus
1572 306 1667 339 saepe
1694 300 1811 332 amanti
1839 299 1942 332 Rosae

1206 340 1237 373 in
1252 342 1388 385 paginae
1403 346 1536 388 planitie
1562 351 1718 390 apparuit,
1741 351 1835 394 eique
1855 352 1941 384 suavi

1206 394 1318 427 obtutu
1344 396 1601 438 ablandiebatur,
1623 406 1654 431 nt
1674 403 1803 436 verbnm
1822 406 1942 437 attenta

1183 447 1343 481 llectione
1377 450 1448 482 talis
1473 451 1599 484 animae
1633 453 1879 497 dignissimum,
1909 457 1939 489 in

1182 534 1183 537 Ἰ
1205 510 1269 541 qno
1294 506 1368 533 sunt
1392 512 1506 535 omnes
1534 504 1676 537 thesauri
1704 507 1883 549 sapientiae
1908 513 1940 541 et

1204 552 1357 585 scientiae
1375 554 1441 587 Dei.
1453 555 1502 588 Sic
1520 556 1627 595 etiam,
1639 568 1710 589 cnm
1726 565 1941 601 occuparetur

1205 604 1235 636 in
1254 606 1335 638 telae
1360 611 1546 648 constitura,
1565 610 1699 652 pulvillo
1720 611 1822 654 ipsius
1843 623 1938 655 saepe

1204 658 1405 700 quietissime
1427 660 1641 700 insidebat,et
1654 664 1692 696 ad
1712 674 1768 696 cor
1786 665 1879 697 huius
1895 666 1940 698 di-

1204 710 1304 742 lectae
1331 711 1434 744 tacitis
1459 713 1591 746 nutibus
1609 716 1816 758 loquebatur,
1838 718 1940 750 omni-

1180 772 1263 803 ¹que
1293 768 1383 805 gestu
1411 775 1505 797 suum
1533 767 1675 800 divinum
1700 769 1940 811 protestabatur

1202 824 1357 847 amorem.
1381 816 1580 859 Frequentes
1600 824 1631 852 et
1647 819 1712 852 fere
1734 821 1937 863 quotidianae

1202 872 1292 898 erant
1329 867 1424 899 huius
1460 875 1589 903 sanctae
1634 872 1761 914 animae
1801 873 1936 906 deliciae

1200 917 1297 958 istae;
1314 924 1344 951 et
1359 919 1519 954 interdum
1532 933 1654 956 moram
1672 925 1807 958 faciente
1818 936 1937 969 sponso

1201 972 1343 1012 querulis
1358 973 1489 1005 vocibus
1505 976 1751 1017 lamentabatur,
1770 978 1872 1011 donec
1885 989 1937 1011 ve-

1199 1023 1296 1056 niret.
1309 1021 1437 1058 Ludens
1463 1037 1535 1059 cum
1561 1038 1610 1067 eo,
1638 1029 1726 1062 cuius
1748 1037 1856 1073 guttur
1871 1042 1936 1064 sua·

1199 1074 1360 1108 vissimum
1387 1084 1443 1118 est,
1470 1079 1610 1112 obtinuit
1634 1081 1766 1115 vincens
1790 1084 1893 1116 curari
1919 1095 1936 1117 a

1199 1128 1368 1161 doloribus
1389 1132 1543 1172 gutturis,
1564 1133 1703 1175 perdens
1721 1136 1936 1175 vero,itcrum

1199 1180 1365 1213 doloribus
1380 1192 1448 1214 cum
1461 1183 1616 1226 patientia
1633 1187 1749 1219 donata
1763 1188 1834 1228 fnit,
1854 1199 1936 1232 quae

1199 1232 1275 1264 dum
1302 1234 1395 1266 matri
1423 1236 1579 1269 obediens
1607 1245 1766 1279 narraret,
1798 1241 1863 1273 visa
1888 1247 1936 1274 est

419 1282 454 1308 ut
478 1277 533 1310 Dei
558 1277 666 1319 filiam,
692 1280 750 1312 fuit
775 1287 925 1315 constans
950 1283 1062 1326 opinio
1088 1295 1155 1316 om-

419 1330 526 1369 nium,
555 1330 627 1374 qui¹
656 1337 731 1364 tunc
754 1333 862 1367 Limae
888 1336 1098 1378 perfectionis
1124 1329 1176 1385 et}

415 1383 649 1416 sanctimoniae
676 1384 757 1417 fama
779 1387 927 1419 celebres
949 1395 1050 1427 erant,
1072 1400 1154 1421 eam-
1172 1397 1174 1412 ⁸

414 1444 476 1476 que
503 1435 588 1467 dono
614 1436 792 1479 sapientiae
818 1439 982 1473 abundare
1002 1447 1034 1473 et
1051 1442 1153 1474 scien·

413 1487 458 1519 tia
484 1489 616 1520 caelitus
637 1489 741 1522 infusa
762 1491 935 1533 gubernari
956 1493 1149 1526 iudicarunt.
1172 1516 1174 1523 ι

412 1539 621 1574 Difficillimas
655 1543 741 1576 enim
766 1544 804 1576 de
829 1555 948 1579 arcano
973 1546 1026 1579 SS.
1052 1547 1173 1585 Τι’ὶηί-Ἰ

414 1594 487 1626 tatis
513 1596 677 1637 mysterio,
704 1596 907 1639 hypostatica
931 1599 1026 1631 Verbi
1053 1600 1149 1632 divini

415 1646 548 1687 unione,
569 1649 773 1682 sanctissimo
798 1651 907 1684 altaris
931 1651 1149 1692 Sacramento,
1170 1671 1171 1674 =

414 1699 576 1740 profundo
600 1702 907 1743 praedestinationis
933 1705 1068 1747 abysso,
1098 1704 1171 1752 na-j

415 1754 483 1783 tura
497 1752 627 1794 gratiae,
639 1759 828 1797 ceterasque
844 1757 1044 1799 theologicas
1058 1769 1150 1801 quae-

411 1803 544 1845 stioneS,
571 1815 733 1839 sacrarum
754 1808 933 1841 litterarum
959 1811 1150 1852 professori—

410 1855 469 1888 bus
494 1859 761 1900 proponentibus,
782 1866 844 1893 tam
865 1862 1056 1894 sublimibus
1074 1874 1149 1896 con-

409 1909 576 1951 ceptibus,
603 1912 770 1953 profundis
795 1915 974 1955 sententiis,
991 1921 1022 1948 et
1045 1917 1148 1949 verbis
1168 1938 1170 1958 3

409 1961 492 1994 adeo
527 1964 669 2006 propriis
703 1966 896 2009 explicavit,
923 1974 956 2000 ut
981 1961 1169 2002 laudarenti

409 2024 522 2047 omnes
558 2027 629 2048 cum
666 2017 834 2052 Servatore
871 2027 984 2055 nostro
1022 2023 1146 2055 Patrem

410 2067 667 2110 omnipotentem
686 2070 856 2104 Dominum
878 2075 957 2107 caeli
983 2080 1015 2107 et
1032 2081 1145 2115 terrac,

410 2121 496 2162 quod
524 2127 619 2162 tanta,
647 2124 848 2166 sapientibus
875 2137 909 2159 ac
934 2129 1169 2170 prudentilnisl

411 2174 610 2216 abscondita,
626 2176 814 2211 humillimis
839 2181 978 2222 parvulis
1003 2188 1034 2214 et
1058 2182 1147 2215 indo·
1167 2207 1168 2212 ,

411 2226 471 2258 ctis
491 2228 660 2261 revelaret.

455 2280 469 2322 ᾗ
494 2279 548 2312 17.
575 2281 783 2317 Conversatio
809 2285 905 2319 huius
928 2287 1061 2330 virginis
1081 2300 1146 2320 ma-

411 2331 458 2373 gis
484 2331 516 2363 in
534 2334 632 2366 caelis
653 2346 747 2377 quam
765 2337 797 2369 in
819 2339 914 2371 terris
932 2346 1012 2379 erat,
1033 2346 1064 2373 ct
1082 2342 1145 2373 ubi-
1166 2356 1167 2364 ¹

411 2394 547 2427 cumque
559 2388 797 2421 sanctissimum
813 2401 931 2424 nomen
946 2392 1014 2424 Iesu
1036 2395 1147 2435 legen-

1198 1287 1285 1318 vultu
1299 1288 1446 1329 angelico
1467 1289 1605 1323 radiare.
1626 1291 1674 1324 ltli
1690 1293 1750 1324 iam
1768 1294 1934 1336 languenti

1197 1344 1228 1370 et
1252 1339 1372 1371 viribus
1398 1341 1562 1374 deficienti
1596 1345 1750 1388 omnique
1792 1347 1934 1380 humano

1197 1392 1314 1424 auxilio
1333 1393 1503 1427 destitutae
1522 1397 1664 1429 occurrit
1682 1398 1765 1431 idem
1784 1399 1866 1442 ipse,
1881 1401 1934 1443 qui

1196 1449 1242 1476 est
1260 1445 1387 1478 adiutor
1404 1447 1436 1479 in
1457 1450 1753 1491 opportunitatibus
1778 1457 1810 1485 et
1835 1453 1934 1485 tribu-

1195 1496 1371 1537 latione,et
1391 1500 1534 1542 pretioso
1555 1503 1710 1535 vulnerati
1737 1505 1846 1537 lateris
1871 1516 1935 1549 my-

1194 1550 1343 1584 rothecio
1380 1562 1449 1585 eam
1486 1554 1627 1596 benigne
1661 1557 1857 1599 applicatam
1894 1559 1932 1591 ad

1195 1603 1406 1637 hauriendam
1433 1617 1548 1649 aquam
1575 1608 1686 1641 salutis
1719 1610 1757 1642 de
1791 1611 1933 1643 fontibus

1193 1655 1365 1690 salvatoris
1390 1658 1477 1691 illico
1503 1671 1634 1703 aegram
1659 1662 1794 1695 sanavit.
1822 1665 1868 1696 Ab
1886 1664 1933 1697 in-

1193 1710 1384 1743 nocentibus
1411 1712 1589 1754 virginibus
1609 1715 1673 1747 visa
1694 1721 1741 1748 est
1763 1726 1834 1748 cum
1860 1717 1931 1760 ipso

1192 1761 1260 1794 Iesu
1288 1763 1416 1805 sistere,
1438 1766 1634 1809 quandoque
1660 1768 1755 1800 etiam
1781 1769 1932 1802 deambu-

1192 1815 1271 1855 lare,
1299 1822 1330 1848 et
1355 1818 1573 1852 secretissima
1606 1820 1742 1854 miscere
1769 1823 1932 1865 colloquia

1193 1869 1246 1900 tali
1262 1879 1332 1901 cum
1346 1870 1526 1912 maiestate,
1538 1878 1580 1909 ut,
1597 1885 1803 1918 quocumque
1814 1877 1931 1919 pedem

1191 1920 1309 1953 fixisset
1328 1923 1393 1963 ille,
1411 1925 1627 1966 pavimentum
1650 1927 1784 1970 fulgenti
1811 1930 1931 1963 lumine

1191 1975 1389 2016 splenderet.
1411 1976 1511 2019 thue
1530 1979 1601 2011 talis
1628 1979 1713 2012 Rosa
1737 1982 1819 2014 nulli
1840 1984 1929 2015 alteri

1190 2027 1320 2068 plantae
1338 2028 1534 2062 adhaereret
1559 2041 1653 2073 quam
1680 2033 1708 2065 ei
1733 2034 1786 2076 qui
1806 2040 1851 2066 est
1872 2035 1930 2067 ssos

1167 2095 1169 2117 2
1191 2079 1294 2121 campi
1320 2085 1351 2112 et
1375 2080 1478 2113 lilium
1499 2084 1703 2124 convallium,
1731 2086 1851 2119 invenit
1875 2087 1930 2119 ba-

1190 2131 1316 2164 silicum
1347 2143 1402 2165 seu
1433 2135 1571 2168 ozimum
1606 2137 1726 2179 (quom
1755 2139 1929 2172 studiosius

1189 2184 1318 2216 colebat
1342 2192 1541 2220 reservatum
1567 2189 1616 2220 ut¹
1642 2191 1785 2232 plantam
1806 2192 1927 2234 regiam

1189 2235 1251 2278 ipsi
1276 2238 1344 2279 regi
1366 2241 1582 2283 saeculorum)
1604 2242 1725 2274 siccum
1743 2249 1773 2275 et
1792 2245 1928 2277 eradica-

1190 2294 1276 2329 tum;
1304 2290 1363 2329 eui,
1381 2291 1419 2323 dc
1447 2292 1510 2324 hoe
1535 2294 1667 2334 dolenti,
1687 2295 1755 2338 ipsc
1781 2296 1927 2330 Christus

1189 2352 1347 2385 apparens
1384 2345 1463 2377 dixit
1494 2357 1527 2379 se
1563 2348 1628 2380 suis
1661 2349 1808 2381 manibus
1838 2351 1926 2383 illum

1189 2396 1372 2429 eradicasse
1398 2402 1429 2429 et
1453 2399 1629 2440 proiecisse
1645 2428 1652 2440 ,
1681 2407 1713 2433 ut
1744 2402 1813 2444 ipse
1838 2404 1925 2435 solus

409 2435 450 2467 do
472 2436 688 2478 occurrisset,
713 2440 873 2483 tantisper
894 2442 1143 2485 immorabatur,

407 2487 484 2520 inde
502 2488 588 2521 enim
606 2491 723 2524 amoris
741 2492 832 2535 ignes
853 2494 885 2526 in
907 2496 1004 2529 corde
1029 2497 1147 2530 sentie—

443 2602 456 2629 1
479 2602 548 2629 Male
568 2603 610 2631 ed.
627 2604 710 2632 Main-
727 2606 791 2642 legit
813 2609 887 2643 quod
909 2618 957 2644 pro
973 2611 1025 2645 qui
1039 2613 1078 2647 (a.
1096 2616 1143 2647 Τ.).

1189 2454 1273 2480 esset
1299 2449 1365 2481 clus
1382 2460 1473 2483 verus
1498 2452 1659 2485 basilicus.

1232 2501 1247 2543 ἓ
1272 2500 1324 2534 18.
1353 2502 1407 2535 llis
1434 2505 1578 2537 ostendit
1602 2506 1813 2548 verissimum,
1838 2508 1922 2550 quod

1226 2615 1235 2641 1
1260 2614 1330 2642 Edit.
1352 2616 1429 2643 Main.
1453 2617 1514 2653 legit
1536 2627 1568 2644 ac
1589 2627 1635 2654 pro
1655 2623 1685 2647 ul
1708 2622 1747 2654 (n.
1767 2622 1816 2655 T.).

1951 252 2000 278 An.
2018 251 2046 278 C.
2068 252 2133 278 1671

1960 2517 2039 2539 Motiva
2058 2519 2117 2540 iuba·

1934 2544 2016 2565 bitatio-
