2279 3260
459 225 522 258 7:38

502 287 553 320 die
578 288 608 320 S.
637 288 798 321 Francisci
817 289 951 331 Borgiae
977 299 1034 332 pro
1060 287 1161 321 omni-

501 340 560 373 bus
586 340 861 381 christifidelibus,
890 340 965 373 22:30.

414 393 515 426 LXXI.
543 393 691 426 Extendit
708 399 737 427 et
755 394 886 437 ampliat
909 393 1069 426 indultum
1089 404 1159 426 car-

501 446 658 480 dinalium
685 452 712 479 et
740 446 848 479 nuncii
868 446 899 478 in
922 455 1021 488 regno
1046 446 1160 479 Portu-

501 499 618 541 galliae
644 500 683 533 de
704 499 870 532 recitando
892 498 1000 532 officio
1017 505 1047 532 et
1065 499 1159 532 missa

503 551 695 585 celebranda
715 552 745 584 in
766 554 829 584 tota
855 551 977 585 ditione
1004 552 1089 585 illius
1110 563 1160 585 ro-

503 606 550 647 gis
575 606 607 638 in
632 605 789 638 honorem
816 605 900 638 beati
919 604 1102 639 Gundisalvi
1121 606 1159 639 dc

503 661 677 692 Amaranto
691 657 819 691 Ordinis
836 658 1099 691 Praedicatoruin
1119 659 1159 691 :id

503 713 683 745 universam
716 711 817 744 sancti
842 711 1001 744 Dominici
1031 711 1160 754 religio-

502 775 588 804 nem,
618 763 691 796 2:37.

414 818 527 851 LXXII.
556 817 719 850 Indultum
738 827 797 860 pro
815 817 1071 860 Congregationc
1089 817 1160 851 Mis-

502 870 614 909 sionis,
642 876 676 902 ut
702 870 786 903 illius
816 870 995 914 presbyteri
1021 871 1158 904 aliorum

504 923 603 966 ipsius
627 923 890 965 CongregatiOnis
909 923 969 956 iter
989 933 1061 956 cum
1084 923 1160 967 ipsis

503 976 667 1018 agentium
699 976 916 1010 consessiones
942 977 1054 1009 audire
1086 987 1159 1020 pos-

502 1029 573 1068 sint,
595 1034 625 1062 et
646 1029 796 1073 superior
821 1029 981 1071 generalis
998 1030 1030 1062 in
1051 1029 1174 1072 singuz

503 1082 540 1115 lis
564 1081 717 1115 domibus
734 1082 890 1126 deputare
907 1083 1009 1116 valeat
1036 1084 1160 1116 conses-

503 1134 615 1175 sarios,
635 1145 708 1167 cum
728 1135 876 1168 facultate
894 1135 1060 1179 aperiendi
1078 1136 1160 1169 litte-

502 1199 552 1221 ras
569 1188 840 1221 Poenitentiariae
857 1189 1069 1232 Apostolicae,
1085 1189 1159 1223 2:³2).

414 1242 542 1275 LXXIII.
568 1241 660 1281 Quod
696 1241 807 1274 fratres
838 1241 966 1275 Ordinis
999 1243 1158 1276 Minorum

502 1294 604 1327 sancti
630 1294 790 1327 Francisci
816 1294 1106 1338 Cappuccinorum,
1130 1302 1157 1328 et

503 1347 660 1380 moniales
700 1346 922 1390 Cappuccinae
941 1374 948 1386 ‚
988 1347 1158 1380 cuiuslibet

504 1400 622 1433 mensis
658 1399 708 1432 die
740 1410 803 1432 non
836 1399 990 1443 impedita
1016 1400 1159 1433 osticium

501 1459 631 1486 sanctae
645 1453 755 1485 Clarae
774 1452 910 1485 recitare
929 1453 1064 1492 valeant,
1085 1453 1159 1486 241.

413 1507 540 1539 LXXIV.
566 1506 682 1539 Statuit
707 1506 794 1549 quod
822 1506 933 1539 fratres
951 1506 1049 1539 exteri
1068 1506 1161 1540 Ordi-

505 1560 553 1592 nis
571 1560 729 1592 Minorum
748 1559 849 1592 sancti
867 1559 1028 1592 Francisci
1047 1559 1085 1592 de
1099 1559 1161 1592 Ob-

502 1613 661 1646 servantia
681 1612 942 1645 Reformatorum
971 1612 1001 1644 in
1023 1623 1161 1646 conven-

503 1666 588 1698 tibus
613 1665 644 1698 S.
665 1664 827 1698 Francisci
846 1665 885 1697 ad
908 1665 1020 1708 Pupam
1039 1665 1160 1698 Tiberis

504 1725 533 1752 et
558 1719 589 1752 S.
616 1718 701 1751 Petri
722 1717 753 1749 iu
771 1718 876 1751 Monte
894 1721 1001 1751 Aureo
1019 1718 1058 1751 de
1075 1719 1160 1752 Urbe

501 1773 586 1805 ultra
619 1771 805 1816 quindecim
840 1770 908 1804 dies
942 1771 1062 1804 morari
1096 1783 1160 1805 non

502 1827 639 1865 valeant,
668 1824 742 1857 0242.

411 1880 522 1913 LXXV.
540 1879 632 1918 Quod
650 1877 823 1911 electiones
841 1877 998 1921 priorum,
1012 1878 1162 1922 subprio-

502 1943 586 1973 rum,
614 1931 822 1965 sacristarum
853 1937 880 1964 et
907 1938 1158 1975 procuratorum

501 1985 629 2019 Ordinis
654 1985 685 2018 B.
712 1985 749 2017 M.
779 1986 816 2017 de
841 1985 947 2017 Monte
973 1984 1118 2018 Carmelo
1143 1995 1161 2017 a

503 2038 791 2073 communitatibus
805 2043 1020 2072 conventuum
1036 2039 1162 2082 provin-

503 2094 626 2126 ciarum
659 2092 691 2124 in
722 2091 812 2124 Brevi
845 2102 1068 2135 expressarum
1096 2102 1161 2126 non

502 2157 568 2179 non
593 2145 690 2184 fiant,
726 2145 781 2178 sed
815 2145 847 2177 in
880 2144 1072 2178 definitoriis
1103 2156 1158 2178 ca-

500 2200 678 2244 pitulorum
716 2198 991 2242 provincia11um3
1026 2208 1157 2232 earum-

503 2254 643 2297 demque
669 2251 863 2285 electionum
893 2251 1119 2293 abrogationes
1144 2263 1161 2285 a

502 2306 612 2350 priore
650 2304 793 2347 generali
834 2304 1008 2348 approbari
1043 2304 1162 2338 debere

505 2358 627 2399 statuit,
655 2357 732 2391 0243.

414 2412 542 2446 Lxxt't.
570 2411 663 2451 Quod
688 2410 796 2444 clerici
830 2411 994 2453 regulares
1020 2411 1160 2454 Congre-

499 2464 874 2507 gationisTheatinorum
888 2464 1032 2497 osticium
1048 2465 1088 2498 de
1103 2465 1162 2499 Pu-

497 2517 681 2552 rificatione
693 2518 726 2551 Β.
747 2518 886 2560 Virginis
903 2517 1020 2551 Mariae
1038 2528 1110 2551 cum
1130 2528 1160 2551 o-

500 2573 591 2604 ctava
601 2571 775 2615 quotannis
785 2571 921 2604 recitare
934 2571 1069 2611 valeant,
1080 2570 1155 2603 ⁶244.

414 2625 558 2658 LXXVII.
578 2624 704 2659 Erectio
721 2624 834 2658 Montis
855 2634 920 2657 non
938 2623 1089 2657 vacabitis
1107 2623 1161 2657 Ur-

1011 236 1186 260 nstrantt'tt
1211 237 1272 260 nont
1279 237 1362 260 ANt'ttt

1301 287 1362 320 sini
1388 288 1519 332 quintae
1538 289 1721 329 erectionis,
1738 300 1810 323 cum
1833 292 1960 335 amplis-

1302 340 1391 372 simis
1427 341 1539 383 gratiis
1576 348 1605 375 et
1642 342 1817 385 privilegiis
1853 343 1959 376 farore

1304 393 1530 427 montistarum
1557 400 1584 428 et
1612 395 1725 429 Montis
1750 396 1962 439 depositario-

1303 456 1387 484 rum,
1413 446 1487 479 ⁶245.

1214 499 1369 532 LXXVIII.
1395 499 1564 538 Quomodo
1590 499 1630 533 sit
1648 500 1892 544 intelligendum
1912 504 1960 536 in-

1304 552 1428 585 dultum
1456 552 1494 585 de
1519 552 1625 585 officio
1640 553 1673 586 B.
1690 553 1835 588 Stanislai
1854 555 1960 589 Socie-

1304 605 1376 638 tatis
1401 606 1471 638 lesu
1497 605 1664 639 recitando
1689 612 1719 639 et
1741 607 1835 639 missit
1852 608 1882 640 in
1900 609 1959 641 Po-

1303 658 1410 691 loniae
1437 668 1536 701 regno
1561 664 1592 691 et
1617 669 1734 701 magno
1766 660 1883 694 ducatu
1909 662 1959 694 Li-

1304 711 1455 744 tliuaniae
1492 711 1702 748 celebranda:
1737 713 1889 745 nimirum
1927 714 1959 746 iu

1303 765 1445 798 ecclesiis
1471 765 1710 809 praedictorum
1733 767 1822 809 regni
1844 772 1873 800 et
1894 777 1961 799 ma-

1303 818 1356 859 gni
1384 819 1518 851 ducatus
1553 819 1836 863 quibuscumque,
1865 821 1958 853 etiam

1303 881 1367 904 non
1385 871 1552 905 Societatis
1570 872 1659 912 lesu,
1675 878 1762 905 extra
1780 883 1854 905 vero
1875 873 1961 905 dicta

1303 925 1384 964 loca,
1410 925 1439 956 in
1459 925 1603 958 ecclesiis
1628 926 1668 958 ad
1693 926 1794 958 solam
1817 926 1960 959 eiusdem

1302 977 1469 1011 Societatis
1511 977 1701 1020 religionem
1742 979 1961 1022 spectantibus

1302 1030 1430 1064 recitari
1445 1030 1588 1063 officium
1605 1037 1632 1064 ct
1654 1031 1782 1064 missam
1803 1033 1959 1065 celebrari

1301 1094 1395 1128 posse
1420 1084 1572 1123 declarat,
1601 1084 1676 1117 257.

1213 1138 1340 1171 LXXIX.
1365 1137 1457 1176 Quod
1482 1137 1582 1170 abbas
1602 1138 1761 1179 generalis
1782 1140 1960 1181 Congrega-

1303 1190 1399 1223 tionis
1420 1190 1703 1230 Vallisumbrosae,
1727 1201 1786 1233 pro
1811 1197 1958 1235 tempore

1302 1243 1450 1279 existens,
1465 1248 1653 1275 mozzettam
1669 1249 1697 1274 et
1714 1244 1958 1277 mantellettam.

1301 1296 1422 1339 pileum
1442 1300 1469 1327 et
1489 1295 1628 1328 biretum
1650 1295 1848 1338 praelatitios
1862 1296 1958 1328 etiam

1303 1349 1334 1381 in
1361 1348 1516 1392 cappellis
1533 1347 1707 1391 pontificiis
1726 1348 1850 1381 deterre
1868 1354 1898 1381 et
1912 1360 1962 1389 ge-

1303 1407 1387 1434 stare
1412 1401 1523 1444 possit,
1552 1400 1626 1433 258.

1213 1455 1329 1488 LXXX.
1358 1454 1511 1487 Prohibet
1533 1454 1684 1487 omnibus
1703 1460 1732 1487 et
1751 1455 1885 1496 singulis
1904 1456 1963 1489 sra-

1302 1507 1405 1540 tribus
1423 1506 1552 1540 Ordinis
1569 1507 1728 1540 Minorum
1747 1508 1848 1540 sancti
1867 1508 1962 1541 Fran-

1303 1561 1378 1594 cisci
1389 1561 1668 1604 Cappuccinorum
1683 1571 1744 1604 pro
1756 1571 1961 1604 quacumque

1302 1624 1336 1647 re
1362 1614 1536 1647 obtinenda
1556 1624 1724 1647 recursum
1746 1614 1785 1647 ad
1806 1625 1962 1657 personas

1303 1674 1393 1700 extra
1419 1668 1570 1701 eumdem
1596 1667 1762 1707 Ordinem,
1782 1666 1857 1701 2260.

1213 1721 1344 1754 LXXXI.
1372 1721 1608 1763 Indulgentiam
1628 1721 1806 1764 plenariam
1825 1721 1962 1763 largitur

1304 1775 1456 1807 omnibus
1482 1773 1768 1813 christifidelibus,
1801 1774 1854 1817 qui
1883 1775 1961 1807 inte-

1304 1827 1407 1860 rerint
1423 1827 1537 1860 missae
1553 1827 1591 1860 de
1605 1827 1742 1860 Nomine
1755 1827 1961 1861 Beatissimae

1304 1881 1442 1923 Virginis
1467 1881 1594 1920 Mariae,
1620 1880 1670 1914 die
1689 1891 1754 1914 xvii
1771 1882 1961 1925 septembris

1304 1933 1478 1977 quotannis
1503 1934 1734 1974 celebrandae,
1762 1933 1795 1966 in
1820 1934 1962 1967 ecclesiis

1304 1986 1545 2030 provinciarum
1566 1993 1595 2019 et
1617 1997 1790 2029 regnorum
1814 1987 1896 2028 regis
1914 1987 1963 2019 Hi-

1304 2040 1502 2084 spaniarum,
1530 2039 1605 2072 02ss2.

1215 2093 1359 2127 LXXXII.
1380 2093 1536 2127 Reductio
1555 2093 1735 2126 officiorum
1760 2093 1960 2126 notarioium

1304 2147 1385 2180 sacri
1405 2147 1515 2190 palatii
1534 2146 1713 2190 apostolici,
1741 2146 1816 2180 263.

1214 2201 1371 2234 LXXXIII.
1399 2199 1608 2233 Confirmatio
1634 2205 1665 2232 et
1690 2200 1856 2233 renovatio
1881 2200 1962 2234 Con-

1305 2253 1507 2287 stitutionum
1535 2263 1552 2286 a
1577 2252 1717 2287 Summis
1750 2253 1962 2286 Pontificibus

1304 2306 1464 2339 editarum
1495 2315 1593 2349 super
1625 2305 1787 2339 solutione
1820 2316 1963 2339 commu-

1304 2359 1408 2399 nium,
1424 2364 1615 2392 annatarum
1632 2364 1662 2392 et
1675 2359 1960 2402 quindenniorum,

1304 2422 1340 2445 ac
1373 2411 1551 2446 indictione
1586 2412 1744 2445 unionum
1769 2439 1777 2453 ,
1814 2423 1886 2445 cum
1912 2422 1963 2446 re—

1303 2465 1470 2499 vocatione
1495 2465 1751 2509 privilegiorum,
1771 2475 1807 2498 ac
1828 2475 1962 2508 congre-

1302 2518 1440 2561 gationis
1466 2518 1687 2561 deputatione,
1715 2517 1790 2551 0268.

1212 2570 1368 2604 LXXXIV.
1397 2571 1557 2604 Statutum
1591 2581 1650 2615 pro
1676 2571 1804 2605 civitate
1829 2572 1963 2604 Avenio-

1301 2624 1392 2658 nensi
1410 2624 1495 2659 circa
1517 2630 1654 2659 aetatem
1677 2631 1706 2659 et
1727 2625 1896 2670 qualitates
1914 2635 1962 2658 re-
