<?xml version="1.0" encoding="UTF-8"?>
<!DOCTYPE html PUBLIC "-//W3C//DTD XHTML 1.0 Transitional//EN"
    "http://www.w3.org/TR/xhtml1/DTD/xhtml1-transitional.dtd">
<html xmlns="http://www.w3.org/1999/xhtml" xml:lang="en" lang="en">
 <head>
  <title>
</title>
<meta http-equiv="Content-Type" content="text/html;charset=utf-8" />
  <meta name='ocr-system' content='tesseract 3.04.00' />
  <meta name='ocr-capabilities' content='ocr_page ocr_carea ocr_par ocr_line ocrx_word'/>
</head>
<body>
  <div class='ocr_page' id='page_1' title='image "./bullarumdiplomat18cath_0443.png"; bbox 0 0 2279 3260; ppageno 0'>
   <div class='ocr_carea' id='block_1_1' title="bbox 166 238 349 268">
    <p class='ocr_par' dir='ltr' id='par_1_1' title="bbox 166 238 349 268">
     <span class='ocr_line' id='line_1_1' title="bbox 166 238 349 268; baseline 0 0"><span class='ocrx_word' id='word_1_1' title='bbox 166 241 214 268; x_wconf 75' lang='lat' dir='ltr'>An.</span> <span class='ocrx_word' id='word_1_2' title='bbox 236 238 265 266; x_wconf 89' lang='lat' dir='ltr'>C.</span> <span class='ocrx_word' id='word_1_3' title='bbox 283 239 349 268; x_wconf 72' lang='lat'><strong>1673</strong></span> 
     </span>
    </p>
   </div>
   <div class='ocr_carea' id='block_1_2' title="bbox 992 238 1246 265">
    <p class='ocr_par' dir='ltr' id='par_1_2' title="bbox 992 238 1246 265">
     <span class='ocr_line' id='line_1_2' title="bbox 992 238 1246 265; baseline 0 0"><span class='ocrx_word' id='word_1_4' title='bbox 992 238 1134 265; x_wconf 64' lang='lat' dir='ltr'>emittens</span> <span class='ocrx_word' id='word_1_5' title='bbox 1155 240 1174 264; x_wconf 77' lang='lat' dir='ltr'>X</span> <span class='ocrx_word' id='word_1_6' title='bbox 1197 240 1246 265; x_wconf 72' lang='lat' dir='ltr'>Pr.</span> 
     </span>
    </p>
   </div>
   <div class='ocr_carea' id='block_1_3' title="bbox 359 289 1095 386">
    <p class='ocr_par' dir='ltr' id='par_1_3' title="bbox 359 289 1095 386">
     <span class='ocr_line' id='line_1_3' title="bbox 360 289 1095 334; baseline -0.001 -13"><span class='ocrx_word' id='word_1_7' title='bbox 360 289 447 332; x_wconf 84' lang='lat' dir='ltr'>ginta</span> <span class='ocrx_word' id='word_1_8' title='bbox 472 290 559 331; x_wconf 88' lang='lat' dir='ltr'>dies;</span> <span class='ocrx_word' id='word_1_9' title='bbox 583 292 635 334; x_wconf 91' lang='lat' dir='ltr'>qui</span> <span class='ocrx_word' id='word_1_10' title='bbox 662 301 737 324; x_wconf 91' lang='lat' dir='ltr'>vero</span> <span class='ocrx_word' id='word_1_11' title='bbox 762 291 793 323; x_wconf 92' lang='lat' dir='ltr'>in</span> <span class='ocrx_word' id='word_1_12' title='bbox 821 289 957 324; x_wconf 88' lang='lat' dir='ltr'>articulo</span> <span class='ocrx_word' id='word_1_13' title='bbox 983 289 1095 322; x_wconf 87' lang='lat' dir='ltr'>mortis</span> 
     </span>
     <span class='ocr_line' id='line_1_4' title="bbox 359 341 1094 386; baseline -0.004 -10"><span class='ocrx_word' id='word_1_14' title='bbox 359 352 437 383; x_wconf 87' lang='lat' dir='ltr'>ore,</span> <span class='ocrx_word' id='word_1_15' title='bbox 469 344 519 376; x_wconf 91' lang='lat' dir='ltr'>vel</span> <span class='ocrx_word' id='word_1_16' title='bbox 551 343 650 376; x_wconf 88' lang='lat' dir='ltr'>corde</span> <span class='ocrx_word' id='word_1_17' title='bbox 676 343 701 375; x_wconf 93' lang='lat' dir='ltr'>si</span> <span class='ocrx_word' id='word_1_18' title='bbox 729 354 784 376; x_wconf 89' lang='lat' dir='ltr'>ore</span> <span class='ocrx_word' id='word_1_19' title='bbox 815 354 879 376; x_wconf 91' lang='lat' dir='ltr'>non</span> <span class='ocrx_word' id='word_1_20' title='bbox 913 341 1094 386; x_wconf 85' lang='lat' dir='ltr'>potuerint,</span> 
     </span>
    </p>
   </div>
   <div class='ocr_carea' id='block_1_4' title="bbox 360 393 1116 436">
    <p class='ocr_par' dir='ltr' id='par_1_4' title="bbox 360 393 1116 436">
     <span class='ocr_line' id='line_1_5' title="bbox 360 393 1116 436; baseline -0.003 -9"><span class='ocrx_word' id='word_1_21' title='bbox 360 395 446 428; x_wconf 86' lang='lat' dir='ltr'>idem</span> <span class='ocrx_word' id='word_1_22' title='bbox 471 406 602 436; x_wconf 87' lang='lat' dir='ltr'>nomen,</span> <span class='ocrx_word' id='word_1_23' title='bbox 625 395 799 428; x_wconf 84' lang='lat' dir='ltr'>dummodo</span> <span class='ocrx_word' id='word_1_24' title='bbox 824 400 896 428; x_wconf 85' lang='lat' dir='ltr'>ante</span> <span class='ocrx_word' id='word_1_25' title='bbox 922 393 1116 431; x_wconf 74' lang='grc'><strong>1131111011111,</strong></span> 
     </span>
    </p>
   </div>
   <div class='ocr_carea' id='block_1_5' title="bbox 360 446 1098 1163">
    <p class='ocr_par' dir='ltr' id='par_1_5' title="bbox 360 446 1096 595">
     <span class='ocr_line' id='line_1_6' title="bbox 360 446 1095 481; baseline -0.003 -2"><span class='ocrx_word' id='word_1_26' title='bbox 360 448 626 481; x_wconf 87' lang='lat' dir='ltr'>consuetudinem</span> <span class='ocrx_word' id='word_1_27' title='bbox 653 448 697 480; x_wconf 89' lang='lat' dir='ltr'>sic</span> <span class='ocrx_word' id='word_1_28' title='bbox 722 448 881 480; x_wconf 82' lang='lat' dir='ltr'>salutandi</span> <span class='ocrx_word' id='word_1_29' title='bbox 911 448 960 480; x_wconf 78' lang='lat' dir='ltr'>vel</span> <span class='ocrx_word' id='word_1_30' title='bbox 994 446 1095 479; x_wconf 88' lang='lat' dir='ltr'>nomi-</span> 
     </span>
     <span class='ocr_line' id='line_1_7' title="bbox 361 499 1096 542; baseline -0.001 -12"><span class='ocrx_word' id='word_1_31' title='bbox 361 499 459 531; x_wconf 83' lang='lat' dir='ltr'>nandi</span> <span class='ocrx_word' id='word_1_32' title='bbox 484 499 571 532; x_wconf 87' lang='lat' dir='ltr'>idem</span> <span class='ocrx_word' id='word_1_33' title='bbox 597 510 715 532; x_wconf 89' lang='lat' dir='ltr'>nomen</span> <span class='ocrx_word' id='word_1_34' title='bbox 732 500 816 541; x_wconf 85' lang='lat' dir='ltr'>Iesu,</span> <span class='ocrx_word' id='word_1_35' title='bbox 834 499 1012 542; x_wconf 86' lang='lat' dir='ltr'>plenariam</span> <span class='ocrx_word' id='word_1_36' title='bbox 1030 509 1096 531; x_wconf 91' lang='lat' dir='ltr'>om-</span> 
     </span>
     <span class='ocr_line' id='line_1_8' title="bbox 360 551 1092 595; baseline -0.003 -12"><span class='ocrx_word' id='word_1_37' title='bbox 360 551 447 584; x_wconf 85' lang='lat' dir='ltr'>nium</span> <span class='ocrx_word' id='word_1_38' title='bbox 468 557 671 595; x_wconf 88' lang='lat' dir='ltr'>peccatorum</span> <span class='ocrx_word' id='word_1_39' title='bbox 697 563 826 585; x_wconf 90' lang='lat' dir='ltr'>suorum</span> <span class='ocrx_word' id='word_1_40' title='bbox 847 551 1092 594; x_wconf 63' lang='lat' dir='ltr'>indulgentiam.</span> 
     </span>
    </p>

    <p class='ocr_par' dir='ltr' id='par_1_6' title="bbox 361 604 1098 1163">
     <span class='ocr_line' id='line_1_9' title="bbox 404 604 1096 647; baseline 0 -12"><span class='ocrx_word' id='word_1_41' title='bbox 404 604 461 642; x_wconf 87' lang='lat' dir='ltr'>Qui</span> <span class='ocrx_word' id='word_1_42' title='bbox 487 605 614 638; x_wconf 87' lang='lat' dir='ltr'>litanias</span> <span class='ocrx_word' id='word_1_43' title='bbox 641 605 785 638; x_wconf 83' lang='lat' dir='ltr'>eiusdem</span> <span class='ocrx_word' id='word_1_44' title='bbox 811 604 863 638; x_wconf 77' lang='lat' dir='ltr'>SS.</span> <span class='ocrx_word' id='word_1_45' title='bbox 884 604 1029 638; x_wconf 86' lang='lat' dir='ltr'>Nominis</span> <span class='ocrx_word' id='word_1_46' title='bbox 1045 615 1096 647; x_wconf 89' lang='lat' dir='ltr'>ap-</span> 
     </span>
     <span class='ocr_line' id='line_1_10' title="bbox 361 656 1096 700; baseline -0.001 -12"><span class='ocrx_word' id='word_1_47' title='bbox 361 658 513 700; x_wconf 85' lang='lat' dir='ltr'>probatas</span> <span class='ocrx_word' id='word_1_48' title='bbox 541 658 764 699; x_wconf 73' lang='lat' dir='ltr'>recitaverint,</span> <span class='ocrx_word' id='word_1_49' title='bbox 785 663 958 697; x_wconf 77' lang='lat' dir='ltr'>tercentos,</span> <span class='ocrx_word' id='word_1_50' title='bbox 979 657 1032 700; x_wconf 84' lang='lat' dir='ltr'>qui</span> <span class='ocrx_word' id='word_1_51' title='bbox 1059 656 1096 689; x_wconf 92' lang='lat' dir='ltr'>li-</span> 
     </span>
     <span class='ocr_line' id='line_1_11' title="bbox 363 710 1097 753; baseline -0.001 -11"><span class='ocrx_word' id='word_1_52' title='bbox 363 710 465 743; x_wconf 88' lang='lat' dir='ltr'>tanias</span> <span class='ocrx_word' id='word_1_53' title='bbox 491 711 635 743; x_wconf 87' lang='lat' dir='ltr'>eiusdem</span> <span class='ocrx_word' id='word_1_54' title='bbox 661 711 866 744; x_wconf 67' lang='lat' dir='ltr'>beatissimae</span> <span class='ocrx_word' id='word_1_55' title='bbox 880 710 1019 753; x_wconf 66' lang='lat' dir='ltr'>Virginis</span> <span class='ocrx_word' id='word_1_56' title='bbox 1039 710 1097 742; x_wconf 86' lang='lat' dir='ltr'>Ma—</span> 
     </span>
     <span class='ocr_line' id='line_1_12' title="bbox 361 763 1095 806; baseline 0 -12"><span class='ocrx_word' id='word_1_57' title='bbox 361 763 440 803; x_wconf 83' lang='lat' dir='ltr'>riae,</span> <span class='ocrx_word' id='word_1_58' title='bbox 461 764 630 796; x_wconf 83' lang='lat' dir='ltr'>ducentos.</span> <span class='ocrx_word' id='word_1_59' title='bbox 658 764 791 797; x_wconf 84' lang='lat' dir='ltr'>Necnon</span> <span class='ocrx_word' id='word_1_60' title='bbox 819 763 1095 806; x_wconf 68' lang='lat' dir='ltr'>praedicatoribus</span> 
     </span>
     <span class='ocr_line' id='line_1_13' title="bbox 361 815 1095 860; baseline -0.003 -12"><span class='ocrx_word' id='word_1_61' title='bbox 361 816 450 848; x_wconf 77' lang='lat' dir='ltr'>verbi</span> <span class='ocrx_word' id='word_1_62' title='bbox 478 816 545 855; x_wconf 83' lang='lat' dir='ltr'>Dei,</span> <span class='ocrx_word' id='word_1_63' title='bbox 567 817 632 859; x_wconf 85' lang='lat' dir='ltr'>qui,</span> <span class='ocrx_word' id='word_1_64' title='bbox 656 817 740 849; x_wconf 89' lang='lat' dir='ltr'>inter</span> <span class='ocrx_word' id='word_1_65' title='bbox 765 816 1033 860; x_wconf 86' lang='lat' dir='ltr'>praedicandum,</span> <span class='ocrx_word' id='word_1_66' title='bbox 1058 815 1095 847; x_wconf 86' lang='lat' dir='ltr'>ad</span> 
     </span>
     <span class='ocr_line' id='line_1_14' title="bbox 362 868 1096 909; baseline -0.001 -9"><span class='ocrx_word' id='word_1_67' title='bbox 362 868 448 900; x_wconf 89' lang='lat' dir='ltr'>bunc</span> <span class='ocrx_word' id='word_1_68' title='bbox 472 870 603 901; x_wconf 90' lang='lat' dir='ltr'>modum</span> <span class='ocrx_word' id='word_1_69' title='bbox 635 869 809 908; x_wconf 84' lang='lat' dir='ltr'>salutandi,</span> <span class='ocrx_word' id='word_1_70' title='bbox 841 868 1022 909; x_wconf 86' lang='lat' dir='ltr'>invocandi,</span> <span class='ocrx_word' id='word_1_71' title='bbox 1047 869 1096 900; x_wconf 81' lang='lat' dir='ltr'>vel</span> 
     </span>
     <span class='ocr_line' id='line_1_15' title="bbox 361 921 1097 962; baseline -0.001 -10"><span class='ocrx_word' id='word_1_72' title='bbox 361 921 529 962; x_wconf 85' lang='lat' dir='ltr'>recitandi,</span> <span class='ocrx_word' id='word_1_73' title='bbox 549 932 605 954; x_wconf 90' lang='lat' dir='ltr'>seu</span> <span class='ocrx_word' id='word_1_74' title='bbox 630 921 818 954; x_wconf 91' lang='lat' dir='ltr'>nominandi</span> <span class='ocrx_word' id='word_1_75' title='bbox 845 931 963 953; x_wconf 88' lang='lat' dir='ltr'>nomen</span> <span class='ocrx_word' id='word_1_76' title='bbox 981 921 1050 952; x_wconf 84' lang='lat' dir='ltr'>lesu</span> <span class='ocrx_word' id='word_1_77' title='bbox 1067 925 1097 952; x_wconf 87' lang='lat' dir='ltr'>et</span> 
     </span>
     <span class='ocr_line' id='line_1_16' title="bbox 362 972 1098 1015; baseline -0.003 -9"><span class='ocrx_word' id='word_1_78' title='bbox 362 973 487 1014; x_wconf 82' lang='lat' dir='ltr'>Mariae,</span> <span class='ocrx_word' id='word_1_79' title='bbox 500 974 666 1006; x_wconf 71' lang='lat' dir='ltr'>auditores</span> <span class='ocrx_word' id='word_1_80' title='bbox 684 973 880 1013; x_wconf 90' lang='lat' dir='ltr'>monuerint,</span> <span class='ocrx_word' id='word_1_81' title='bbox 898 978 930 1005; x_wconf 89' lang='lat' dir='ltr'>et</span> <span class='ocrx_word' id='word_1_82' title='bbox 955 972 1098 1015; x_wconf 79' lang='lat' dir='ltr'>quicum·</span> 
     </span>
     <span class='ocr_line' id='line_1_17' title="bbox 361 1025 1096 1067; baseline 0.001 -11"><span class='ocrx_word' id='word_1_83' title='bbox 361 1036 422 1067; x_wconf 85' lang='lat' dir='ltr'>que</span> <span class='ocrx_word' id='word_1_84' title='bbox 441 1027 523 1057; x_wconf 80' lang='lat' dir='ltr'>lianc</span> <span class='ocrx_word' id='word_1_85' title='bbox 544 1026 747 1058; x_wconf 75' lang='lat' dir='ltr'>salutationis</span> <span class='ocrx_word' id='word_1_86' title='bbox 770 1026 904 1058; x_wconf 89' lang='lat' dir='ltr'>formam</span> <span class='ocrx_word' id='word_1_87' title='bbox 928 1025 998 1057; x_wconf 90' lang='lat' dir='ltr'>usui</span> <span class='ocrx_word' id='word_1_88' title='bbox 1026 1035 1096 1057; x_wconf 86' lang='lat' dir='ltr'>esse</span> 
     </span>
     <span class='ocr_line' id='line_1_18' title="bbox 361 1077 1097 1120; baseline -0.001 -10"><span class='ocrx_word' id='word_1_89' title='bbox 361 1078 553 1118; x_wconf 76' lang='lat' dir='ltr'>curaverint,</span> <span class='ocrx_word' id='word_1_90' title='bbox 573 1079 706 1111; x_wconf 86' lang='lat' dir='ltr'>easdem</span> <span class='ocrx_word' id='word_1_91' title='bbox 729 1077 947 1120; x_wconf 72' lang='lat' dir='ltr'>indulgentias</span> <span class='ocrx_word' id='word_1_92' title='bbox 971 1087 1097 1110; x_wconf 89' lang='lat' dir='ltr'>conces-</span> 
     </span>
     <span class='ocr_line' id='line_1_19' title="bbox 361 1131 415 1163; baseline 0 0"><span class='ocrx_word' id='word_1_93' title='bbox 361 1131 415 1163; x_wconf 86' lang='lat' dir='ltr'>sit.</span> 
     </span>
    </p>
   </div>
   <div class='ocr_carea' id='block_1_6' title="bbox 360 1210 1099 1560">
    <p class='ocr_par' dir='ltr' id='par_1_7' title="bbox 360 1210 1099 1560">
     <span class='ocr_line' id='line_1_20' title="bbox 360 1210 1098 1253; baseline -0.003 -10"><span class='ocrx_word' id='word_1_94' title='bbox 360 1210 588 1243; x_wconf 77' lang='lat' dir='ltr'>Summarium</span> <span class='ocrx_word' id='word_1_95' title='bbox 625 1210 905 1253; x_wconf 57' lang='lat' dir='ltr'>indumentiarum</span> <span class='ocrx_word' id='word_1_96' title='bbox 940 1221 959 1242; x_wconf 85' lang='grc' dir='ltr'>α</span> <span class='ocrx_word' id='word_1_97' title='bbox 994 1210 1098 1252; x_wconf 69' lang='lat' dir='ltr'>felicis</span> 
     </span>
     <span class='ocr_line' id='line_1_21' title="bbox 404 1263 1082 1305; baseline -0.001 -10"><span class='ocrx_word' id='word_1_98' title='bbox 404 1264 574 1295; x_wconf 75' lang='lat' dir='ltr'>memoriae</span> <span class='ocrx_word' id='word_1_99' title='bbox 587 1263 694 1296; x_wconf 74' lang='lat' dir='ltr'>Paulo</span> <span class='ocrx_word' id='word_1_100' title='bbox 723 1263 751 1301; x_wconf 74' lang='lat' dir='ltr'>l,</span> <span class='ocrx_word' id='word_1_101' title='bbox 767 1274 825 1305; x_wconf 74' lang='lat' dir='ltr'>per</span> <span class='ocrx_word' id='word_1_102' title='bbox 846 1263 969 1295; x_wconf 61' lang='lat' dir='ltr'>litteras</span> <span class='ocrx_word' id='word_1_103' title='bbox 986 1275 1017 1294; x_wconf 80' lang='lat' dir='ltr'>m</span> <span class='ocrx_word' id='word_1_104' title='bbox 1032 1264 1082 1305; x_wconf 73' lang='lat' dir='ltr'>sor</span> 
     </span>
     <span class='ocr_line' id='line_1_22' title="bbox 406 1315 1097 1353; baseline 0 -6"><span class='ocrx_word' id='word_1_105' title='bbox 406 1317 457 1347; x_wconf 76' lang='lat' dir='ltr'>md</span> <span class='ocrx_word' id='word_1_106' title='bbox 483 1316 595 1347; x_wconf 78' lang='lat' dir='ltr'>Brevis</span> <span class='ocrx_word' id='word_1_107' title='bbox 620 1316 713 1347; x_wconf 76' lang='lat' dir='ltr'>&lt;lalus</span> <span class='ocrx_word' id='word_1_108' title='bbox 737 1326 794 1347; x_wconf 78' lang='lat' dir='ltr'>xxx</span> <span class='ocrx_word' id='word_1_109' title='bbox 819 1315 955 1348; x_wconf 74' lang='lat' dir='ltr'>octobris</span> <span class='ocrx_word' id='word_1_110' title='bbox 980 1326 1097 1353; x_wconf 72' lang='lat' dir='ltr'>uberi,</span> 
     </span>
     <span class='ocr_line' id='line_1_23' title="bbox 405 1368 1097 1410; baseline -0.001 -9"><span class='ocrx_word' id='word_1_111' title='bbox 405 1379 473 1401; x_wconf 77' lang='lat' dir='ltr'>xxxi</span> <span class='ocrx_word' id='word_1_112' title='bbox 489 1370 624 1410; x_wconf 66' lang='lat' dir='ltr'>auqusti</span> <span class='ocrx_word' id='word_1_113' title='bbox 640 1373 853 1406; x_wconf 78' lang='lat' dir='ltr'>nncix,etx1x</span> <span class='ocrx_word' id='word_1_114' title='bbox 872 1368 1097 1407; x_wconf 67' lang='lat' dir='ltr'>iutiin1ncx1v,</span> 
     </span>
     <span class='ocr_line' id='line_1_24' title="bbox 406 1421 1098 1463; baseline 0 -11"><span class='ocrx_word' id='word_1_115' title='bbox 406 1431 628 1453; x_wconf 73' lang='lat' dir='ltr'>concessarum</span> <span class='ocrx_word' id='word_1_116' title='bbox 645 1422 904 1463; x_wconf 68' lang='lat' dir='ltr'>cmtsralcrm&#39;lati</span> <span class='ocrx_word' id='word_1_117' title='bbox 924 1422 1009 1452; x_wconf 74' lang='lat' dir='ltr'>sacri</span> <span class='ocrx_word' id='word_1_118' title='bbox 1024 1421 1098 1453; x_wconf 71' lang='lat' dir='ltr'>Sca-</span> 
     </span>
     <span class='ocr_line' id='line_1_25' title="bbox 402 1474 1099 1517; baseline 0 -11"><span class='ocrx_word' id='word_1_119' title='bbox 402 1475 545 1517; x_wconf 74' lang='lat' dir='ltr'>pulari&#39;s,</span> <span class='ocrx_word' id='word_1_120' title='bbox 573 1486 627 1506; x_wconf 73' lang='lat' dir='ltr'>seit</span> <span class='ocrx_word' id='word_1_121' title='bbox 656 1475 764 1506; x_wconf 77' lang='lat' dir='ltr'>beatae</span> <span class='ocrx_word' id='word_1_122' title='bbox 804 1475 949 1516; x_wconf 58' lang='lat' dir='ltr'>Virginis</span> <span class='ocrx_word' id='word_1_123' title='bbox 974 1474 1099 1506; x_wconf 71' lang='lat' dir='ltr'>Mariae</span> 
     </span>
     <span class='ocr_line' id='line_1_26' title="bbox 405 1527 744 1560; baseline -0.003 -1"><span class='ocrx_word' id='word_1_124' title='bbox 405 1527 443 1559; x_wconf 75' lang='lat' dir='ltr'>(Ie</span> <span class='ocrx_word' id='word_1_125' title='bbox 462 1527 567 1559; x_wconf 76' lang='lat' dir='ltr'>Monte</span> <span class='ocrx_word' id='word_1_126' title='bbox 586 1527 744 1560; x_wconf 77' lang='lat' dir='ltr'>Carmelo.</span> 
     </span>
    </p>
   </div>
   <div class='ocr_carea' id='block_1_7' title="bbox 361 1605 1100 2387">
    <p class='ocr_par' dir='ltr' id='par_1_8' title="bbox 361 1605 1100 2125">
     <span class='ocr_line' id='line_1_27' title="bbox 406 1605 1098 1648; baseline -0.003 -9"><span class='ocrx_word' id='word_1_127' title='bbox 406 1616 428 1639; x_wconf 93' lang='grc'>1.</span> <span class='ocrx_word' id='word_1_128' title='bbox 455 1605 621 1638; x_wconf 79' lang='lat' dir='ltr'>Concessit</span> <span class='ocrx_word' id='word_1_129' title='bbox 646 1606 796 1639; x_wconf 88' lang='lat' dir='ltr'>omnibus</span> <span class='ocrx_word' id='word_1_130' title='bbox 817 1606 983 1648; x_wconf 73' lang='lat' dir='ltr'>utriusque</span> <span class='ocrx_word' id='word_1_131' title='bbox 1005 1617 1098 1639; x_wconf 74' lang='lat' dir='ltr'>sexus</span> 
     </span>
     <span class='ocr_line' id='line_1_28' title="bbox 361 1659 1099 1703; baseline 0.001 -11"><span class='ocrx_word' id='word_1_132' title='bbox 361 1659 640 1700; x_wconf 73' lang='lat' dir='ltr'>christifidelibus,</span> <span class='ocrx_word' id='word_1_133' title='bbox 663 1660 715 1703; x_wconf 82' lang='lat' dir='ltr'>qui</span> <span class='ocrx_word' id='word_1_134' title='bbox 739 1660 1036 1693; x_wconf 86' lang='lat' dir='ltr'>confraternitatem</span> <span class='ocrx_word' id='word_1_135' title='bbox 1055 1671 1099 1693; x_wconf 85' lang='lat' dir='ltr'>sa·</span> 
     </span>
     <span class='ocr_line' id='line_1_29' title="bbox 362 1712 1099 1756; baseline 0.001 -12"><span class='ocrx_word' id='word_1_136' title='bbox 362 1712 407 1744; x_wconf 91' lang='lat' dir='ltr'>cri</span> <span class='ocrx_word' id='word_1_137' title='bbox 432 1713 613 1756; x_wconf 79' lang='lat' dir='ltr'>Scapularis</span> <span class='ocrx_word' id='word_1_138' title='bbox 638 1712 741 1745; x_wconf 88' lang='lat' dir='ltr'>ubivis</span> <span class='ocrx_word' id='word_1_139' title='bbox 774 1714 929 1754; x_wconf 88' lang='lat' dir='ltr'>locorum,</span> <span class='ocrx_word' id='word_1_140' title='bbox 956 1718 1018 1746; x_wconf 87' lang='lat' dir='ltr'>tam</span> <span class='ocrx_word' id='word_1_141' title='bbox 1043 1714 1099 1745; x_wconf 85' lang='lat' dir='ltr'>ha-</span> 
     </span>
     <span class='ocr_line' id='line_1_30' title="bbox 362 1766 1099 1810; baseline 0.001 -13"><span class='ocrx_word' id='word_1_142' title='bbox 362 1770 475 1798; x_wconf 84' lang='lat' dir='ltr'>ctenus</span> <span class='ocrx_word' id='word_1_143' title='bbox 497 1766 652 1799; x_wconf 88' lang='lat' dir='ltr'>canonice</span> <span class='ocrx_word' id='word_1_144' title='bbox 679 1766 871 1806; x_wconf 88' lang='lat' dir='ltr'>institutam,</span> <span class='ocrx_word' id='word_1_145' title='bbox 895 1777 988 1810; x_wconf 88' lang='lat' dir='ltr'>quam</span> <span class='ocrx_word' id='word_1_146' title='bbox 1010 1767 1099 1799; x_wconf 89' lang='lat' dir='ltr'>dein-</span> 
     </span>
     <span class='ocr_line' id='line_1_31' title="bbox 363 1818 1099 1862; baseline 0.003 -12"><span class='ocrx_word' id='word_1_147' title='bbox 363 1829 441 1861; x_wconf 89' lang='lat' dir='ltr'>ceps</span> <span class='ocrx_word' id='word_1_148' title='bbox 467 1818 704 1859; x_wconf 78' lang='lat' dir='ltr'>instituendam,</span> <span class='ocrx_word' id='word_1_149' title='bbox 721 1820 760 1851; x_wconf 90' lang='lat' dir='ltr'>de</span> <span class='ocrx_word' id='word_1_150' title='bbox 786 1825 894 1852; x_wconf 81' lang='lat' dir='ltr'>cetero</span> <span class='ocrx_word' id='word_1_151' title='bbox 919 1819 1099 1862; x_wconf 75' lang='lat' dir='ltr'>ingredien-</span> 
     </span>
     <span class='ocr_line' id='line_1_32' title="bbox 363 1871 1098 1915; baseline 0.003 -13"><span class='ocrx_word' id='word_1_152' title='bbox 363 1875 424 1911; x_wconf 83' lang='lat' dir='ltr'>tur,</span> <span class='ocrx_word' id='word_1_153' title='bbox 451 1876 481 1903; x_wconf 87' lang='lat' dir='ltr'>et</span> <span class='ocrx_word' id='word_1_154' title='bbox 507 1871 651 1904; x_wconf 85' lang='lat' dir='ltr'>habitum</span> <span class='ocrx_word' id='word_1_155' title='bbox 677 1872 880 1915; x_wconf 85' lang='lat' dir='ltr'>acceperint,</span> <span class='ocrx_word' id='word_1_156' title='bbox 911 1872 962 1905; x_wconf 86' lang='lat' dir='ltr'>die</span> <span class='ocrx_word' id='word_1_157' title='bbox 994 1872 1098 1915; x_wconf 90' lang='lat' dir='ltr'>primo</span> 
     </span>
     <span class='ocr_line' id='line_1_33' title="bbox 363 1925 1100 1968; baseline 0.001 -12"><span class='ocrx_word' id='word_1_158' title='bbox 363 1934 473 1956; x_wconf 89' lang='lat' dir='ltr'>eorum</span> <span class='ocrx_word' id='word_1_159' title='bbox 499 1925 673 1966; x_wconf 74' lang='lat' dir='ltr'>ingressus,</span> <span class='ocrx_word' id='word_1_160' title='bbox 696 1925 720 1957; x_wconf 91' lang='lat' dir='ltr'>si</span> <span class='ocrx_word' id='word_1_161' title='bbox 747 1936 822 1957; x_wconf 84' lang='lat' dir='ltr'>vere</span> <span class='ocrx_word' id='word_1_162' title='bbox 847 1925 1051 1968; x_wconf 85' lang='lat' dir='ltr'>poenitentes</span> <span class='ocrx_word' id='word_1_163' title='bbox 1070 1931 1100 1958; x_wconf 88' lang='lat' dir='ltr'>et</span> 
     </span>
     <span class='ocr_line' id='line_1_34' title="bbox 363 1976 1099 2011; baseline 0.003 -3"><span class='ocrx_word' id='word_1_164' title='bbox 363 1976 502 2008; x_wconf 47' lang='lat' dir='ltr'>cantessi</span> <span class='ocrx_word' id='word_1_165' title='bbox 539 1976 777 2009; x_wconf 86' lang='lat' dir='ltr'>sanctissimum</span> <span class='ocrx_word' id='word_1_166' title='bbox 808 1977 1028 2010; x_wconf 64' lang='lat' dir='ltr'>Eucharistiae</span> <span class='ocrx_word' id='word_1_167' title='bbox 1057 1989 1099 2011; x_wconf 88' lang='lat' dir='ltr'>sa-</span> 
     </span>
     <span class='ocr_line' id='line_1_35' title="bbox 363 2030 1098 2074; baseline 0.004 -13"><span class='ocrx_word' id='word_1_168' title='bbox 363 2035 563 2062; x_wconf 84' lang='lat' dir='ltr'>cramentum</span> <span class='ocrx_word' id='word_1_169' title='bbox 604 2031 799 2074; x_wconf 70' lang='lat' dir='ltr'>sumpserint</span> <span class='ocrx_word' id='word_1_170' title='bbox 819 2057 825 2071; x_wconf 91' lang='lat'>,</span> <span class='ocrx_word' id='word_1_171' title='bbox 864 2030 1098 2073; x_wconf 71' lang='lat' dir='ltr'>indulgentiam</span> 
     </span>
     <span class='ocr_line' id='line_1_36' title="bbox 363 2082 553 2125; baseline 0.005 -12"><span class='ocrx_word' id='word_1_172' title='bbox 363 2082 553 2125; x_wconf 85' lang='lat' dir='ltr'>plenariam.</span> 
     </span>
    </p>

    <p class='ocr_par' dir='ltr' id='par_1_9' title="bbox 364 2135 1100 2387">
     <span class='ocr_line' id='line_1_37' title="bbox 409 2135 1100 2178; baseline 0.003 -10"><span class='ocrx_word' id='word_1_173' title='bbox 409 2146 444 2168; x_wconf 87' lang='lat'>11.</span> <span class='ocrx_word' id='word_1_174' title='bbox 470 2135 648 2178; x_wconf 84' lang='lat' dir='ltr'>Descriptis</span> <span class='ocrx_word' id='word_1_175' title='bbox 674 2141 705 2168; x_wconf 88' lang='lat' dir='ltr'>et</span> <span class='ocrx_word' id='word_1_176' title='bbox 726 2136 950 2169; x_wconf 74' lang='lat' dir='ltr'>describendis</span> <span class='ocrx_word' id='word_1_177' title='bbox 967 2137 998 2169; x_wconf 92' lang='lat' dir='ltr'>in</span> <span class='ocrx_word' id='word_1_178' title='bbox 1017 2138 1100 2170; x_wconf 76' lang='lat' dir='ltr'>dicta</span> 
     </span>
     <span class='ocr_line' id='line_1_38' title="bbox 365 2188 1100 2231; baseline 0.003 -11"><span class='ocrx_word' id='word_1_179' title='bbox 365 2188 629 2221; x_wconf 64' lang='lat' dir='ltr'>confraternitate</span> <span class='ocrx_word' id='word_1_180' title='bbox 639 2199 714 2221; x_wconf 79' lang='lat' dir='ltr'>vere</span> <span class='ocrx_word' id='word_1_181' title='bbox 730 2189 972 2231; x_wconf 87' lang='lat' dir='ltr'>poenitentibus</span> <span class='ocrx_word' id='word_1_182' title='bbox 987 2195 1018 2222; x_wconf 90' lang='lat' dir='ltr'>et</span> <span class='ocrx_word' id='word_1_183' title='bbox 1031 2200 1100 2222; x_wconf 89' lang='lat' dir='ltr'>con-</span> 
     </span>
     <span class='ocr_line' id='line_1_39' title="bbox 365 2240 1100 2284; baseline 0.004 -12"><span class='ocrx_word' id='word_1_184' title='bbox 365 2240 467 2280; x_wconf 67' lang='lat' dir='ltr'>vassis,</span> <span class='ocrx_word' id='word_1_185' title='bbox 487 2240 539 2283; x_wconf 89' lang='lat' dir='ltr'>qui</span> <span class='ocrx_word' id='word_1_186' title='bbox 558 2240 590 2272; x_wconf 88' lang='lat' dir='ltr'>in</span> <span class='ocrx_word' id='word_1_187' title='bbox 616 2241 694 2273; x_wconf 84' lang='lat' dir='ltr'>festo</span> <span class='ocrx_word' id='word_1_188' title='bbox 712 2242 884 2284; x_wconf 88' lang='lat' dir='ltr'>principali</span> <span class='ocrx_word' id='word_1_189' title='bbox 902 2242 1100 2276; x_wconf 84' lang='lat' dir='ltr'>Commemo-</span> 
     </span>
     <span class='ocr_line' id='line_1_40' title="bbox 364 2293 1098 2337; baseline 0.004 -12"><span class='ocrx_word' id='word_1_190' title='bbox 364 2293 499 2325; x_wconf 85' lang='lat' dir='ltr'>ratiouis</span> <span class='ocrx_word' id='word_1_191' title='bbox 524 2293 668 2326; x_wconf 84' lang='lat' dir='ltr'>eiusdem</span> <span class='ocrx_word' id='word_1_192' title='bbox 692 2295 805 2327; x_wconf 87' lang='lat' dir='ltr'>beatae</span> <span class='ocrx_word' id='word_1_193' title='bbox 826 2295 965 2337; x_wconf 68' lang='lat' dir='ltr'>Virginis</span> <span class='ocrx_word' id='word_1_194' title='bbox 984 2296 1098 2329; x_wconf 84' lang='lat' dir='ltr'>Mariae</span> 
     </span>
     <span class='ocr_line' id='line_1_41' title="bbox 366 2346 1100 2387; baseline 0.003 -8"><span class='ocrx_word' id='word_1_195' title='bbox 366 2346 417 2379; x_wconf 88' lang='lat' dir='ltr'>die</span> <span class='ocrx_word' id='word_1_196' title='bbox 435 2356 484 2378; x_wconf 70' lang='lat' dir='ltr'>xvi</span> <span class='ocrx_word' id='word_1_197' title='bbox 502 2346 621 2379; x_wconf 78' lang='lat' dir='ltr'>mensis</span> <span class='ocrx_word' id='word_1_198' title='bbox 640 2347 794 2387; x_wconf 82' lang='lat' dir='ltr'>iulii‚aut‚</span> <span class='ocrx_word' id='word_1_199' title='bbox 809 2347 895 2380; x_wconf 72' lang='lat' dir='ltr'>iuxta</span> <span class='ocrx_word' id='word_1_200' title='bbox 912 2349 1007 2381; x_wconf 90' lang='lat' dir='ltr'>ritum</span> <span class='ocrx_word' id='word_1_201' title='bbox 1024 2359 1100 2381; x_wconf 92' lang='lat' dir='ltr'>non-</span> 
     </span>
    </p>
   </div>
   <div class='ocr_carea' id='block_1_8' title="bbox 366 2384 1122 2495">
    <p class='ocr_par' dir='ltr' id='par_1_10' title="bbox 366 2384 1122 2495">
     <span class='ocr_line' id='line_1_42' title="bbox 366 2384 1122 2448; baseline 0.005 -17"><span class='ocrx_word' id='word_1_202' title='bbox 366 2400 530 2432; x_wconf 86' lang='lat' dir='ltr'>nullorum</span> <span class='ocrx_word' id='word_1_203' title='bbox 557 2400 712 2440; x_wconf 86' lang='lat' dir='ltr'>locorum,</span> <span class='ocrx_word' id='word_1_204' title='bbox 733 2401 784 2432; x_wconf 87' lang='lat' dir='ltr'>die</span> <span class='ocrx_word' id='word_1_205' title='bbox 810 2401 971 2434; x_wconf 78' lang='lat' dir='ltr'>dominica</span> <span class='ocrx_word' id='word_1_206' title='bbox 996 2384 1122 2448; x_wconf 56' lang='lat' dir='ltr'>imme-i</span> 
     </span>
     <span class='ocr_line' id='line_1_43' title="bbox 367 2450 1122 2495; baseline 0.005 -10"><span class='ocrx_word' id='word_1_207' title='bbox 367 2452 452 2485; x_wconf 83' lang='lat' dir='ltr'>diate</span> <span class='ocrx_word' id='word_1_208' title='bbox 478 2453 627 2495; x_wconf 72' lang='lat' dir='ltr'>sequenti</span> <span class='ocrx_word' id='word_1_209' title='bbox 652 2454 811 2486; x_wconf 85' lang='lat' dir='ltr'>celebrari</span> <span class='ocrx_word' id='word_1_210' title='bbox 839 2454 942 2495; x_wconf 86' lang='lat' dir='ltr'>solito,</span> <span class='ocrx_word' id='word_1_211' title='bbox 969 2450 1122 2489; x_wconf 72' lang='lat' dir='ltr'>sanctis-t</span> 
     </span>
    </p>
   </div>
   <div class='ocr_carea' id='block_1_9' title="bbox 1115 291 1120 1046">
    <p class='ocr_par' dir='ltr' id='par_1_11' title="bbox 1115 291 1120 1046">
     <span class='ocr_line' id='line_1_44' title="bbox 1115 291 1120 1046; baseline 0 0"><span class='ocrx_word' id='word_1_212' title='bbox 1115 291 1120 1046; x_wconf 95' lang='lat' dir='ltr'> </span> 
     </span>
    </p>
   </div>
   <div class='ocr_carea' id='block_1_10' title="bbox 1117 1211 1123 2137">
    <p class='ocr_par' dir='ltr' id='par_1_12' title="bbox 1117 1211 1123 2137">
     <span class='ocr_line' id='line_1_45' title="bbox 1117 1211 1123 2137; baseline 0 0"><span class='ocrx_word' id='word_1_213' title='bbox 1117 1211 1123 2137; x_wconf 95' lang='lat' dir='ltr'> </span> 
     </span>
    </p>
   </div>
   <div class='ocr_carea' id='block_1_11' title="bbox 1137 286 1870 486">
    <p class='ocr_par' dir='ltr' id='par_1_13' title="bbox 1137 286 1869 385">
     <span class='ocr_line' id='line_1_46' title="bbox 1137 286 1869 329; baseline -0.005 -8"><span class='ocrx_word' id='word_1_214' title='bbox 1137 294 1205 322; x_wconf 85' lang='lat' dir='ltr'>ctae</span> <span class='ocrx_word' id='word_1_215' title='bbox 1231 288 1338 322; x_wconf 87' lang='lat' dir='ltr'>Matris</span> <span class='ocrx_word' id='word_1_216' title='bbox 1369 287 1534 321; x_wconf 71' lang='lat' dir='ltr'>Ecclesiae</span> <span class='ocrx_word' id='word_1_217' title='bbox 1572 287 1765 321; x_wconf 73' lang='lat' dir='ltr'>exaltatione</span> <span class='ocrx_word' id='word_1_218' title='bbox 1801 286 1869 329; x_wconf 86' lang='lat' dir='ltr'>pias</span> 
     </span>
     <span class='ocr_line' id='line_1_47' title="bbox 1137 339 1866 385; baseline -0.005 -10"><span class='ocrx_word' id='word_1_219' title='bbox 1137 343 1174 375; x_wconf 87' lang='lat' dir='ltr'>ad</span> <span class='ocrx_word' id='word_1_220' title='bbox 1201 343 1300 375; x_wconf 82' lang='lat' dir='ltr'>Deum</span> <span class='ocrx_word' id='word_1_221' title='bbox 1326 352 1440 385; x_wconf 82' lang='lat' dir='ltr'>preces</span> <span class='ocrx_word' id='word_1_222' title='bbox 1466 339 1649 380; x_wconf 79' lang='lat' dir='ltr'>effuderint,</span> <span class='ocrx_word' id='word_1_223' title='bbox 1676 339 1866 383; x_wconf 80' lang='lat' dir='ltr'>plenariam.</span> 
     </span>
    </p>

    <p class='ocr_par' dir='ltr' id='par_1_14' title="bbox 1138 391 1870 486">
     <span class='ocr_line' id='line_1_48' title="bbox 1180 391 1870 435; baseline -0.007 -7"><span class='ocrx_word' id='word_1_224' title='bbox 1180 405 1228 428; x_wconf 87' lang='lat'>111.</span> <span class='ocrx_word' id='word_1_225' title='bbox 1247 394 1302 432; x_wconf 85' lang='lat' dir='ltr'>Qui</span> <span class='ocrx_word' id='word_1_226' title='bbox 1322 394 1352 426; x_wconf 91' lang='lat' dir='ltr'>in</span> <span class='ocrx_word' id='word_1_227' title='bbox 1371 394 1506 426; x_wconf 80' lang='lat' dir='ltr'>articulo</span> <span class='ocrx_word' id='word_1_228' title='bbox 1524 392 1647 431; x_wconf 86' lang='lat' dir='ltr'>mortis,</span> <span class='ocrx_word' id='word_1_229' title='bbox 1667 391 1870 435; x_wconf 82' lang='lat' dir='ltr'>poenitentes</span> 
     </span>
     <span class='ocr_line' id='line_1_49' title="bbox 1138 444 1869 486; baseline -0.007 -6"><span class='ocrx_word' id='word_1_230' title='bbox 1138 452 1169 480; x_wconf 91' lang='lat' dir='ltr'>et</span> <span class='ocrx_word' id='word_1_231' title='bbox 1192 447 1338 486; x_wconf 76' lang='lat' dir='ltr'>confessi,</span> <span class='ocrx_word' id='word_1_232' title='bbox 1362 457 1397 479; x_wconf 82' lang='lat' dir='ltr'>ac</span> <span class='ocrx_word' id='word_1_233' title='bbox 1421 445 1618 478; x_wconf 79' lang='lat' dir='ltr'>sanctissima</span> <span class='ocrx_word' id='word_1_234' title='bbox 1644 444 1869 476; x_wconf 78' lang='lat' dir='ltr'>communione</span> 
     </span>
    </p>
   </div>
   <div class='ocr_carea' id='block_1_12' title="bbox 1118 496 1869 539">
    <p class='ocr_par' dir='ltr' id='par_1_15' title="bbox 1118 496 1869 539">
     <span class='ocr_line' id='line_1_50' title="bbox 1118 496 1869 539; baseline -0.007 -7"><span class='ocrx_word' id='word_1_235' title='bbox 1118 500 1262 539; x_wconf 72' lang='lat' dir='ltr'>,1¹efecti,</span> <span class='ocrx_word' id='word_1_236' title='bbox 1279 509 1394 532; x_wconf 88' lang='lat' dir='ltr'>nomen</span> <span class='ocrx_word' id='word_1_237' title='bbox 1411 499 1488 537; x_wconf 84' lang='lat' dir='ltr'>lesu,</span> <span class='ocrx_word' id='word_1_238' title='bbox 1504 508 1569 537; x_wconf 85' lang='lat' dir='ltr'>ore,</span> <span class='ocrx_word' id='word_1_239' title='bbox 1589 497 1612 529; x_wconf 90' lang='lat' dir='ltr'>si</span> <span class='ocrx_word' id='word_1_240' title='bbox 1633 496 1805 539; x_wconf 83' lang='lat' dir='ltr'>potuerint,</span> <span class='ocrx_word' id='word_1_241' title='bbox 1821 496 1869 528; x_wconf 89' lang='lat' dir='ltr'>sin</span> 
     </span>
    </p>
   </div>
   <div class='ocr_carea' id='block_1_13' title="bbox 1137 549 1880 2498">
    <p class='ocr_par' dir='ltr' id='par_1_16' title="bbox 1137 549 1871 637">
     <span class='ocr_line' id='line_1_51' title="bbox 1137 549 1871 592; baseline -0.005 -8"><span class='ocrx_word' id='word_1_242' title='bbox 1137 557 1251 592; x_wconf 86' lang='lat' dir='ltr'>autem,</span> <span class='ocrx_word' id='word_1_243' title='bbox 1279 552 1390 592; x_wconf 74' lang='lat' dir='ltr'>corde,</span> <span class='ocrx_word' id='word_1_244' title='bbox 1410 551 1524 584; x_wconf 89' lang='lat' dir='ltr'>devote</span> <span class='ocrx_word' id='word_1_245' title='bbox 1550 549 1778 588; x_wconf 80' lang='lat' dir='ltr'>invocaverint,</span> <span class='ocrx_word' id='word_1_246' title='bbox 1804 550 1871 591; x_wconf 88' lang='lat' dir='ltr'>ple-</span> 
     </span>
     <span class='ocr_line' id='line_1_52' title="bbox 1138 605 1271 637; baseline 0 0"><span class='ocrx_word' id='word_1_247' title='bbox 1138 605 1271 637; x_wconf 86' lang='lat' dir='ltr'>nariam.</span> 
     </span>
    </p>

    <p class='ocr_par' dir='ltr' id='par_1_17' title="bbox 1139 654 1877 963">
     <span class='ocr_line' id='line_1_53' title="bbox 1182 654 1872 700; baseline -0.007 -10"><span class='ocrx_word' id='word_1_248' title='bbox 1182 668 1224 690; x_wconf 84' lang='lat' dir='ltr'>lv.</span> <span class='ocrx_word' id='word_1_249' title='bbox 1252 657 1309 695; x_wconf 85' lang='lat' dir='ltr'>Qui</span> <span class='ocrx_word' id='word_1_250' title='bbox 1327 656 1534 700; x_wconf 82' lang='lat' dir='ltr'>poenitentes</span> <span class='ocrx_word' id='word_1_251' title='bbox 1553 660 1584 688; x_wconf 90' lang='lat' dir='ltr'>et</span> <span class='ocrx_word' id='word_1_252' title='bbox 1602 654 1750 694; x_wconf 74' lang='lat' dir='ltr'>confessi,</span> <span class='ocrx_word' id='word_1_253' title='bbox 1769 665 1804 687; x_wconf 89' lang='lat' dir='ltr'>ac</span> <span class='ocrx_word' id='word_1_254' title='bbox 1824 664 1872 686; x_wconf 78' lang='lat' dir='ltr'>sa-</span> 
     </span>
     <span class='ocr_line' id='line_1_54' title="bbox 1139 707 1872 751; baseline -0.003 -9"><span class='ocrx_word' id='word_1_255' title='bbox 1139 712 1192 742; x_wconf 67' lang='lat' dir='ltr'>cra</span> <span class='ocrx_word' id='word_1_256' title='bbox 1217 709 1442 742; x_wconf 75' lang='lat' dir='ltr'>commuuione</span> <span class='ocrx_word' id='word_1_257' title='bbox 1461 709 1582 749; x_wconf 84' lang='lat' dir='ltr'>resecti,</span> <span class='ocrx_word' id='word_1_258' title='bbox 1601 707 1816 751; x_wconf 78' lang='lat' dir='ltr'>processioni,</span> <span class='ocrx_word' id='word_1_259' title='bbox 1840 708 1872 740; x_wconf 88' lang='lat' dir='ltr'>in</span> 
     </span>
     <span class='ocr_line' id='line_1_55' title="bbox 1139 760 1874 803; baseline -0.003 -9"><span class='ocrx_word' id='word_1_260' title='bbox 1139 764 1202 794; x_wconf 81' lang='lat' dir='ltr'>una</span> <span class='ocrx_word' id='word_1_261' title='bbox 1228 761 1389 794; x_wconf 77' lang='lat' dir='ltr'>dominica</span> <span class='ocrx_word' id='word_1_262' title='bbox 1414 761 1586 794; x_wconf 83' lang='lat' dir='ltr'>cuiuslibet</span> <span class='ocrx_word' id='word_1_263' title='bbox 1604 761 1724 793; x_wconf 82' lang='lat' dir='ltr'>mensis</span> <span class='ocrx_word' id='word_1_264' title='bbox 1749 771 1807 803; x_wconf 89' lang='lat' dir='ltr'>per</span> <span class='ocrx_word' id='word_1_265' title='bbox 1828 760 1874 792; x_wconf 89' lang='lat' dir='ltr'>di-</span> 
     </span>
     <span class='ocr_line' id='line_1_56' title="bbox 1139 812 1872 847; baseline -0.004 -1"><span class='ocrx_word' id='word_1_266' title='bbox 1139 818 1219 847; x_wconf 87' lang='lat' dir='ltr'>ctam</span> <span class='ocrx_word' id='word_1_267' title='bbox 1246 813 1545 846; x_wconf 75' lang='lat' dir='ltr'>confraternitatem</span> <span class='ocrx_word' id='word_1_268' title='bbox 1568 814 1605 846; x_wconf 74' lang='lat' dir='ltr'>de</span> <span class='ocrx_word' id='word_1_269' title='bbox 1628 813 1786 845; x_wconf 87' lang='lat' dir='ltr'>Ordinarii</span> <span class='ocrx_word' id='word_1_270' title='bbox 1814 812 1872 845; x_wconf 90' lang='lat' dir='ltr'>loci</span> 
     </span>
     <span class='ocr_line' id='line_1_57' title="bbox 1141 865 1877 907; baseline -0.001 -9"><span class='ocrx_word' id='word_1_271' title='bbox 1141 867 1269 899; x_wconf 65' lang='lat' dir='ltr'>licentia</span> <span class='ocrx_word' id='word_1_272' title='bbox 1290 866 1462 907; x_wconf 71' lang='lat' dir='ltr'>faciendae,</span> <span class='ocrx_word' id='word_1_273' title='bbox 1479 867 1593 899; x_wconf 79' lang='lat' dir='ltr'>devote</span> <span class='ocrx_word' id='word_1_274' title='bbox 1615 865 1829 905; x_wconf 81' lang='lat' dir='ltr'>interfuerint,</span> <span class='ocrx_word' id='word_1_275' title='bbox 1845 870 1877 897; x_wconf 87' lang='lat' dir='ltr'>et</span> 
     </span>
     <span class='ocr_line' id='line_1_58' title="bbox 1140 919 1872 963; baseline -0.001 -11"><span class='ocrx_word' id='word_1_276' title='bbox 1140 920 1192 961; x_wconf 82' lang='lat' dir='ltr'>ibi,</span> <span class='ocrx_word' id='word_1_277' title='bbox 1214 926 1248 952; x_wconf 94' lang='lat' dir='ltr'>ut</span> <span class='ocrx_word' id='word_1_278' title='bbox 1273 921 1465 963; x_wconf 86' lang='lat' dir='ltr'>praefertur,</span> <span class='ocrx_word' id='word_1_279' title='bbox 1483 919 1652 959; x_wconf 81' lang='lat' dir='ltr'>oraverint,</span> <span class='ocrx_word' id='word_1_280' title='bbox 1680 919 1872 962; x_wconf 83' lang='lat' dir='ltr'>plenariam.</span> 
     </span>
    </p>

    <p class='ocr_par' dir='ltr' id='par_1_18' title="bbox 1140 971 1878 1169">
     <span class='ocr_line' id='line_1_59' title="bbox 1183 971 1876 1014; baseline -0.001 -10"><span class='ocrx_word' id='word_1_281' title='bbox 1183 982 1215 1004; x_wconf 82' lang='lat' dir='ltr'>v.</span> <span class='ocrx_word' id='word_1_282' title='bbox 1237 972 1296 1009; x_wconf 83' lang='lat' dir='ltr'>Qui</span> <span class='ocrx_word' id='word_1_283' title='bbox 1315 972 1354 1004; x_wconf 89' lang='lat' dir='ltr'>ab</span> <span class='ocrx_word' id='word_1_284' title='bbox 1373 983 1428 1004; x_wconf 90' lang='lat' dir='ltr'>esu</span> <span class='ocrx_word' id='word_1_285' title='bbox 1447 972 1591 1003; x_wconf 79' lang='lat' dir='ltr'>earnium</span> <span class='ocrx_word' id='word_1_286' title='bbox 1611 971 1648 1003; x_wconf 90' lang='lat' dir='ltr'>iis</span> <span class='ocrx_word' id='word_1_287' title='bbox 1666 971 1792 1011; x_wconf 83' lang='lat' dir='ltr'>diebus,</span> <span class='ocrx_word' id='word_1_288' title='bbox 1812 971 1876 1014; x_wconf 87' lang='lat' dir='ltr'>qui-</span> 
     </span>
     <span class='ocr_line' id='line_1_60' title="bbox 1140 1024 1874 1066; baseline 0 -11"><span class='ocrx_word' id='word_1_289' title='bbox 1140 1024 1199 1056; x_wconf 89' lang='lat' dir='ltr'>bus</span> <span class='ocrx_word' id='word_1_290' title='bbox 1224 1024 1404 1066; x_wconf 73' lang='lat' dir='ltr'>confratres</span> <span class='ocrx_word' id='word_1_291' title='bbox 1425 1024 1528 1056; x_wconf 81' lang='lat' dir='ltr'>dictae</span> <span class='ocrx_word' id='word_1_292' title='bbox 1547 1024 1821 1056; x_wconf 81' lang='lat' dir='ltr'>confraternitatis</span> <span class='ocrx_word' id='word_1_293' title='bbox 1839 1034 1874 1056; x_wconf 80' lang='lat' dir='ltr'>ex</span> 
     </span>
     <span class='ocr_line' id='line_1_61' title="bbox 1140 1069 1878 1117; baseline -0.003 -8"><span class='ocrx_word' id='word_1_294' title='bbox 1140 1077 1227 1109; x_wconf 87' lang='lat' dir='ltr'>illius</span> <span class='ocrx_word' id='word_1_295' title='bbox 1253 1069 1399 1109; x_wconf 80' lang='lat' dir='ltr'>instituto</span> <span class='ocrx_word' id='word_1_296' title='bbox 1425 1077 1508 1109; x_wconf 85' lang='lat' dir='ltr'>vesci</span> <span class='ocrx_word' id='word_1_297' title='bbox 1542 1087 1607 1109; x_wconf 87' lang='lat' dir='ltr'>non</span> <span class='ocrx_word' id='word_1_298' title='bbox 1639 1077 1757 1117; x_wconf 84' lang='lat' dir='ltr'>solent,</span> <span class='ocrx_word' id='word_1_299' title='bbox 1784 1075 1878 1109; x_wconf 85' lang='lat' dir='ltr'>absti-</span> 
     </span>
     <span class='ocr_line' id='line_1_62' title="bbox 1141 1129 1585 1169; baseline 0 -8"><span class='ocrx_word' id='word_1_300' title='bbox 1141 1130 1274 1169; x_wconf 84' lang='lat' dir='ltr'>nebunt,</span> <span class='ocrx_word' id='word_1_301' title='bbox 1297 1134 1478 1162; x_wconf 82' lang='lat' dir='ltr'>tercentum</span> <span class='ocrx_word' id='word_1_302' title='bbox 1505 1129 1585 1161; x_wconf 86' lang='lat' dir='ltr'>dies.</span> 
     </span>
    </p>

    <p class='ocr_par' dir='ltr' id='par_1_19' title="bbox 1141 1181 1880 1434">
     <span class='ocr_line' id='line_1_63' title="bbox 1184 1181 1877 1225; baseline 0 -11"><span class='ocrx_word' id='word_1_303' title='bbox 1184 1192 1227 1214; x_wconf 79' lang='lat' dir='ltr'>vi.</span> <span class='ocrx_word' id='word_1_304' title='bbox 1243 1181 1302 1219; x_wconf 84' lang='lat' dir='ltr'>Qui</span> <span class='ocrx_word' id='word_1_305' title='bbox 1323 1182 1467 1225; x_wconf 87' lang='lat' dir='ltr'>qualibet</span> <span class='ocrx_word' id='word_1_306' title='bbox 1485 1182 1535 1214; x_wconf 90' lang='lat' dir='ltr'>die</span> <span class='ocrx_word' id='word_1_307' title='bbox 1557 1182 1677 1225; x_wconf 88' lang='lat' dir='ltr'>septies</span> <span class='ocrx_word' id='word_1_308' title='bbox 1694 1182 1877 1214; x_wconf 86' lang='lat' dir='ltr'>Orationem</span> 
     </span>
     <span class='ocr_line' id='line_1_64' title="bbox 1141 1234 1874 1277; baseline 0.001 -11"><span class='ocrx_word' id='word_1_309' title='bbox 1141 1234 1348 1274; x_wconf 82' lang='lat' dir='ltr'>Dominicam,</span> <span class='ocrx_word' id='word_1_310' title='bbox 1368 1241 1398 1268; x_wconf 84' lang='lat' dir='ltr'>ct</span> <span class='ocrx_word' id='word_1_311' title='bbox 1416 1235 1511 1267; x_wconf 78' lang='lat' dir='ltr'>toties</span> <span class='ocrx_word' id='word_1_312' title='bbox 1531 1234 1763 1267; x_wconf 84' lang='lat' dir='ltr'>Salutationem</span> <span class='ocrx_word' id='word_1_313' title='bbox 1780 1235 1874 1277; x_wconf 83' lang='lat' dir='ltr'>Ange·</span> 
     </span>
     <span class='ocr_line' id='line_1_65' title="bbox 1141 1287 1877 1330; baseline -0.003 -10"><span class='ocrx_word' id='word_1_314' title='bbox 1141 1287 1235 1320; x_wconf 88' lang='lat' dir='ltr'>licam</span> <span class='ocrx_word' id='word_1_315' title='bbox 1266 1288 1304 1320; x_wconf 90' lang='lat' dir='ltr'>ad</span> <span class='ocrx_word' id='word_1_316' title='bbox 1331 1288 1490 1320; x_wconf 88' lang='lat' dir='ltr'>bonorem</span> <span class='ocrx_word' id='word_1_317' title='bbox 1524 1292 1647 1330; x_wconf 71' lang='lat' dir='ltr'>septem</span> <span class='ocrx_word' id='word_1_318' title='bbox 1686 1287 1877 1329; x_wconf 77' lang='lat' dir='ltr'>gaudiorum</span> 
     </span>
     <span class='ocr_line' id='line_1_66' title="bbox 1142 1339 1880 1383; baseline 0.001 -12"><span class='ocrx_word' id='word_1_319' title='bbox 1142 1340 1286 1372; x_wconf 78' lang='lat' dir='ltr'>eiusdem</span> <span class='ocrx_word' id='word_1_320' title='bbox 1298 1340 1434 1383; x_wconf 77' lang='lat' dir='ltr'>Virginis</span> <span class='ocrx_word' id='word_1_321' title='bbox 1446 1339 1562 1372; x_wconf 84' lang='lat' dir='ltr'>Mariae</span> <span class='ocrx_word' id='word_1_322' title='bbox 1575 1339 1791 1380; x_wconf 71' lang='lat' dir='ltr'>recitaverint,</span> <span class='ocrx_word' id='word_1_323' title='bbox 1808 1350 1880 1383; x_wconf 84' lang='lat' dir='ltr'>qua-</span> 
     </span>
     <span class='ocr_line' id='line_1_67' title="bbox 1143 1392 1398 1434; baseline 0 -9"><span class='ocrx_word' id='word_1_324' title='bbox 1143 1393 1290 1434; x_wconf 73' lang='lat' dir='ltr'>draginta</span> <span class='ocrx_word' id='word_1_325' title='bbox 1316 1392 1398 1425; x_wconf 90' lang='lat' dir='ltr'>dies.</span> 
     </span>
    </p>

    <p class='ocr_par' dir='ltr' id='par_1_20' title="bbox 1142 1444 1878 1753">
     <span class='ocr_line' id='line_1_68' title="bbox 1185 1444 1878 1485; baseline 0.001 -8"><span class='ocrx_word' id='word_1_326' title='bbox 1185 1455 1241 1478; x_wconf 79' lang='lat' dir='ltr'>vn.</span> <span class='ocrx_word' id='word_1_327' title='bbox 1269 1444 1335 1485; x_wconf 87' lang='lat' dir='ltr'>Qui,</span> <span class='ocrx_word' id='word_1_328' title='bbox 1355 1456 1427 1478; x_wconf 90' lang='lat' dir='ltr'>eum</span> <span class='ocrx_word' id='word_1_329' title='bbox 1453 1445 1565 1478; x_wconf 88' lang='lat' dir='ltr'>habitu</span> <span class='ocrx_word' id='word_1_330' title='bbox 1585 1445 1731 1478; x_wconf 89' lang='lat' dir='ltr'>eiusdem</span> <span class='ocrx_word' id='word_1_331' title='bbox 1756 1446 1878 1478; x_wconf 86' lang='lat' dir='ltr'>confra-</span> 
     </span>
     <span class='ocr_line' id='line_1_69' title="bbox 1143 1497 1877 1540; baseline 0.001 -11"><span class='ocrx_word' id='word_1_332' title='bbox 1143 1497 1314 1538; x_wconf 87' lang='lat' dir='ltr'>ternitatis,</span> <span class='ocrx_word' id='word_1_333' title='bbox 1334 1499 1536 1540; x_wconf 87' lang='lat' dir='ltr'>poenitentes</span> <span class='ocrx_word' id='word_1_334' title='bbox 1557 1503 1588 1530; x_wconf 88' lang='lat' dir='ltr'>et</span> <span class='ocrx_word' id='word_1_335' title='bbox 1612 1498 1761 1537; x_wconf 87' lang='lat' dir='ltr'>confessi,</span> <span class='ocrx_word' id='word_1_336' title='bbox 1777 1498 1877 1530; x_wconf 87' lang='lat' dir='ltr'>semel</span> 
     </span>
     <span class='ocr_line' id='line_1_70' title="bbox 1142 1550 1878 1583; baseline 0.001 -2"><span class='ocrx_word' id='word_1_337' title='bbox 1142 1550 1174 1581; x_wconf 90' lang='lat' dir='ltr'>in</span> <span class='ocrx_word' id='word_1_338' title='bbox 1199 1560 1312 1583; x_wconf 87' lang='lat' dir='ltr'>mense</span> <span class='ocrx_word' id='word_1_339' title='bbox 1336 1551 1573 1583; x_wconf 82' lang='lat' dir='ltr'>sanctissimum</span> <span class='ocrx_word' id='word_1_340' title='bbox 1591 1550 1812 1583; x_wconf 85' lang='lat' dir='ltr'>Eucharistiae</span> <span class='ocrx_word' id='word_1_341' title='bbox 1831 1561 1878 1582; x_wconf 88' lang='lat' dir='ltr'>sa-</span> 
     </span>
     <span class='ocr_line' id='line_1_71' title="bbox 1142 1603 1878 1647; baseline 0 -12"><span class='ocrx_word' id='word_1_342' title='bbox 1142 1608 1342 1636; x_wconf 86' lang='lat' dir='ltr'>cramentum</span> <span class='ocrx_word' id='word_1_343' title='bbox 1367 1604 1572 1647; x_wconf 85' lang='lat' dir='ltr'>sumpserint,</span> <span class='ocrx_word' id='word_1_344' title='bbox 1595 1609 1626 1636; x_wconf 91' lang='lat' dir='ltr'>et</span> <span class='ocrx_word' id='word_1_345' title='bbox 1645 1609 1678 1635; x_wconf 92' lang='lat' dir='ltr'>ut</span> <span class='ocrx_word' id='word_1_346' title='bbox 1696 1603 1878 1647; x_wconf 87' lang='lat' dir='ltr'>praefertur</span> 
     </span>
     <span class='ocr_line' id='line_1_72' title="bbox 1142 1656 1878 1700; baseline -0.001 -11"><span class='ocrx_word' id='word_1_347' title='bbox 1142 1656 1312 1697; x_wconf 81' lang='lat' dir='ltr'>oraverint,</span> <span class='ocrx_word' id='word_1_348' title='bbox 1328 1657 1468 1700; x_wconf 83' lang='lat' dir='ltr'>quinque</span> <span class='ocrx_word' id='word_1_349' title='bbox 1488 1667 1588 1690; x_wconf 86' lang='lat' dir='ltr'>annos</span> <span class='ocrx_word' id='word_1_350' title='bbox 1607 1662 1639 1689; x_wconf 87' lang='lat' dir='ltr'>et</span> <span class='ocrx_word' id='word_1_351' title='bbox 1656 1657 1789 1690; x_wconf 88' lang='lat' dir='ltr'>totidem</span> <span class='ocrx_word' id='word_1_352' title='bbox 1804 1667 1878 1700; x_wconf 55' lang='lat' dir='ltr'>qua»</span> 
     </span>
     <span class='ocr_line' id='line_1_73' title="bbox 1142 1711 1315 1753; baseline 0.006 -11"><span class='ocrx_word' id='word_1_353' title='bbox 1142 1711 1315 1753; x_wconf 75' lang='lat' dir='ltr'>dragenas.</span> 
     </span>
    </p>

    <p class='ocr_par' dir='ltr' id='par_1_21' title="bbox 1141 1763 1878 2126">
     <span class='ocr_line' id='line_1_74' title="bbox 1185 1763 1876 1807; baseline 0.001 -11"><span class='ocrx_word' id='word_1_354' title='bbox 1185 1774 1255 1797; x_wconf 88' lang='lat' dir='ltr'>v111.</span> <span class='ocrx_word' id='word_1_355' title='bbox 1281 1763 1350 1803; x_wconf 81' lang='lat' dir='ltr'>Qui,</span> <span class='ocrx_word' id='word_1_356' title='bbox 1375 1764 1582 1807; x_wconf 86' lang='lat' dir='ltr'>poenitentes</span> <span class='ocrx_word' id='word_1_357' title='bbox 1613 1769 1644 1797; x_wconf 89' lang='lat' dir='ltr'>et</span> <span class='ocrx_word' id='word_1_358' title='bbox 1673 1763 1825 1805; x_wconf 85' lang='lat' dir='ltr'>confessi,</span> <span class='ocrx_word' id='word_1_359' title='bbox 1844 1764 1876 1797; x_wconf 91' lang='lat' dir='ltr'>in</span> 
     </span>
     <span class='ocr_line' id='line_1_75' title="bbox 1142 1816 1876 1859; baseline 0.001 -11"><span class='ocrx_word' id='word_1_360' title='bbox 1142 1816 1287 1859; x_wconf 79' lang='lat' dir='ltr'>qualibet</span> <span class='ocrx_word' id='word_1_361' title='bbox 1300 1827 1335 1849; x_wconf 78' lang='lat' dir='ltr'>ex</span> <span class='ocrx_word' id='word_1_362' title='bbox 1356 1817 1582 1850; x_wconf 85' lang='lat' dir='ltr'>festivitatibus</span> <span class='ocrx_word' id='word_1_363' title='bbox 1600 1817 1745 1850; x_wconf 88' lang='lat' dir='ltr'>eiusdem</span> <span class='ocrx_word' id='word_1_364' title='bbox 1762 1817 1876 1850; x_wconf 86' lang='lat' dir='ltr'>beatae</span> 
     </span>
     <span class='ocr_line' id='line_1_76' title="bbox 1141 1870 1878 1912; baseline 0.001 -11"><span class='ocrx_word' id='word_1_365' title='bbox 1141 1870 1281 1912; x_wconf 69' lang='lat' dir='ltr'>Virginis</span> <span class='ocrx_word' id='word_1_366' title='bbox 1306 1870 1421 1903; x_wconf 75' lang='lat' dir='ltr'>Mariae</span> <span class='ocrx_word' id='word_1_367' title='bbox 1453 1870 1691 1903; x_wconf 88' lang='lat' dir='ltr'>sanctissimum</span> <span class='ocrx_word' id='word_1_368' title='bbox 1723 1870 1878 1903; x_wconf 79' lang='lat' dir='ltr'>Euchari-</span> 
     </span>
     <span class='ocr_line' id='line_1_77' title="bbox 1142 1922 1878 1966; baseline 0 -11"><span class='ocrx_word' id='word_1_369' title='bbox 1142 1922 1220 1955; x_wconf 85' lang='lat' dir='ltr'>stiae</span> <span class='ocrx_word' id='word_1_370' title='bbox 1245 1929 1478 1955; x_wconf 84' lang='lat' dir='ltr'>sacramentum</span> <span class='ocrx_word' id='word_1_371' title='bbox 1510 1923 1543 1955; x_wconf 91' lang='lat' dir='ltr'>in</span> <span class='ocrx_word' id='word_1_372' title='bbox 1573 1923 1708 1956; x_wconf 77' lang='lat' dir='ltr'>ecclesia</span> <span class='ocrx_word' id='word_1_373' title='bbox 1731 1923 1779 1955; x_wconf 83' lang='lat' dir='ltr'>vel</span> <span class='ocrx_word' id='word_1_374' title='bbox 1805 1933 1878 1966; x_wconf 87' lang='lat' dir='ltr'>cap-</span> 
     </span>
     <span class='ocr_line' id='line_1_78' title="bbox 1141 1976 1876 2019; baseline 0 -10"><span class='ocrx_word' id='word_1_375' title='bbox 1141 1977 1229 2019; x_wconf 77' lang='lat' dir='ltr'>pella</span> <span class='ocrx_word' id='word_1_376' title='bbox 1246 1976 1349 2009; x_wconf 91' lang='lat' dir='ltr'>dictae</span> <span class='ocrx_word' id='word_1_377' title='bbox 1367 1976 1641 2009; x_wconf 83' lang='lat' dir='ltr'>confraternitatis</span> <span class='ocrx_word' id='word_1_378' title='bbox 1662 1977 1775 2009; x_wconf 88' lang='lat' dir='ltr'>devote</span> <span class='ocrx_word' id='word_1_379' title='bbox 1796 1987 1876 2009; x_wconf 88' lang='lat' dir='ltr'>sum-</span> 
     </span>
     <span class='ocr_line' id='line_1_79' title="bbox 1143 2029 1877 2072; baseline 0.001 -11"><span class='ocrx_word' id='word_1_380' title='bbox 1143 2029 1277 2072; x_wconf 84' lang='lat' dir='ltr'>pserint,</span> <span class='ocrx_word' id='word_1_381' title='bbox 1305 2034 1346 2070; x_wconf 88' lang='lat' dir='ltr'>et,</span> <span class='ocrx_word' id='word_1_382' title='bbox 1371 2034 1405 2061; x_wconf 95' lang='lat' dir='ltr'>ut</span> <span class='ocrx_word' id='word_1_383' title='bbox 1430 2030 1651 2072; x_wconf 88' lang='lat' dir='ltr'>supradictum</span> <span class='ocrx_word' id='word_1_384' title='bbox 1675 2035 1736 2070; x_wconf 88' lang='lat' dir='ltr'>est,</span> <span class='ocrx_word' id='word_1_385' title='bbox 1766 2040 1877 2062; x_wconf 88' lang='lat' dir='ltr'>orave-</span> 
     </span>
     <span class='ocr_line' id='line_1_80' title="bbox 1142 2082 1873 2126; baseline 0.001 -12"><span class='ocrx_word' id='word_1_386' title='bbox 1142 2082 1214 2123; x_wconf 86' lang='lat' dir='ltr'>rint,</span> <span class='ocrx_word' id='word_1_387' title='bbox 1229 2088 1294 2115; x_wconf 82' lang='lat' dir='ltr'>tres</span> <span class='ocrx_word' id='word_1_388' title='bbox 1319 2093 1420 2115; x_wconf 86' lang='lat' dir='ltr'>annos</span> <span class='ocrx_word' id='word_1_389' title='bbox 1437 2089 1467 2115; x_wconf 91' lang='lat' dir='ltr'>et</span> <span class='ocrx_word' id='word_1_390' title='bbox 1484 2083 1617 2115; x_wconf 84' lang='lat' dir='ltr'>totidem</span> <span class='ocrx_word' id='word_1_391' title='bbox 1636 2084 1873 2126; x_wconf 77' lang='lat' dir='ltr'>quadragenas.</span> 
     </span>
    </p>

    <p class='ocr_par' dir='ltr' id='par_1_22' title="bbox 1142 2134 1877 2446">
     <span class='ocr_line' id='line_1_81' title="bbox 1186 2134 1876 2173; baseline -0.001 -5"><span class='ocrx_word' id='word_1_392' title='bbox 1186 2146 1228 2168; x_wconf 82' lang='lat' dir='ltr'>lx.</span> <span class='ocrx_word' id='word_1_393' title='bbox 1255 2134 1313 2173; x_wconf 87' lang='lat' dir='ltr'>Qui</span> <span class='ocrx_word' id='word_1_394' title='bbox 1331 2147 1402 2168; x_wconf 93' lang='lat' dir='ltr'>cum</span> <span class='ocrx_word' id='word_1_395' title='bbox 1428 2137 1547 2169; x_wconf 89' lang='lat' dir='ltr'>lumine</span> <span class='ocrx_word' id='word_1_396' title='bbox 1566 2136 1803 2168; x_wconf 87' lang='lat' dir='ltr'>sanctissimum</span> <span class='ocrx_word' id='word_1_397' title='bbox 1820 2135 1876 2167; x_wconf 90' lang='lat' dir='ltr'>Eu-</span> 
     </span>
     <span class='ocr_line' id='line_1_82' title="bbox 1143 2188 1876 2232; baseline 0.001 -12"><span class='ocrx_word' id='word_1_398' title='bbox 1143 2189 1311 2221; x_wconf 82' lang='lat' dir='ltr'>charistiae</span> <span class='ocrx_word' id='word_1_399' title='bbox 1337 2194 1582 2229; x_wconf 87' lang='lat' dir='ltr'>sacramentum,</span> <span class='ocrx_word' id='word_1_400' title='bbox 1611 2190 1738 2232; x_wconf 85' lang='lat' dir='ltr'>quando</span> <span class='ocrx_word' id='word_1_401' title='bbox 1763 2189 1801 2221; x_wconf 86' lang='lat' dir='ltr'>ad</span> <span class='ocrx_word' id='word_1_402' title='bbox 1826 2188 1876 2221; x_wconf 91' lang='lat' dir='ltr'>in-</span> 
     </span>
     <span class='ocr_line' id='line_1_83' title="bbox 1142 2242 1876 2286; baseline 0.003 -12"><span class='ocrx_word' id='word_1_403' title='bbox 1142 2242 1250 2275; x_wconf 81' lang='lat' dir='ltr'>firmos</span> <span class='ocrx_word' id='word_1_404' title='bbox 1276 2242 1427 2282; x_wconf 84' lang='lat' dir='ltr'>defertur,</span> <span class='ocrx_word' id='word_1_405' title='bbox 1446 2242 1588 2275; x_wconf 85' lang='lat' dir='ltr'>comitati</span> <span class='ocrx_word' id='word_1_406' title='bbox 1615 2243 1743 2283; x_wconf 89' lang='lat' dir='ltr'>fuerint,</span> <span class='ocrx_word' id='word_1_407' title='bbox 1763 2249 1792 2276; x_wconf 91' lang='lat' dir='ltr'>et</span> <span class='ocrx_word' id='word_1_408' title='bbox 1816 2254 1876 2286; x_wconf 83' lang='lat' dir='ltr'>pro</span> 
     </span>
     <span class='ocr_line' id='line_1_84' title="bbox 1142 2294 1876 2339; baseline 0.003 -11"><span class='ocrx_word' id='word_1_409' title='bbox 1142 2295 1258 2328; x_wconf 90' lang='lat' dir='ltr'>iisdem</span> <span class='ocrx_word' id='word_1_410' title='bbox 1289 2294 1425 2327; x_wconf 80' lang='lat' dir='ltr'>infirmis</span> <span class='ocrx_word' id='word_1_411' title='bbox 1461 2295 1529 2338; x_wconf 86' lang='lat' dir='ltr'>pias</span> <span class='ocrx_word' id='word_1_412' title='bbox 1564 2295 1602 2327; x_wconf 88' lang='lat' dir='ltr'>ad</span> <span class='ocrx_word' id='word_1_413' title='bbox 1628 2295 1727 2328; x_wconf 85' lang='lat' dir='ltr'>Deum</span> <span class='ocrx_word' id='word_1_414' title='bbox 1761 2307 1876 2339; x_wconf 71' lang='lat' dir='ltr'>preces</span> 
     </span>
     <span class='ocr_line' id='line_1_85' title="bbox 1143 2348 1877 2392; baseline 0.001 -11"><span class='ocrx_word' id='word_1_415' title='bbox 1143 2348 1330 2387; x_wconf 74' lang='lat' dir='ltr'>cffiiderint,</span> <span class='ocrx_word' id='word_1_416' title='bbox 1363 2349 1506 2392; x_wconf 87' lang='lat' dir='ltr'>quinque</span> <span class='ocrx_word' id='word_1_417' title='bbox 1544 2359 1645 2381; x_wconf 86' lang='lat' dir='ltr'>annos</span> <span class='ocrx_word' id='word_1_418' title='bbox 1682 2354 1713 2382; x_wconf 90' lang='lat' dir='ltr'>ct</span> <span class='ocrx_word' id='word_1_419' title='bbox 1742 2349 1877 2382; x_wconf 84' lang='lat' dir='ltr'>totidem</span> 
     </span>
     <span class='ocr_line' id='line_1_86' title="bbox 1143 2403 1378 2446; baseline 0 -12"><span class='ocrx_word' id='word_1_420' title='bbox 1143 2403 1378 2446; x_wconf 75' lang='lat' dir='ltr'>quadragenas.</span> 
     </span>
    </p>

    <p class='ocr_par' dir='ltr' id='par_1_23' title="bbox 1185 2455 1878 2498">
     <span class='ocr_line' id='line_1_87' title="bbox 1185 2455 1878 2498; baseline -0.001 -10"><span class='ocrx_word' id='word_1_421' title='bbox 1185 2466 1214 2488; x_wconf 80' lang='lat' dir='ltr'>x.</span> <span class='ocrx_word' id='word_1_422' title='bbox 1243 2455 1299 2493; x_wconf 84' lang='lat' dir='ltr'>Qui</span> <span class='ocrx_word' id='word_1_423' title='bbox 1320 2466 1455 2498; x_wconf 85' lang='lat' dir='ltr'>corpora</span> <span class='ocrx_word' id='word_1_424' title='bbox 1482 2455 1707 2487; x_wconf 85' lang='lat' dir='ltr'>defunctorum</span> <span class='ocrx_word' id='word_1_425' title='bbox 1725 2466 1878 2498; x_wconf 86' lang='lat' dir='ltr'>quorum-</span> 
     </span>
    </p>
   </div>
   <div class='ocr_carea' id='block_1_14' title="bbox 366 2505 1879 2657">
    <p class='ocr_par' dir='ltr' id='par_1_24' title="bbox 366 2505 1879 2657">
     <span class='ocr_line' id='line_1_88' title="bbox 366 2505 1879 2551; baseline 0.002 -14"><span class='ocrx_word' id='word_1_426' title='bbox 366 2505 466 2537; x_wconf 82' lang='lat' dir='ltr'>simae</span> <span class='ocrx_word' id='word_1_427' title='bbox 491 2505 711 2539; x_wconf 75' lang='lat' dir='ltr'>Eucharistiae</span> <span class='ocrx_word' id='word_1_428' title='bbox 743 2513 978 2540; x_wconf 81' lang='lat' dir='ltr'>sacramentum</span> <span class='ocrx_word' id='word_1_429' title='bbox 1010 2519 1097 2540; x_wconf 87' lang='lat' dir='ltr'>sum-</span> <span class='ocrx_word' id='word_1_430' title='bbox 1144 2519 1281 2551; x_wconf 84' lang='lat' dir='ltr'>cumque</span> <span class='ocrx_word' id='word_1_431' title='bbox 1299 2509 1337 2541; x_wconf 88' lang='lat' dir='ltr'>ad</span> <span class='ocrx_word' id='word_1_432' title='bbox 1363 2510 1563 2551; x_wconf 87' lang='lat' dir='ltr'>sepulturam</span> <span class='ocrx_word' id='word_1_433' title='bbox 1589 2508 1829 2546; x_wconf 68' lang='lat' dir='ltr'>associaverint,</span> <span class='ocrx_word' id='word_1_434' title='bbox 1848 2513 1879 2540; x_wconf 87' lang='lat' dir='ltr'>et</span> 
     </span>
     <span class='ocr_line' id='line_1_89' title="bbox 366 2558 1879 2607; baseline 0.003 -18"><span class='ocrx_word' id='word_1_435' title='bbox 366 2558 499 2600; x_wconf 88' lang='lat' dir='ltr'>pserint,</span> <span class='ocrx_word' id='word_1_436' title='bbox 519 2569 555 2590; x_wconf 87' lang='lat' dir='ltr'>ac</span> <span class='ocrx_word' id='word_1_437' title='bbox 573 2569 632 2601; x_wconf 88' lang='lat' dir='ltr'>pro</span> <span class='ocrx_word' id='word_1_438' title='bbox 649 2559 900 2592; x_wconf 86' lang='lat' dir='ltr'>christianorum</span> <span class='ocrx_word' id='word_1_439' title='bbox 919 2561 1100 2604; x_wconf 84' lang='lat' dir='ltr'>principum</span> <span class='ocrx_word' id='word_1_440' title='bbox 1144 2572 1202 2604; x_wconf 87' lang='lat' dir='ltr'>pro</span> <span class='ocrx_word' id='word_1_441' title='bbox 1222 2572 1334 2594; x_wconf 89' lang='lat' dir='ltr'>eorum</span> <span class='ocrx_word' id='word_1_442' title='bbox 1355 2561 1520 2594; x_wconf 87' lang='lat' dir='ltr'>animabus</span> <span class='ocrx_word' id='word_1_443' title='bbox 1538 2562 1575 2594; x_wconf 88' lang='lat' dir='ltr'>ad</span> <span class='ocrx_word' id='word_1_444' title='bbox 1594 2562 1692 2593; x_wconf 85' lang='lat' dir='ltr'>Deum</span> <span class='ocrx_word' id='word_1_445' title='bbox 1707 2561 1879 2607; x_wconf 70' lang='lat' dir='ltr'>oraverint,</span> 
     </span>
     <span class='ocr_line' id='line_1_90' title="bbox 366 2611 1380 2657; baseline 0.002 -13"><span class='ocrx_word' id='word_1_446' title='bbox 366 2611 547 2652; x_wconf 75' lang='lat' dir='ltr'>concordia,</span> <span class='ocrx_word' id='word_1_447' title='bbox 562 2612 729 2645; x_wconf 84' lang='lat' dir='ltr'>haeresum</span> <span class='ocrx_word' id='word_1_448' title='bbox 743 2613 1102 2657; x_wconf 63' lang='grc'><strong>011111113110110,303311-</strong></span> <span class='ocrx_word' id='word_1_449' title='bbox 1145 2620 1273 2649; x_wconf 87' lang='lat' dir='ltr'>centum</span> <span class='ocrx_word' id='word_1_450' title='bbox 1299 2614 1380 2647; x_wconf 88' lang='lat' dir='ltr'>dies.</span> 
     </span>
    </p>
   </div>
   <div class='ocr_carea' id='block_1_15' title="bbox 1768 228 2062 262">
    <p class='ocr_par' dir='ltr' id='par_1_25' title="bbox 1768 228 2062 262">
     <span class='ocr_line' id='line_1_91' title="bbox 1768 228 2062 262; baseline 0.003 -1"><span class='ocrx_word' id='word_1_451' title='bbox 1768 228 1832 261; x_wconf 67' lang='grc' dir='ltr'>[1οὖ</span> <span class='ocrx_word' id='word_1_452' title='bbox 1879 236 1927 262; x_wconf 73' lang='lat' dir='ltr'>An.</span> <span class='ocrx_word' id='word_1_453' title='bbox 1948 235 1977 261; x_wconf 87' lang='lat' dir='ltr'>C.</span> <span class='ocrx_word' id='word_1_454' title='bbox 1995 234 2062 262; x_wconf 69' lang='lat'>1673</span> 
     </span>
    </p>
   </div>
  </div>
 </body>
</html>
