2279 3260
163 223 209 250 An.
233 223 261 251 C.
281 224 348 252 1672

992 226 1134 251 ciimters
1156 228 1172 251 X
1199 229 1246 251 ΓΡ.

1765 220 1828 251 505
1874 229 1921 255 An.
1945 228 1973 254 Γ..
1993 228 2058 254 ΗὶἎ

356 276 614 319 reprobavimus,
636 280 667 308 et.
681 276 764 318 qiua,
780 276 856 309 sede
872 275 1090 319 archiepisco·
1133 275 1161 307 ei
1187 276 1225 308 ad
1245 276 1275 308 id
1301 281 1464 315 statutum,
1480 282 1512 309 ut
1530 279 1717 320 praefi-rtur,
1736 279 1866 310 minime

356 328 419 372 pali
448 328 590 372 praefata
612 333 646 360 ut
670 328 853 371 praefertur
878 333 1020 367 vacante,
1045 328 1092 361 of-

356 381 466 415 ficialis
492 392 548 415 seu
573 382 709 415 vicarius
734 381 816 415 infra
841 387 914 415 octo
933 382 1002 415 dies
1021 385 1093 425 post

356 440 492 468 mortem
520 434 596 467 dicti
632 435 868 478 archiepiscopi
903 446 918 467 a
952 434 1092 478 capitulo

355 487 625 531 metropolitanae
652 488 808 521 eeclesiae
828 488 1094 531 Caesaraugusta-

355 550 424 579 nac,
452 540 491 573 ad
517 540 603 583 quod
629 550 665 573 ea
690 550 740 573 res
766 540 852 573 iuxta
877 540 1011 574 Concilii
1032 540 1094 572 Tri-

356 592 481 626 dentini
522 593 654 626 decreta
690 593 868 637 spectabat,
907 593 1094 627 constitutus

355 646 404 678 vel
430 644 639 678 confirmatus
664 656 730 679 non
756 646 822 686 fuit,
849 646 896 678 ius
919 646 1092 689 deputandi

355 697 527 732 officialem
564 708 620 731 seu
659 698 813 731 vicarium
846 697 1030 731 huiusmodi
1055 698 1093 729 ad

355 752 576 785 venerabilem
619 752 748 785 fratrem
789 752 977 795 episcopum
1014 750 1093 783 anti-

355 805 502 849 quiorem
532 816 568 838 cx
597 805 810 848 suffraganeis
837 805 940 838 dietae
965 804 1094 847 provin-

355 858 423 892 ciae
449 858 765 901 Caesaraugustanae
797 858 984 891 devolutum
1022 867 1091 889 esse

355 911 602 951 declaravimus,
622 910 749 954 ipsique
768 910 920 953 episcopo
943 907 1092 951 suffraga-

354 975 417 998 neo
444 964 618 1007 antiquiori
646 964 817 996 terminum
836 963 947 996 decem
965 963 1091 995 dierum

354 1017 393 1050 ad
419 1015 599 1049 faciendam
618 1016 863 1058 deputationem
882 1015 957 1048 dieti
976 1014 1093 1048 officia-

354 1070 392 1103 lis
429 1080 485 1102 seu
510 1068 621 1101 vicarii
646 1068 826 1108 statuimus,
851 1068 894 1100 ita
917 1073 952 1100 ut
981 1069 1092 1111 elapso

353 1121 438 1155 dicto
458 1121 606 1161 termino,
627 1132 687 1154 nee
706 1120 786 1154 sacta
805 1120 1015 1164 deputatione
1034 1122 1093 1154 liu-

352 1174 504 1214 iusmodi,
532 1174 580 1206 ius
605 1174 783 1217 deputandi
803 1174 950 1206 eumdem
975 1174 1092 1207 officia-

352 1229 416 1261 lem
445 1238 501 1260 seu
526 1227 679 1259 vicarium
705 1226 744 1259 ad
770 1227 855 1259 hane
874 1232 1018 1260 sanctam
1043 1228 1091 1261 Se-

353 1281 426 1313 dem
452 1280 672 1324 Apostolicam
710 1279 796 1312 illico
833 1280 1023 1313 devolvatur
1059 1287 1090 1315 et

354 1333 540 1366 devolutum
552 1343 622 1365 esse
636 1332 848 1375 intelligatur,
859 1338 890 1366 et
903 1333 981 1366 alias
996 1339 1093 1376 prout

353 1386 385 1418 in
412 1385 531 1419 nostris
558 1385 699 1429 desuper
725 1385 757 1417 in
782 1386 879 1419 simili
898 1386 998 1419 forma
1017 1388 1092 1420 Bre-

351 1439 397 1472 vis
422 1439 582 1482 expeditis
612 1439 743 1479 litteris,
776 1450 914 1483 qnorum
945 1445 1090 1474 tenorem

352 1492 580 1536 praesentibus
606 1502 665 1535 pro
700 1493 795 1535 plene
832 1497 863 1524 et
895 1492 1091 1526 sufficienter

353 1556 506 1589 expresso
537 1556 572 1578 ae
605 1545 644 1578 de
673 1545 772 1578 verbo
804 1546 842 1577 ad
875 1545 1008 1579 verbum
1042 1546 1090 1578 in-

353 1603 439 1631 serto
454 1597 566 1630 haberi
580 1598 737 1638 volumus,
748 1598 881 1630 uberius
896 1598 1087 1638 continetur;

397 1650 412 1693 ξ
436 1650 467 1682 Ξ.
495 1650 576 1683 Hinc
599 1655 647 1683 est
665 1651 749 1693 quod
772 1661 841 1691 nos,
859 1661 919 1694 pro
940 1651 1089 1684 commis-

352 1705 387 1736 sa
412 1703 507 1736 nobis
532 1702 684 1736 divinitus
710 1703 852 1736 omniurn
877 1704 1087 1737 ecclesiarum

350 1756 745 1796 sollicitudine,ecclesiae
763 1757 948 1800 praedictae
961 1757 1087 1790 Caesar-

349 1815 545 1852 augustanae
561 1835 568 1849 ‚
610 1809 722 1852 illique
761 1810 895 1842 subiecti
935 1810 1085 1843 dominici

349 1862 455 1905 gregis
480 1862 739 1902 necessitatibus,
777 1862 809 1894 in
845 1868 996 1895 eventum
1023 1874 1085 1906 quo

351 1915 516 1959 deputatio
534 1914 680 1948 officialis
699 1925 757 1948 seu
774 1914 882 1948 vicarii
902 1916 1084 1950 huiusmodi

350 1981 368 2002 a
393 1968 478 2001 dicto
502 1969 656 2012 episcopo
678 1968 883 2012 suffraganeo
904 1969 1085 2013 antiquiore

351 2022 435 2054 intra
470 2022 644 2055 terminum
679 2022 881 2065 praedictum
915 2033 982 2055 non
1017 2023 1082 2065 siat,

352 2080 505 2118 quantum
522 2076 618 2108 nobis
638 2086 674 2108 ex
700 2076 765 2108 alto
786 2076 986 2117 conceditur,
1005 2078 1085 2110 salu-

350 2128 453 2160 briter
469 2127 639 2171 providere
658 2129 812 2168 volentes,
830 2139 866 2161 ac
884 2129 922 2162 de
943 2133 1085 2172 spectata

353 2180 559 2213 fraternitatis
592 2185 666 2214 tuae
699 2181 771 2221 fide,
798 2181 980 2224 prudentia,
1004 2183 1085 2216 inte-

351 2233 477 2276 gritate,
503 2233 660 2276 sapientia
697 2239 729 2266 et
762 2234 895 2268 honoris
926 2235 981 2268 Dei
1014 2237 1083 2269 zelo

350 2285 527 2330 plurimum
552 2286 583 2318 in
608 2286 744 2320 Domino
762 2286 888 2327 contisi,
907 2292 995 2321 motu
1014 2299 1085 2332 pro-

351 2339 435 2382 prio,
455 2349 491 2371 ae
518 2349 554 2372 ex
580 2340 667 2372 certa
686 2339 820 2373 seientia
837 2345 869 2373 et
885 2343 1007 2374 matura
1024 2343 1081 2375 de-

348 2393 540 2426 liberatione
558 2392 687 2433 nostris,
702 2393 808 2436 deque
822 2394 1018 2437 apostolieae
1034 2406 1086 2438 po-

348 2446 473 2479 testatis
501 2445 724 2489 plenitudine,
759 2447 864 2480 eidem
895 2448 1084 2482 fraternitati

350 2505 433 2540 tuae,
460 2499 487 2531 si
513 2498 683 2532 officialem
704 2510 761 2532 seu
784 2500 937 2534 vicarium
963 2503 1085 2545 praefa-

351 2559 417 2586 tum
443 2564 461 2586 a
484 2557 661 2586 memorato
694 2552 849 2596 episcopo
881 2554 1084 2597 suffraganeo

351 2606 531 2651 antiquiore
545 2605 630 2638 intra
643 2606 816 2638 terminum
830 2607 943 2640 decem
960 2607 1085 2641 dierum

438 2668 516 2696 Ball.
539 2668 622 2694 Rom.
644 2682 677 2687 --
702 2667 759 2696 Vol.
782 2668 889 2696 XVIII.
1032 2671 1065 2697 64

197 1661 295 1682 Facultas
321 1663 342 1682 ut

157 1688 178 1709 in
193 1688 288 1709 rubricis.

1134 328 1291 371 deputari,
1317 340 1352 361 ac
1376 330 1514 372 proinde
1534 330 1581 362 ius
1601 331 1776 373 ‹leputamli
1801 331 1868 363 offi-

1134 380 1247 413 cialem
1262 392 1316 414 scu
1333 381 1485 415 vicarium
1501 383 1684 415 lmiusmodi
1700 384 1737 415 ad
1753 383 1868 416 Sedem

1136 433 1352 476 Apostolicam
1374 435 1548 478 praefatam
1575 435 1660 468 iuxta
1691 436 1870 468 litterarum

1119 491 1316 536 'nostrarum
1338 488 1594 531 supradictarum
1621 488 1870 531 dispositionem

1137 540 1261 573 devolvi
1288 540 1469 583 contigerit,
1496 541 1637 584 aliquem
1663 541 1870 583 qualitatibus

1137 604 1195 636 per
1220 594 1348 626 decreta
1374 594 1449 627 dicti
1468 594 1601 627 Concilii
1619 594 1798 626 Tridentini
1825 606 1873 627 rc-

1137 646 1261 689 quisitis
1280 646 1478 689 praeditum¹
1506 647 1536 681 in
1562 647 1734 680 officialem
1753 658 1810 679 scu
1829 648 1873 679 vi-

1137 699 1256 731 carium
1282 699 1385 731 dictae
1412 700 1683 743 metropolitanae
1713 699 1871 733 ecclesiae

1135 751 1870 795 Cesaraugustanae,quamdiupraesensipsius

1136 806 1291 845 ecclesiae
1309 806 1432 838 vacatio
1448 807 1612 839 duraverit
1638 807 1669 839 in
1688 806 1795 839 officio
1816 807 1870 839 liu-

1137 858 1274 902 iusmodi
1290 859 1489 897 duraturum,
1501 870 1571 891 cum
1590 859 1741 892 omnibus
1761 865 1792 892 et
1809 860 1872 892 sin-

1136 911 1220 953 gulis
1243 911 1447 944 facultatibus
1465 923 1546 954 quae
1576 913 1734 945 eiusmodi
1752 913 1873 946 officia-

1136 963 1219 996 libus
1242 974 1296 996 seu
1322 964 1450 996 vicariis
1477 965 1515 997 de
1542 965 1608 997 iure
1638 976 1673 998 ac
1691 966 1871 998 secundum

1137 1016 1265 1049 decreta
1301 1015 1435 1049 Concilii
1471 1016 1649 1049 Tridentini
1684 1018 1872 1051 huiusmodi

1136 1073 1334 1112 competunt,
1354 1068 1542 1101 auctoritate
1562 1071 1670 1102 nostra
1696 1071 1874 1113 apostolica

1137 1121 1357 1154 constituendi
1392 1126 1424 1154 et
1460 1122 1656 1165 deputandi,
1682 1124 1812 1166 plenam
1839 1129 1873 1155 et

1137 1176 1274 1218 amplam
1301 1175 1484 1208 facultatem
1511 1180 1622 1208 tenore
1651 1177 1870 1219 praesentium

1138 1229 1307 1262 tribuimus
1333 1234 1364 1262 et
1387 1228 1604 1272 impertimur.

1179 1283 1194 1325 ἓ
1218 1281 1250 1315 3.
1276 1282 1493 1315 Deeernentes
1524 1282 1652 1315 easdem
1683 1289 1870 1326 praesentes
1893 1291 2019 1320 ,incretum
2039 1293 2065 1312 ir-

1881 1319 1953 1338 filaus.

1136 1335 1268 1375 litteras,
1284 1340 1316 1368 et
1339 1335 1468 1368 illarum
1493 1336 1604 1378 vigore
1625 1346 1642 1367 a
1661 1340 1689 1368 te
1708 1336 1869 1370 faciendas

1118 1388 1401 1422 ,constitutionem
1426 1393 1457 1420 et.
1482 1388 1726 1431 deputationem
1752 1389 1870 1423 officia-

1135 1442 1173 1474 lis
1193 1452 1247 1474 seu
1269 1441 1378 1474 vicarii
1397 1440 1591 1481 huiusmodi,
1611 1441 1730 1483 timum,
1747 1443 1869 1476 validas

1135 1501 1163 1528 et
1183 1495 1330 1528 efficaces
1349 1494 1484 1527 existere
1503 1500 1535 1528 et
1553 1495 1631 1535 fore,
1646 1506 1787 1539 suosque
1804 1499 1870 1540 ple-

1134 1538 1243 1580 narios
1279 1553 1311 1581 et
1346 1548 1492 1590 integros
1531 1547 1659 1581 effectus
1699 1549 1805 1582 sortiri
1838 1556 1870 1583 et

1134 1598 1294 1639 obtinere,
1323 1609 1359 1630 ac
1391 1598 1477 1637 illis,
1508 1599 1547 1630 ad
1574 1609 1655 1641 quos
1686 1604 1810 1642 spectat
1837 1606 1868 1633 et

1132 1651 1289 1694 spectabit
1314 1651 1344 1683 in
1372 1651 1519 1691 futurum,
1535 1651 1567 1683 in
1591 1651 1740 1684 omnibus
1762 1657 1792 1684 et
1809 1664 1868 1695 per

1133 1705 1239 1737 omnia
1264 1704 1454 1747 plenissime
1479 1703 1644 1746 suffragari
1662 1731 1669 1744 ,
1701 1709 1732 1736 et
1756 1705 1795 1737 ab
1820 1705 1866 1738 eis

1131 1757 1307 1800 respective
1322 1757 1551 1790 inviolabiliter
1564 1758 1736 1797 observari,
1755 1758 1866 1801 sicque

1131 1815 1162 1843 et
1190 1802 1258 1843 hon
1282 1809 1376 1843 aliter
1406 1810 1437 1842 in
1468 1810 1650 1853 praemissis
1675 1820 1734 1853 per
1761 1822 1863 1854 quos-

1130 1873 1265 1906 cumque
1290 1863 1411 1895 iudices
1429 1863 1609 1896 ordinarios
1632 1868 1664 1896 et
1687 1864 1864 1907 delegatos,

1130 1916 1225 1948 etiam
1251 1926 1419 1948 causarum
1448 1916 1556 1959 palatii
1583 1917 1750 1960 apostolici
1775 1918 1866 1950 audi-

1131 1975 1235 2009 tores,
1255 1980 1291 2002 ac
1315 1969 1459 2002 eiusdem
1485 1969 1516 2001 S.
1544 1969 1581 2002 R.
1609 1969 1643 2002 E.
1670 1970 1862 2011 cardinales,

1129 2023 1225 2056 etiam
1251 2023 1289 2055 de.
1314 2023 1414 2055 latere
1440 2023 1572 2064 legurm,
1600 2022 1718 2055 aliosve
1744 2023 1865 2066 quosli—

1128 2076 1183 2108 bet
1207 2086 1409 2119 quacumque
1435 2075 1692 2118 praeeminentia
1717 2082 1748 2108 et
1772 2083 1860 2119 pote-

1128 2133 1208 2162 state
1230 2129 1400 2171 fungentes
1419 2133 1450 2161 et
1474 2129 1648 2168 functuros‚
1667 2129 1793 2161 sublata
1817 2130 1862 2163 eis

1128 2185 1158 2213 ct
1179 2191 1289 2214 eorum
1308 2181 1441 2214 cuilibet
1459 2181 1567 2224 quavis
1586 2181 1680 2214 aliter
1698 2181 1862 2215 iudicandi

1128 2238 1156 2265 et
1183 2234 1416 2277 interpretandi
1443 2234 1590 2266 facultate
1609 2239 1640 2266 et
1662 2234 1861 2275 auctoritate,

1127 2286 1261 2320 iudicari
1287 2293 1318 2320 et
1342 2287 1469 2320 definiri
1502 2288 1644 2328 debere,
1673 2298 1709 2320 ac
1734 2287 1862 2321 irritum

1127 2345 1159 2373 et
1182 2341 1278 2373 inane
1306 2340 1330 2373 si
1352 2350 1443 2373 secus
1461 2351 1560 2383 super
1583 2341 1633 2372 liis
1651 2351 1668 2373 a
1689 2351 1859 2384 quoquam,

1127 2393 1238 2436 quavis
1262 2394 1462 2433 auctoritate,
1485 2393 1626 2426 scienter
1643 2394 1692 2426 vel
1710 2393 1862 2436 ignoran-

1128 2452 1187 2487 ter,
1215 2447 1389 2489 contigerit
1413 2447 1577 2479 attentari.

1170 2500 1185 2543 ἓ
1200 2499 1232 2532 4.
1250 2499 1319 2532 Non
1344 2499 1545 2532 obstantibus
1563 2499 1760 2542 apostolicis,
1777 2510 1812 2533 ac
1828 2500 1860 2533 in
1900 2509 1994 2539 [te-rogat
2008 2515 2059 2532 con-

1127 2554 1363 2586 uuiversalibus
1380 2553 1698 2597 provincialilmsque
1717 2558 1748 2585 et
1772 2538 1954 2596 synoffflns'

1164 2617 1172 2642 1
1193 2615 1258 2642 Male
1274 2615 1338 2643 edit.
1355 2614 1433 2642 Main.
1452 2614 1516 2650 legit
1527 2614 1705 2650 praedictum
1723 2616 1761 2650 (R.
1772 2616 1820 2649 13).
