2279 3260
171 249 207 275 An
245 249 264 273 C
296 249 363 276 1673
483 251 489 264 '

362 298 451 338 dicti,
477 297 616 341 aliisque
651 297 885 330 ecclesiasticis
911 297 1094 334 sententiis,

362 351 510 383 censuris
530 355 562 383 et
577 350 708 394 poenis,
731 361 748 382 a
766 350 837 382 iure
856 351 906 382 vel
933 351 972 382 ab
992 350 1097 382 bomi-

362 414 423 442 ne,
450 403 561 447 quavis
588 403 757 436 occasione
791 403 841 436 vel
878 405 973 434 causa
1003 402 1094 440 latis,

330 460 334 461 ⁷
362 457 386 488 si
412 456 529 500 quibus
548 455 798 499 quomodolibet
826 455 999 487 innodatus
1032 455 1096 486 exi-

194 1680 286 1705 nerogat
303 1684 352 1700 con-

169 1708 248 1726 irai-ns.

202 1837 352 1863 Transunipto-

167 1869 212 1884 rum
228 1864 288 1884 tideu.

362 509 426 547 stit,
452 509 491 541 ad
512 508 666 541 effectum
691 508 915 551 praesentium
931 508 1097 539 dumtaxat
1127 530 1136 541 1

362 561 638 604 consequendum,
659 561 773 593 barum
790 560 872 593 serie
892 561 1095 593 absolventes

362 620 393 646 et
417 614 604 646 absolutum
632 614 698 646 sore
724 618 908 652 censentes,
940 612 1098 655 supplica-

362 667 502 699 tionibus
535 666 601 698 eius
634 666 765 699 nomine
791 665 886 697 nobis
912 675 1011 708 super
1036 665 1097 696 hoc

363 719 527 751 humiliter
552 719 709 761 porrectis
743 718 906 756 inclinati,
934 718 971 749 de
996 727 1094 749 vene-

363 771 511 804 rabilium
557 772 687 803 tran-um
731 775 917 803 nostrornm
954 769 1097 801 eiusdem

362 824 392 855 S.
422 823 456 855 R.
484 823 518 855 E.
539 823 750 855 cardinalium
777 822 874 854 sacris
899 821 1014 853 ritibus
1039 821 1097 852 bu-

362 876 497 908 insinodi
523 876 782 919 praepositorum
816 875 970 913 consilio,
999 878 1029 904 ut
1059 874 1097 905 de

362 934 537 961 memorato
563 929 596 960 B.
612 928 784 960 Bernardo
809 927 996 959 Ptolomaeo
1024 926 1098 957 inis-

363 992 397 1013 sa
422 986 451 1013 et
478 980 618 1012 ollii-inm
645 981 683 1012 de
709 979 869 1011 communi
897 979 1097 1011 Confessoris

362 1045 426 1066 non
459 1034 622 1066 Pontiticis
660 1033 716 1065 sub
757 1032 819 1064 ritu
857 1032 977 1075 duplici
1011 1032 1096 1063 iuxta

361 1086 502 1118 rubricas
541 1086 691 1118 breviarii
732 1091 760 1117 et
800 1085 936 1117 missalis
972 1084 1096 1116 romani

361 1139 531 1182 quotannis
555 1140 587 1172 in
613 1144 804 1182 perpetuum
823 1138 872 1170 die
896 1148 933 1170 xx
960 1137 1096 1180 augusti,

362 1203 423 1235 qua
453 1192 536 1224 idem
568 1192 602 1224 B.
631 1192 812 1223 Bernardus
846 1190 1041 1223 obdormivit
1066 1190 1096 1221 in

360 1245 506 1283 Domino,
522 1245 560 1277 ab
575 1244 722 1276 universa
740 1243 995 1286 Congregatione
1007 1253 1099 1285 prae-

361 1297 444 1329 dicta
475 1297 589 1329 Montis
613 1296 752 1337 Oliveti,
787 1306 823 1328 ac
855 1308 872 1328 a
906 1295 1033 1328 dilectis
1066 1294 1096 1326 in

361 1349 486 1382 Christo
510 1348 636 1382 filiabus
662 1349 859 1382 monialibus
891 1359 946 1381 seu
980 1348 1096 1380 oblatis

360 1402 550 1435 monasterii
575 1402 683 1434 Turris
707 1402 918 1445 Speculorum
938 1401 975 1433 de
1003 1401 1097 1439 Urbe,

360 1455 516 1487 celebrari
535 1460 567 1488 et
586 1455 716 1488 recitari
739 1455 841 1488 libere
863 1460 895 1487 et
920 1454 1005 1486 licite
1025 1464 1098 1496 pos-

360 1508 422 1540 sint
454 1513 486 1541 et
515 1509 641 1541 valeant
671 1509 874 1551 respective,
909 1507 1098 1539 auctoritate

361 1560 547 1604 apostoliea,
573 1567 685 1594 tenore
717 1561 936 1604 praesentium
952 1587 959 1599 ,
985 1570 1099 1592 conce-

363 1613 466 1646 dimus
485 1620 516 1646 et
532 1614 748 1655 indulgemus.

407 1666 422 1709 5
442 1666 473 1700 3.
489 1666 558 1698 Non
576 1666 781 1699 obstantibus
803 1666 942 1699 decretis
968 1671 999 1699 et
1023 1676 1099 1698 con-

364 1719 585 1752 stitutionibus
619 1724 650 1751 et
684 1719 943 1751 ordinationibus
969 1723 1099 1761 aposto-

364 1772 442 1813 licis,
461 1773 639 1815 ceterisque
654 1772 821 1805 contrariis
832 1772 1096 1814 quibuscumque.

406 1827 420 1869 ἓ
450 1826 481 1858 4.
515 1826 664 1858 Volumus
703 1831 809 1858 antem
844 1831 880 1858 ut
911 1826 1098 1858 earumdem

362 1879 580 1922 praesentium
606 1879 784 1911 litterarum
809 1879 1024 1921 transumptis,
1043 1889 1098 1911 seu

363 1931 527 1975 exempliS,
542 1932 637 1964 esiam
653 1931 827 1974 impressis⁷
843 1942 938 1964 manu
965 1932 1098 1964 alicuius

361 1984 477 2018 notarii
515 1984 638 2027 publici
681 1983 895 2026 subscriptis,
928 1989 957 2016 et
993 1984 1098 2025 sigillo

361 2048 517 2081 personae
542 2037 575 2069 in
601 2037 815 2069 ecclesiastica
846 2037 999 2079 dignitate
1025 2048 1100 2069 con-

361 2091 487 2123 stitutae
512 2090 651 2129 munitis,
678 2090 791 2122 eadem
815 2100 950 2133 prorsus
968 2089 1048 2122 fides
1067 2090 1099 2122 in

362 2143 481 2176 iudicio
508 2148 540 2175 et
559 2148 647 2176 extra
673 2143 877 2183 adhibeatur,
902 2153 983 2186 quae
1006 2153 1100 2186 prae-

363 2196 508 2228 sentibus
540 2195 754 2228 adhiberetur
786 2195 811 2227 si
841 2196 949 2228 forent
973 2196 1099 2229 exhibi-

365 2253 415 2280 tae
441 2250 490 2281 vel
516 2253 681 2281 ostensae.

409 2302 519 2333 Datum
544 2301 675 2341 Romae,
695 2302 779 2345 apud
797 2301 827 2334 S
847 2301 977 2335 Mariam
1002 2301 1099 2335 Maio-

363 2364 443 2392 rem,
459 2354 516 2386 sub
531 2356 649 2386 annulo
665 2354 850 2394 Piscatoris‚
867 2354 918 2387 die
935 2365 990 2388 xxx
1006 2366 1100 2398 augu-

363 2406 402 2439 sti
421 2416 598 2446 Mnctxxui,
614 2406 821 2449 pontificatus
836 2407 938 2440 nostri
957 2418 1041 2441 anno
1055 2419 1097 2441 iv.

756 2460 779 2492 Ι.
807 2460 842 2493 G.
869 2460 1008 2494 Stusms.

399 2522 460 2548 Dat.
477 2521 521 2547 die
538 2522 570 2548 30
586 2521 692 2556 augusti
713 2522 788 2555 ¹673,
808 2522 905 2556 pontis.
920 2530 990 2549 anno
1006 2529 1041 2549 iv.

400 2584 565 2618 Reyislrata
592 2584 622 2610 in
643 2584 808 2611 Secretaria
835 2585 865 2611 in
893 2585 941 2611 lib.
964 2585 1100 2613 Brevium

365 2628 470 2655 mensis
488 2628 663 2662 septembris,
681 2631 758 2662 part.
775 2635 805 2662 11,
824 2628 875 2663 fol.
896 2629 939 2656 61.

979 248 1120 273 Cli-{MENS
1144 251 1160 273 X
1187 251 1234 273 ΡΡ.

1463 298 1547 331 CXL.

1138 367 1318 400 Prohibicio
1344 369 1501 400 transitus
1530 369 1719 402 clericorum
1745 371 1873 413 reyula-

1182 421 1270 452 ri'nm
1295 421 1411 453 illatris
1436 421 1496 453 Dei
1526 425 1554 453 ct
1579 421 1615 453 (Ie
1639 422 1813 454 Somascha
1837 424 1874 455 de

1183 474 1247 505 tenti
1264 474 1296 505 ιή
1310 474 1449 506 alteram
1466 474 1751 516 Con-qreyaliouem
1765 476 1873 507 liuius-

1182 526 1270 557 modc'
1294 527 1471 569 respective,
1492 537 1530 558 ea:
1554 538 1758 570 quacwnquc
1775 529 1871 560 eliam

1184 577 1361 609 iustissimi
1386 579 1492 618 causzi,
1517 589 1553 610 ac
1575 579 1673 611 ctiam
1698 580 1804 621 ¹viyorc
1823 590 1873 611 cu—

1183 630 1283 661 iusvis
1315 630 1462 662 licentiae
1501 642 1520 662 α
1554 631 1775 673 superioribus
1808 632 1873 663 sive

1183 683 1279 713 eliam
1298 683 1331 713 in
1349 683 1504 725 capitulis
1521 683 1724 725 aenei-atibus
1749 693 1874 716 earum-

1183 734 1253 766 dem
1279 735 1573 777 Conyrvyate'onum
1593 746 1764 768 concessae.

1366 815 1497 841 Clemens
1519 815 1596 848 Papa
1615 815 1649 848 X,

1279 860 1315 884 ad
1337 858 1468 884 futuram
1487 859 1531 885 rei
1551 859 1733 886 memoriam.

1184 928 1225 959 Ex
1244 928 1403 960 commissi
1423 929 1517 961 nobis
1540 929 1692 962 divinitus
1707 931 1875 973 pastoralis

1141 980 1281 1012 muneris
1307 981 1427 1019 debito,
1453 982 1552 1023 quieti
1578 981 1719 1014 virorum
1744 983 1876 1025 religio-

1141 1043 1261 1071 sorum,
1276 1044 1366 1075 quos,
1379 1034 1511 1066 seclusis
1527 1034 1707 1075 discordiis,
1720 1035 1751 1067 in
1763 1036 1876 1079 spiritu

1143 1085 1317 1128 tranquillo
1329 1091 1360 1118 et
1375 1086 1462 1128 pacis
1477 1087 1672 1120 amoenitate
1690 1088 1877 1121 famulatum

1142 1138 1307 1170 Altissimo
1334 1144 1497 1181 praestare
1524 1140 1623 1177 decet,
1647 1140 1788 1173 libenter
1804 1152 1878 1184 pro-

1142 1190 1299 1229 videmus,
1325 1190 1409 1223 sicut
1434 1192 1652 1234 conspicimus
1677 1193 1709 1225 in
1740 1193 1877 1227 Domino

1141 1244 1316 1276 salubriter
1341 1244 1506 1286 expedire.

1185 1298 1199 1339 ,ξ
1214 1296 1244 1328 ’1.
1265 1296 1342 1329 Cum
1360 1297 1466 1340 itaque
1486 1298 1583 1339 (sicut
1601 1298 1809 1342 accepimns),
1826 1310 1878 1332 oc-

1142 1349 1271 1382 casione
1298 1351 1450 1382 transitus
1475 1350 1592 1392 qnem¹
1614 1351 1745 1393 quidem
1769 1352 1877 1384 cleriei

1142 1403 1308 1444 regulares
1341 1413 1494 1445 expresse
1526 1404 1664 1446 professi
1696 1404 1878 1447 Congrega-

1143 1455 1238 1487 tionis
1260 1455 1366 1487 Matris
1383 1455 1438 1488 Dei
1461 1457 1501 1488 ad
1518 1456 1812 1499 Cougregationem
1831 1468 1880 1490 re-

1144 1509 1303 1550 gularium
1329 1509 1366 1541 de
1393 1509 1569 1542 Somascha
1590 1515 1808 1553 nuncupatam
1834 1511 1879 1543 se-

1143 1566 1258 1593 cerunt
1282 1572 1337 1593 seu
1363 1562 1501 1595 faciendi
1534 1562 1697 1595 licentiam
1722 1563 1878 1596 obtinue-

1144 1618 1234 1652 runt,
1262 1615 1438 1647 nonnullae
1464 1614 1549 1647 inter
1574 1625 1629 1647 eos
1655 1615 1718 1647 sint
1746 1621 1878 1648 exortae

1144 1666 1392 1704 controversiae,
1420 1677 1502 1709 quae
1521 1667 1663 1700 dissidiis
1688 1672 1720 1699 et
1744 1673 1879 1710 pertur-

1143 1718 1328 1751 bationibus
1353 1719 1532 1752 animorum
1566 1730 1694 1752 causam
1720 1721 1878 1763 praebere

1143 1777 1290 1813 possent:
1306 1782 1375 1810 nos,
1391 1772 1560 1815 religiosae
1575 1774 1768 1805 clericorum
1785 1784 1880 1816 regu-

1143 1823 1258 1855 larium
1282 1824 1449 1867 ntriusque
1480 1825 1746 1867 Congregationis
1771 1827 1880 1858 huius-

1142 1876 1228 1908 modi
1244 1877 1478 1920 tranquillitati,
1491 1883 1645 1921 quantum
1659 1889 1730 1911 cum
1743 1879 1879 1912 Domino

1142 1939 1324 1971 possumus,
1345 1932 1527 1971 consulere,
1544 1941 1579 1962 ac
1597 1932 1780 1964 memoratis
1805 1943 1881 1965 con-

1143 1982 1305 2013 troversiis
1323 1987 1353 2014 et
1374 1983 1633 2016 dissensionibus
1654 1995 1765 2016 ansam
1782 1985 1816 2017 in
1834 1986 1880 2018 su-

1144 2040 1248 2066 turum
1276 2035 1464 2078 praecidere
1486 2037 1669 2080 cupientes,
1696 2043 1783 2070 motu
1804 2049 1879 2081 pro-

1142 2088 1226 2130 prio,
1253 2092 1285 2120 et
1309 2098 1344 2120 ex
1367 2091 1453 2121 certa
1473 2089 1607 2121 seientia
1624 2100 1661 2122 ac
1686 2093 1811 2123 matura
1829 2091 1880 2123 de-

1142 2140 1335 2173 liberatione
1371 2141 1506 2182 nostris,
1540 2142 1646 2184 deque
1682 2144 1879 2185 apostolicae

1142 2194 1307 2237 potestatis
1322 2194 1535 2236 plenitudine,
1555 2206 1594 2227 ne
1611 2196 1649 2228 de
1671 2201 1778 2229 cetero
1794 2198 1878 2230 ullus

1142 2246 1278 2279 clericus
1318 2247 1476 2289 regularis
1521 2258 1675 2290 expresse
1715 2249 1877 2291 professus

1143 2298 1246 2331 dictae
1278 2298 1546 2342 Congregationis
1576 2301 1616 2332 de
1639 2300 1814 2334 Soinascha
1838 2303 1877 2334 ad

1143 2352 1319 2395 praefatam
1352 2351 1645 2395 Congregationem
1669 2353 1776 2387 Matris
1799 2354 1854 2387 Dei
1869 2382 1876 2394 ‚

1142 2415 1202 2438 neo
1226 2406 1310 2437 ullus
1335 2405 1431 2438 huius
1456 2404 1722 2448 Congregationis
1743 2406 1877 2439 clericus

1142 2459 1301 2501 regularis
1326 2469 1481 2502 expresse
1506 2459 1629 2502 pariter
1651 2459 1816 2502 professus
1838 2462 1877 2494 ad

1144 2513 1291 2546 eamdem
1308 2512 1603 2556 Congregationem
1627 2513 1666 2546 de
1690 2513 1874 2555 Somascha,

1144 2578 1179 2599 ex
1198 2577 1401 2610 quacumque
1415 2567 1512 2600 etiam
1530 2566 1705 2600 iustissima
1721 2569 1824 2608 causa,
1839 2578 1877 2601 ac

1179 2631 1188 2656 1
1213 2629 1278 2657 Male
1298 2630 1363 2657 edit.
1384 2629 1463 2658 Main.
1479 2630 1543 2666 legit
1562 2637 1650 2665 quam
1665 2629 1705 2665 (R.
1721 2628 1770 2666 ⁹12).

1771 244 1835 277 4⁶23
1882 253 1921 278 Αη
1952 252 1969 276 r.
1999 252 2065 278 1873

1913 945 2034 966 Exordium.

1915 1314 1991 1333 Statuit
2008 1316 2027 1333 ut
2053 1320 2071 1333 in

1889 1341 1982 1360 rubrica.
