2279 3260
212 239 264 267 An.
285 240 315 267 C.
334 239 396 266 ¹671

241 667 365 688 Confimauo
378 670 398 688 et

214 694 341 719 approbatio
372 694 396 714 de

215 726 257 746 qua
271 721 290 740 in
305 721 396 741 rubrica.

447 231 511 265 ⁶274

407 294 439 321 et
463 289 645 328 exercendi,
667 289 796 332 quaein
822 289 1007 332 praemissis
1033 298 1142 320 ncces-

408 342 491 373 saria
518 342 661 382 fuissent,
686 353 742 373 seu
764 342 1008 385 quomodolibet
1024 350 1142 383 oppor-

408 398 492 431 tuna,
508 404 543 426 ac
558 394 638 433 aliis,
654 394 762 437 prout*
778 395 809 426 in
825 393 939 426 litteris
954 391 1140 435 apostolicis

408 445 552 478 eiusdem
581 446 698 478 Urbani
725 445 993 489 praedecessoris,
1013 444 1070 475 sub
1089 444 1142 475 [la-

410 503 475 530 tum
509 498 614 531 idibus
639 498 716 530 iunii
743 498 816 530 anni
844 497 966 530 Domini
993 505 1139 534 nncxxw,

409 551 617 593 pontificatus
642 551 688 582 sui
716 560 800 582 anno
825 560 858 588 1,
886 549 981 581 etiam
1015 547 1142 590 plenius

410 604 603 635 continetur.

453 657 467 699 ᾗ
484 656 514 688 6.
532 656 607 689 Cum
628 661 741 695 autem,
760 655 838 687 sieut
859 653 1048 697 accepimus,
1068 663 1141 685 exa-

408 709 530 741 ctiones
561 709 681 741 iuriuiu
712 708 835 740 ratione
868 706 1140 750 quindenniorum

408 761 592 793 huiusmodi
627 762 858 798 decursorum,
886 765 918 791 et
953 760 1140 792 eorumdem

407 814 616 846 cardinalium
642 813 780 855 collegio
795 812 987 851 debitorum,
1007 813 1048 844 ob
1068 822 1143 854 pro-

408 871 589 898 curatorum
614 865 688 898 dicti
722 865 849 907 collegii
877 865 1033 897 incuriam
1050 891 1057 905 ‚
1076 875 1141 897 non

408 919 476 951 sine
491 919 627 950 maximo
648 919 733 951 illius
753 919 870 951 damno
888 923 918 951 et
932 918 1142 961 praeiudicio,

408 982 472 1004 non
490 973 592 1004 solum
618 973 784 1013 neglectae
811 971 945 1010 fuerint,
964 971 1027 1003 imo
1046 971 1141 1003 etiam

409 1024 549 1057 diversae
560 1024 755 1066 regularium
766 1029 797 1056 et
808 1025 917 1056 forsan
927 1024 1140 1056 saecularium

407 1087 620 1120 personarum
657 1076 948 1118 congregationes,
973 1083 1049 1116 etc„
1082 1076 1141 1108 sub

408 1129 523 1161 litteris
549 1129 722 1171 praedictis
750 1129 879 1161 minime
907 1129 1140 1171 comprehendi

407 1182 613 1221 contendant,
630 1187 661 1214 et
684 1187 869 1224 propterea,
889 1192 924 1214 ac
951 1182 1055 1214 forsan
1073 1181 1141 1214 aliis

407 1234 529 1266 frivolis
555 1234 785 1277 praetextibus,
803 1234 992 1273 communia,
1020 1233 1142 1266 minuta

407 1286 544 1326 servitia,
563 1293 695 1319 annatas
714 1293 745 1319 et
761 1287 822 1319 alia
847 1286 916 1318 iura
936 1287 1088 1319 Gamerae
1111 1292 1142 1319 et

407 1340 545 1381 collegio
570 1350 605 1372 ac
631 1339 822 1372 officialibus
848 1339 1020 1382 praedictis
1045 1339 1142 1372 ratio-

407 1403 447 1425 ne
471 1393 628 1425 unionum
654 1393 776 1425 eisdem
802 1393 1029 1431 monasteriis,
1057 1392 1142 1435 prio-

407 1443 528 1476 ratibus
559 1450 589 1476 et
621 1444 692 1477 aliis
721 1444 887 1477 beneficiis
912 1444 1142 1476 ecclesiasticis

408 1497 563 1529 hactenus
589 1497 745 1529 factarum
773 1496 900 1535 debita,
925 1496 999 1529 licet
1024 1497 1142 1529 solutio

407 1549 604 1589 huiusmodi,
622 1550 653 1581 in
670 1549 927 1591 recognitionem
952 1549 1144 1582 universalis

408 1601 543 1634 dominii
568 1601 760 1641 introducta,
781 1601 819 1633 sit
845 1601 1085 1643 antiquissima,
1110 1607 1146 1633 ut

407 1654 601 1696 praefertur,
619 1664 771 1686 censuras
784 1658 815 1685 et
832 1664 954 1696 poenas
979 1654 1011 1686 in
1036 1654 1145 1696 singu-

408 1707 446 1739 lis
472 1706 586 1739 litteris
619 1706 794 1749 praedictis
824 1711 993 1740 contentas
1018 1708 1146 1740 damna-

408 1759 518 1792 biliter
542 1759 747 1799 incurrendo,
767 1759 799 1791 in
821 1759 994 1792 maximum
1024 1761 1145 1793 anima-

409 1822 481 1844 rum
508 1823 638 1844 suarum
664 1812 855 1854 periculum,
882 1818 912 1845 et
933 1812 1082 1845 Gamerae
1108 1824 1145 1846 ac

410 1864 551 1907 collegii,
564 1864 816 1907 officialiumque
831 1865 1072 1906 praedictorum
1091 1866 1147 1898 de-

411 1916 607 1955 trimentum,
618 1918 805 1959 persolvere
816 1923 977 1953 recusent,
989 1928 1047 1949 nos
1056 1917 1146 1950 vero²

410 1970 696 2012 praedecessorum
722 1974 907 2002 nostrorum
930 1970 1073 2012 vestigiis
1098 1971 1146 2003 in-

411 2021 585 2060 haerendo,
598 2023 748 2054 nolentes
759 2021 909 2054 Gamerae
924 2027 1051 2055 nostrae
1066 2024 1145 2067 Apo-

411 2074 557 2112 stolicae,
578 2073 627 2105 cui
654 2074 780 2106 diversa
804 2074 1021 2116 impensarum
1047 2086 1146 2108 onera

410 2135 469 2167 pro
487 2125 648 2157 Eoctesiae
668 2126 829 2158 Romanae
846 2132 928 2158 statu
954 2138 1148 2159 conservan-

412 2178 453 2210 do
480 2178 624 2220 quotidie
649 2178 850 2217 incumbunt,
877 2179 944 2211 iura
970 2190 1028 2222 pro
1053 2191 1146 2222 posse

410 2236 523 2263 nostro
566 2231 751 2272 negligere,
786 2232 929 2273 quinimo
966 2238 1029 2264 tam
1063 2233 1148 2266 illius

411 2294 504 2326 quam
543 2284 775 2316 venerabilium
804 2285 936 2316 fratrum
966 2291 1147 2318 nostrorum

411 2336 441 2369 S.
472 2336 507 2368 R.
535 2336 567 2367 1⁴1,
596 2336 806 2369 cardinalium
832 2349 867 2370 ac
894 2338 1084 2371 dilectorum
1114 2339 1149 2370 fi-

412 2389 527 2422 liorum
561 2390 771 2422 cancellariae
802 2391 999 2432 apostolicae
1033 2392 1150 2425 officia-

411 2442 489 2474 lium
517 2442 555 2474 de
581 2442 704 2474 annatis
735 2442 994 2485 participantium
1025 2444 1149 2477 indem-

411 2497 565 2529 nitatibus
588 2497 626 2529 de
651 2503 757 2530 cetero
776 2498 913 2537 obviare,
933 2509 1058 2531 necnon
1078 2499 1150 2532 illo-

450 2568 461 2593 1
486 2567 649 2594 particulam
669 2571 755 2601 prout
775 2576 822 2594 nos
841 2568 963 2594 addimus
982 2571 1019 2599 (n.
1035 2572 1082 2600 Τ.),

447 2611 462 2638 2
483 2611 536 2638 Vox
557 2620 620 2638 vero
642 2616 748 2647 praeter
769 2621 824 2638 rem
845 2620 903 2638 esse
926 2613 1028 2639 videtur
1043 2614 1078 2648 (n.
1100 2614 1146 2647 T.).

987 242 1040 265 mit
1050 240 1165 264 multitu
1189 240 1339 265 notwANttttt

1183 298 1251 319 rum
1278 288 1456 320 commodis
1472 293 1503 321 et
1520 288 1713 321 utilitatibus
1731 288 1916 327 consulere,

1182 350 1218 371 ac
1242 340 1369 373 illorum
1395 341 1462 373 iura
1479 342 1599 380 illaesa,
1619 347 1653 373 ut
1678 346 1835 380 tenemur,
1855 350 1922 373 ser-

1184 402 1255 424 vare
1272 394 1428 431 volentes,
1448 398 1536 425 motu
1558 393 1664 433 simili,
1686 392 1792 425 omnia
1810 397 1842 425 et
1861 391 1921 424 sin-

1184 446 1258 486 gula
1282 445 1467 488 privilegia,
1494 446 1714 479 immunitates
1747 451 1779 478 et
1808 455 1918 478 exem-

1184 497 1311 538 ptiones
1336 508 1395 540 ler
1420 509 1638 541 quoscumque
1663 499 1826 531 Romanos
1844 497 1922 530 Pon-

1185 548 1286 581 tifices
1307 551 1578 592 praedecessores
1602 556 1731 584 nostros
1757 551 1920 594 quibusvis

1185 602 1494 643 congregationibus
1519 608 1551 635 et
1575 603 1740 646 quibusvis
1764 603 1846 643 aliis,
1872 613 1922 634 ra-

1186 654 1273 686 tione
1297 654 1467 686 solutionis
1497 655 1735 695 communium,
1761 655 1921 698 quinden-

1185 706 1321 745 niorum,
1333 707 1533 749 aliorumque
1548 707 1666 739 iurium
1680 707 1919 750 praedictorum

1184 757 1349 798 Gamerae,
1372 760 1510 802 collegio
1529 765 1561 792 et
1582 759 1774 792 officialibus
1795 759 1922 802 praedi-

1185 810 1243 843 ctis
1277 812 1465 850 faciendae,
1494 812 1650 844 hactenus
1678 810 1922 854 quomodolibet

1185 873 1340 896 concessa
1366 869 1556 896 revocantes
1581 869 1612 896 et
1631 865 1847 903 annullantes
1871 873 1922 895 re-

1185 921 1362 959 vocataque
1387 922 1418 949 et
1442 918 1605 949 annullata
1625 927 1661 949 ex
1687 926 1774 948 nunc
1798 926 1869 948 esse
1891 920 1922 948 et

1186 969 1252 1001 fore
1278 970 1500 1009 decernentes,
1526 980 1754 1013 quascumque,
1781 974 1844 1002 tam
1861 969 1920 1001 sub

1185 1022 1315 1064 plumbo
1341 1032 1435 1064 quam
1463 1021 1492 1053 in
1509 1022 1609 1054 forma
1628 1022 1736 1054 Brevis
1754 1026 1786 1054 et
1801 1026 1922 1054 motus-

1185 1074 1308 1117 proprii
1335 1075 1460 1107 litteras
1485 1075 1673 1107 eorumdem
1699 1074 1800 1107 Paulii
1817 1074 1864 1114 IV,
1889 1080 1921 1107 et

1185 1126 1230 1159 Pii
1256 1138 1292 1159 ae
1316 1126 1392 1159 sixti
1418 1127 1450 1166 V,
1477 1132 1571 1170 atque
1596 1126 1716 1159 Urbani
1741 1126 1816 1166 thl,
1848 1137 1922 1159 nec-

1185 1189 1249 1212 non
1263 1190 1541 1222 quorumcumque
1552 1179 1690 1212 aliorum
1701 1179 1921 1211 Romanorum

1185 1232 1372 1264 Pontificum
1398 1232 1685 1274 praedecessorum
1710 1237 1896 1264 nostrorum
1912 1258 1920 1271 ,

1185 1295 1281 1327 super
1295 1284 1458 1316 solutione
1475 1289 1677 1323 annatarurn,
1693 1283 1921 1322 communium,

1185 1337 1459 1380 quindenniorum
1485 1343 1517 1369 et
1540 1337 1676 1370 aliorum
1702 1336 1831 1377 iurium,
1858 1342 1922 1369 tam

1185 1390 1309 1423 ratione
1334 1390 1557 1434 provisionum
1583 1401 1639 1423 seu
1665 1391 1821 1423 unionum
1849 1400 1924 1433 per-

1185 1449 1355 1486 petuarum
1380 1453 1659 1486 quorumcumque
1690 1442 1923 1475 beneficiorum

1186 1496 1482 1528 ecelesiasticorum
1508 1506 1568 1539 per
1600 1496 1716 1528 dictam
1740 1496 1856 1528 Sedem
1881 1496 1925 1528 fa-

1187 1554 1309 1581 ctarum
1325 1548 1400 1581 etin
1426 1554 1593 1592 posterum
1621 1548 1839 1581 faciendarum
1861 1549 1925 1581 edi-

1188 1606 1245 1638 tas,
1270 1601 1476 1634 confirmatas
1504 1607 1536 1634 et
1568 1601 1748 1641 innovatas,
1773 1612 1843 1633 cum
1862 1612 1925 1634 om-

1187 1653 1282 1686 nibus
1299 1654 1461 1694 clausulis,
1484 1655 1633 1693 decretis,
1646 1654 1924 1696 derogationibus,

1188 1717 1223 1738 ac
1247 1707 1391 1739 censuris
1417 1711 1449 1739 et
1482 1707 1595 1749 poenis
1632 1706 1666 1738 in
1690 1707 1755 1739 illis
1780 1706 1921 1745 inflictis,

1188 1759 1390 1792 comminatis
1416 1764 1447 1791 et
1471 1760 1640 1798 contentis,
1666 1769 1792 1793 necnon
1817 1759 1925 1793 omnia

1189 1818 1220 1844 et
1244 1812 1371 1854 singula
1385 1823 1443 1855 per
1458 1823 1680 1855 quoscumque
1701 1813 1832 1853 iudices,
1852 1824 1925 1846 exe-

1189 1871 1314 1897 cutores
1349 1870 1380 1897 et
1411 1865 1648 1898 commissarios
1680 1866 1712 1898 in
1739 1866 1923 1908 praemissis

1189 1923 1219 1950 et
1244 1918 1328 1950 circa
1353 1929 1388 1950 ea
1414 1919 1659 1960 quomodolibet
1683 1924 1771 1960 gesta
1797 1924 1829 1951 et
1853 1930 1926 1952 exe-

1189 1976 1271 2011 cuta,
1290 1976 1321 2003 et
1344 1971 1419 2003 inde
1446 1971 1587 2013 legitime
1613 1977 1722 2004 secuta
1747 1983 1924 2015 quaecum-

1190 2034 1250 2067 que
1268 2022 1435 2066 (quormn'
1457 2029 1600 2063 tenores,
1616 2035 1651 2056 ac
1669 2024 1693 2055 si
1711 2025 1749 2057 de
1770 2026 1866 2058 verbo
1886 2027 1924 2058 ad

1188 2077 1320 2108 verbum
1348 2077 1399 2107 liic
1423 2076 1536 2108 inserti
1559 2082 1675 2116 essent,
1700 2088 1758 2120 pro
1779 2079 1876 2120 plene
1895 2084 1927 2111 et

1191 2128 1387 2160 sufficienter
1411 2129 1570 2171 expressis
1596 2134 1628 2160 et
1652 2129 1780 2162 insertis
1806 2131 1927 2164 hahen-

1191 2182 1264 2218 tes),
1286 2180 1464 2222 apostolica
1484 2181 1684 2219 auctoritate,
1702 2187 1813 2214 tenore
1839 2193 1927 2225 prae-

1191 2233 1344 2274 sentium,
1377 2233 1592 2276 apl‘iroban'ius
1618 2240 1649 2266 et
1673 2235 1899 2268 confirmamus
1917 2263 1924 2276 ,

1191 2296 1316 2317 necnon
1352 2286 1414 2318 illis
1441 2292 1615 2329 perpetuae
1642 2292 1673 2319 et
1696 2287 1926 2330 irrefragabilis

1191 2337 1351 2370 firmitatis
1377 2339 1478 2371 robur
1501 2339 1676 2379 adiicimus,
1700 2351 1878 2385 omnesque
1896 2347 1928 2374 et

1192 2391 1337 2433 singulos
1364 2391 1441 2424 iuris
1468 2397 1500 2424 et
1525 2393 1597 2425 facti
1631 2399 1663 2425 et
1691 2395 1821 2437 quosvis
1847 2396 1926 2428 alios

1192 2445 1346 2485 defectus,
1370 2447 1467 2489 siqui
1494 2448 1636 2490 desuper
1661 2447 1769 2480 forsan
1796 2459 1928 2491 quomo-

1192 2498 1569 2532 delibetintervenerint
1594 2500 1626 2532 in
1652 2501 1782 2541 eisdem,
1797 2502 1928 2545 supple-

1229 2613 1238 2639 t
1263 2613 1352 2641 Potius
1372 2614 1430 2649 lege
1449 2616 1553 2642 horum
1572 2618 1609 2650 (n.
1630 2617 1679 2650 τ.).

1926 240 1976 266 An.
1997 240 2026 267 C.
2047 240 2111 267 ⁴571
2138 251 2140 254 ’
