2279 3260
154 275 203 301 An.
221 274 250 301 C.
269 270 336 302 1671

179 440 320 467 supplicatio.

175 2122 289 2144 confirmat
310 2126 333 2145 ut

148 2149 169 2169 in
185 2150 278 2171 rubrica.

974 276 1116 303 CLEMENS
1138 279 1157 303 Χ
1181 278 1230 303 ΡΡ.

348 324 420 356 dem
446 330 477 357 et
494 325 628 367 gloriam
646 325 802 370 prospicit
826 326 857 358 in
883 325 1019 359 Domino
1036 337 1081 358 sa—

348 376 482 409 lubriter
506 377 670 420 expedire.

391 429 450 472 §l
465 429 614 462 Exhibita
631 430 790 472 siquidem
806 431 896 463 nobis
908 441 1081 473 nuperpro

346 488 438 525 parte
461 483 570 515 dilecti
596 483 652 515 lilii
677 483 839 516 Theodori
865 483 988 516 llaldini
1015 494 1082 515 mo-

347 535 437 568 derni
462 536 586 568 abbatis
618 537 780 578 generalis
811 536 1079 579 Congu-egationis

345 588 618 622 vallisumbrosae
647 589 774 622 Ordinis
799 590 897 621 saneti
917 589 1079 622 Bededicti

345 641 458 683 petitio
476 641 671 681 continebat,
691 642 789 684 quod,
807 653 878 674 cum
903 641 989 674 inter
1006 652 1081 673 con-

344 694 548 735 gregationes
586 695 821 727 monachorum
859 695 967 727 ltaliae
1004 694 1079 727 dicti

344 747 471 780 Ordinis
503 747 716 790 Congregatio
748 748 912 791 praedicta
943 748 1079 780 duorum

343 798 545 832 Summorum
572 800 771 839 Pontificum,
791 811 826 833 ac
843 800 985 843 plurium
1003 799 1080 832 San-

344 857 470 885 ctorum
492 864 626 886 numero
653 859 684 886 et
707 853 783 885 viris
808 852 987 895 insignibus
1011 852 1080 895 pie·
1100 871 1101 875 =

344 911 407 938 tate
434 911 466 938 et
486 907 633 939 doctrina
650 906 891 949 praestantibus
917 906 1077 945 decorata,

343 969 379 990 ac
404 959 500 991 etiam
525 970 560 991 ex
587 958 777 1001 antiquitate
808 963 839 990 et
856 969 873 990 a
897 958 977 989 Sede
996 958 1081 999 Apo-

342 1011 457 1044 stolica
482 1011 617 1044 diversis
650 1010 812 1044 favoribus
841 1016 872 1043 et
901 1010 1010 1053 gratiis
1034 1010 1081 1042 in-

342 1064 460 1107 signita
485 1064 609 1104 existat,
636 1064 717 1096 itaut
747 1064 834 1096 illius
859 1063 956 1096 abbas
982 1074 1081 1105 gene-

342 1116 418 1149 ralis
431 1117 536 1157 mitra,
548 1117 663 1150 baculo
679 1122 711 1149 et
724 1117 843 1149 annulo
865 1115 1079 1160 pastoralibus

342 1169 525 1212 ceterisque
545 1168 784 1213 pontificalibus
809 1168 956 1211 insigniis
974 1173 1081 1200 utatur
1100 1172 1102 1179 ’

342 1229 374 1256 et
398 1222 522 1255 fruatur
545 1234 580 1256 ac
605 1223 748 1266 potiatur
773 1228 805 1255 et
828 1222 981 1265 gaudeat3
1010 1222 1081 1264 plu-

341 1276 461 1308 rimum
488 1281 594 1309 tamen
619 1276 731 1309 decori
758 1282 789 1309 et
814 1275 961 1318 dignitati
984 1275 1081 1307 abba-

343 1330 382 1362 tis
400 1329 560 1372 generalis
582 1329 795 1372 primodictae
813 1328 1080 1371 Congregationis
1101 1346 1102 1353 κ

342 1382 505 1415 videretur
530 1383 704 1415 convenire
741 1382 844 1425 ipsum
874 1382 1103 1415 Theodorum:

343 1440 375 1467 et
398 1445 458 1478 pro
493 1441 640 1479 tempore
666 1436 842 1468 existentes
868 1435 1079 1478 primodictae

342 1488 611 1531 Congregationis
632 1488 764 1521 abbates
791 1490 958 1531 generales
984 1500 1001 1521 a
1025 1499 1082 1521 no-

342 1540 392 1572 bis
418 1546 448 1572 et
472 1540 557 1572 dicta
580 1540 662 1573 Sede
694 1541 800 1584 aliqua
825 1540 962 1583 digniori
988 1551 1103 1588 prae-y

343 1592 487 1634 rogativa
502 1593 645 1625 decorari
664 1593 870 1625 etillustrari.
890 1592 1003 1633 Quare,
1023 1604 1081 1635 pro
1101 1602 1103 1607 ’

342 1650 434 1686 parte
461 1644 535 1677 dieti
561 1645 733 1685 Theodori,
753 1650 785 1678 et
808 1656 866 1688 pro
892 1644 949 1677 eo¹
973 1645 1080 1678 dilecti
1101 1663 1102 1675 ἢ

343 1695 399 1728 filii
426 1697 529 1729 nostri
555 1697 710 1740 Leopoldi
736 1697 767 1729 S.
788 1697 824 1729 R.
846 1697 880 1729 E.
908 1697 1080 1730 cardinalis

343 1749 481 1782 Medices
506 1750 694 1792 nuncupati,
714 1750 806 1782 nobis
832 1750 891 1782 suit
915 1751 1082 1783 humiliter

343 1802 573 1845 supplicatum,
597 1809 757 1846 quatenus
780 1804 925 1836 eiusdem
944 1803 1081 1846 Congre-

343 1855 481 1896 gationis
508 1856 778 1890 Vallisumbrosae
812 1857 946 1900 eiusque
977 1858 1077 1891 abba-

344 1913 411 1939 tum
425 1909 623 1950 generalium
635 1920 695 1952 pro
714 1915 859 1953 tempore
876 1910 1080 1943 existentium

344 1960 452 1992 decori
470 1962 651 2001 consulere,
672 1962 817 2005 aliasque
835 1963 867 1994 in
893 1963 1079 2005 praemissis

344 2018 525 2056 opportune
541 2015 712 2057 providere
735 2016 773 2048 de
791 2015 989 2057 benignitate
1008 2027 1080 2060 apo-

343 2065 457 2098 stolica
482 2066 702 2109 dignaremur.

387 2118 402 2160 ἓ
428 2117 458 2151 ⁶2.
487 2118 550 2151 Nos
576 2119 684 2162 igitur,
704 2122 757 2163 qui
775 2121 985 2154 ecelesiarum
1003 2133 1078 2165 qua-

344 2170 499 2204 rumlibet
530 2178 560 2204 et
585 2173 875 2215 congregationum
903 2175 1076 2215 decorem,

346 2276 444 2309 tionis
470 2284 693 2319 augmentum,
723 2280 843 2312 nostris
878 2281 1076 2323 potissimum

342 2444 378 2466 ac
391 2434 460 2467 eius
485 2445 689 2469 successores
704 2448 762 2480 pro
777 2443 921 2482 tempore
940 2441 1077 2473 existen-

340 2492 387 2519 tes
405 2487 537 2520 abbates
562 2489 731 2530 generales
748 2492 940 2534 praedictos‚
967 2505 1003 2526 ac
1024 2505 1077 2527 eo-

339 2550 412 2572 rum
426 2541 617 2583 quemlibet,
639 2553 655 2574 a
673 2543 840 2585 quibusvis
862 2548 1079 2579 exeommuni-

339 2593 484 2633 cationis,
499 2594 722 2637 suspensionis
747 2601 778 2628 et
802 2598 976 2639 interdicti,
992 2600 1078 2632 aliis-

379 2657 390 2682 1
413 2655 523 2683 Videtur
543 2657 684 2692 legendum
704 2660 737 2684 εᾶ
758 2665 795 2693 tn.
816 2663 863 2694 T.).

1124 338 1185 369 quc
1204 327 1429 360 ecclesiasticis
1447 328 1626 366 sententiis,
1653 328 1796 358 censuris
1826 331 1857 357 vt

1124 380 1249 422 poenis,
1266 391 1283 412 a
1301 380 1368 412 iure
1385 381 1434 413 vel
1453 381 1491 412 ab
1511 381 1651 418 bomine,
1669 381 1779 423 quavis
1804 391 1857 411 oc-

1124 432 1253 465 casione
1278 434 1326 466 vel
1352 436 1445 465 causa
1472 434 1552 472 latis,
1572 433 1595 465 si
1623 433 1740 476 quibus
1776 444 1856 475 quo-

1124 485 1303 517 modolibet
1318 485 1463 517 innodati
1480 485 1632 525 existunt,
1651 486 1687 517 acl
1707 484 1854 517 clientum

1124 537 1343 578 praesentium
1380 538 1543 569 dumtaxat
1576 538 1855 580 coi‘iseslmwiduin,

1124 589 1239 621 barum
1275 590 1359 622 serie
1385 590 1593 622 absolventes
1625 594 1657 621 et
1690 589 1855 621 absolutos

1123 642 1192 674 sore
1217 647 1407 682 censentes,
1434 642 1616 675 huimmodi
1649 641 1856 684 supplicatio-

1123 694 1215 725 nibus
1239 694 1394 734 inclinati,
1411 705 1445 727 ae
1466 695 1612 727 honestis
1639 694 1737 738 ipsius
1755 694 1856 726 'l'beo-

1124 746 1192 779 dori
1218 747 1298 779 votis
1325 748 1432 779 bacin
1451 753 1540 790 parte
1568 747 1787 780 favorabiliter
1801 758 1855 779 an-

1122 804 1280 839 nueutes,
1305 810 1340 832 ex
1367 806 1440 832 voto
1469 801 1736 843 Congregationis
1762 811 1857 831 venc-

1122 852 1270 884 rabilium
1313 853 1444 885 fratrum
1484 859 1668 886 nostrorum
1708 854 1854 885 ciusdem

1123 905 1153 937 S.
1182 905 1217 936 lt.
1245 905 1279 936 E.
1306 906 1517 938 cardinalium
1543 917 1640 949 super
1667 906 1781 938 ritibus
1807 917 1856 938 ec-

1122 957 1311 990 clesiasticis
1337 959 1729 1001 praepositorum,eidem
1755 959 1858 991 Tbeo-

1123 1008 1200 1041 doro
1227 1015 1258 1042 et
1281 1020 1339 1052 pro
1364 1015 1508 1053 tempore
1528 1012 1737 1044 existentibus
1762 1013 1858 1044 abba-

1123 1061 1207 1093 tibus
1232 1063 1438 1104 generalibus
1472 1064 1686 1106 primodictae
1723 1064 1857 1107 Congre-

1123 1114 1273 1156 gationis,
1298 1121 1332 1147 ut
1357 1116 1396 1148 de
1423 1122 1529 1149 cetero
1555 1118 1720 1160 perpetuis
1743 1118 1857 1150 suturis

1125 1167 1332 1210 temporibus
1351 1174 1413 1201 tam
1430 1169 1463 1201 in
1484 1169 1629 1201 Romana
1653 1170 1744 1202 Curia
1762 1181 1857 1212 quani

1124 1226 1213 1253 extra
1237 1232 1307 1253 eam
1324 1249 1331 1262 ,
1359 1232 1395 1254 ac
1419 1222 1538 1265 ubique
1564 1224 1710 1255 locorum
1735 1223 1789 1255 ubi
1812 1223 1857 1255 di-

1123 1278 1211 1305 ctum
1235 1273 1441 1307 Theodorum
1476 1281 1506 1307 et
1535 1286 1592 1318 pro
1618 1282 1764 1319 tempore
1795 1276 1859 1308 exi-

1123 1330 1244 1358 stentes
1262 1326 1393 1359 abbates
1412 1330 1582 1370 generales
1598 1329 1781 1372 praedictos
1799 1339 1857 1371 pro

1125 1383 1269 1422 tempore
1293 1381 1438 1414 residere
1463 1387 1493 1414 et
1518 1382 1636 1415 morari
1662 1383 1830 1425 contigerit
1849 1409 1856 1422 ‚

1124 1442 1159 1464 ac
1184 1433 1215 1464 in
1241 1433 1404 1475 quibusvis
1430 1434 1682 1475 visitationibus,
1700 1436 1857 1477 capitulis,

1124 1485 1332 1526 sessionibus,
1352 1497 1477 1519 necnon
1504 1487 1665 1530 quibusvis
1690 1489 1812 1520 actibus
1827 1494 1855 1520 et

1124 1539 1404 1581 processionibus,
1431 1540 1527 1573 etiam
1560 1552 1668 1574 eoram
1700 1542 1793 1573 nobis
1829 1547 1859 1573 et

1126 1592 1276 1624 Romanis
1294 1603 1353 1635 pro
1381 1599 1526 1636 tempore
1548 1595 1759 1627 existentibus
1779 1594 1859 1626 Pon-

1124 1644 1260 1677 tificibus
1287 1646 1525 1679 successoribus
1551 1648 1679 1687 uostris,
1705 1648 1800 1680 etiam
1826 1647 1857 1679 in

1124 1699 1280 1741 cappellis
1305 1699 1486 1742 pontificiis,
1511 1706 1702 1733 mozzettam
1721 1706 1751 1733 et
1771 1711 1858 1732 man-

1125 1753 1278 1784 tellettam
1304 1745 1421 1786 coloris
1448 1754 1576 1786 babitus
1602 1754 1702 1797 ipsius
1723 1754 1859 1795 Congre-

1125 1805 1262 1847 gationis
1284 1806 1557 1840 Vallisuinbrosae
1586 1810 1649 1840 una
1678 1819 1749 1840 cum
1771 1808 1856 1850 pileo

1124 1864 1154 1890 et
1178 1858 1283 1891 bireto
1302 1860 1493 1901 praelatitiis
1510 1860 1655 1900 induere,
1682 1866 1806 1902 gestare
1827 1866 1857 1892 et

1124 1912 1263 1952 deferre,
1289 1912 1416 1954 illisque
1442 1913 1496 1951 uti,
1520 1913 1581 1945 frui
1608 1919 1639 1945 et
1663 1913 1802 1955 gaudere
1821 1913 1857 1945 li-

1123 1965 1200 1996 bere
1226 1970 1258 1996 et
1277 1965 1362 1997 licite
1388 1966 1534 2008 possitet
1550 1967 1661 2005 valeat,
1680 1977 1715 1998 ac
1734 1966 1854 2008 possint

1124 2022 1155 2048 et
1176 2018 1313 2058 valeant,
1334 2019 1508 2061 apostolica
1526 2020 1724 2058 auctoritate,
1744 2024 1856 2051 tenore

1122 2071 1349 2113 praesentium,
1369 2077 1526 2115 perpetuo
1540 2073 1747 2105 concedimus
1766 2078 1794 2104 et
1814 2072 1857 2103 in-

1098 2151 1100 2171 Α,
1123 2123 1310 2164 (augemus,
1333 2125 1526 2167 plenamque
1546 2130 1576 2156 et
1601 2125 1735 2157 liberam
1764 2125 1857 2156 sacul-

1099 2198 1100 2208 ι
1123 2180 1218 2207 tatem
1243 2182 1274 2207 et
1298 2177 1520 2210 auctoritatem
1546 2177 1751 2221 impartimur
1772 2189 1778 2209 ε
1806 2178 1858 2210 de-

344 2223 507 2266 divinique
526 2226 630 2257 cultus
657 2232 685 2258 et
705 2226 962 2260 christifidelium
984 2229 1078 2261 devo·
1122 2229 1409 2272 cernentesipsum
1424 2230 1640 2271 Theodorum,
1659 2241 1693 2262 ac
1707 2241 1766 2273 {tiro
1783 2236 1846 2262 tem

1122 2292 1199 2324 pore
1225 2282 1397 2315 existentes
1422 2283 1554 2316 abbates
1580 2285 1748 2325 generales
1766 2294 1857 2326 prae-

343 2329 543 2372 temporibus
561 2332 681 2374 ubique
702 2333 811 2375 augeri
834 2333 969 2366 sinceris
996 2335 1079 2368 desi-
1098 2331 1100 2342 ¹

344 2382 493 2415 dei-amus
506 2382 680 2423 affectibus,
692 2387 843 2418 eumdem
858 2386 1077 2429 Theodorum,
1098 2408 1100 2425 χ

1122 2334 1224 2367 dictos
1251 2346 1348 2378 super
1365 2336 1540 2377 delatione,
1556 2337 1733 2379 gestatione
1752 2342 1783 2369 et
1798 2348 1855 2368 usu

1121 2393 1312 2427 inozzettae,
1340 2390 1576 2429 mantellettae,
1601 2390 1678 2433 pilei
1705 2396 1736 2422 et
1760 2389 1854 2421 bireti

1121 2440 1377 2482 praedictorum,
1404 2452 1421 2474 a
1452 2453 1614 2485 quoquam
1647 2444 1705 2475 sub
1742 2443 1854 2486 quovis

1121 2500 1309 2536 praetextu,
1338 2495 1507 2528 occasione
1543 2497 1591 2528 vel
1616 2500 1728 2536 causa,
1756 2508 1856 2539 quan-

1123 2547 1237 2579 tumvis
1258 2548 1392 2581 inridit-a
1417 2555 1449 2581 et
1473 2549 1625 2591 legitima,
1644 2552 1691 2582 vel
1711 2550 1855 2592 quaesito

1121 2601 1231 2633 colore
1258 2606 1289 2633 et
1314 2601 1454 2643 ingenio,
1487 2604 1671 2635 nullatenus
1704 2603 1855 2645 impediri

1121 2664 1228 2696 posse,
1254 2664 1358 2697 neque
1385 2654 1523 2695 dehere;

1753 269 1816 302 ⁶250
1865 279 1913 304 An.
1931 278 1959 304 c.
1982 277 2047 304 1671
