2279 3260
157 248 209 276 An.
226 247 256 275 C.
278 248 346 275 1675

211 996 309 1021 Indulget
323 997 345 1016 ut

162 1023 183 1043 ln
197 1024 291 1043 rubrica.

985 248 1127 274 CLEMENS
1148 250 1167 272 X
1191 249 1238 273 1²1⁷.

351 302 441 332 ortae
465 304 559 340 sunt,
589 298 782 342 acquisitum
815 308 885 331 esse
915 297 1086 342 praetendi

351 357 470 396 posset,
482 353 605 386 admitti
616 363 711 397 posse
724 352 898 396 plurimum
914 351 1085 391 desiderat,

353 416 426 439 cum
437 406 567 439 aliunde
579 417 644 439 non
663 410 815 450 suppetat
830 406 945 439 modus
960 405 1088 437 easdem

353 459 479 501 puellas
504 459 535 492 in
561 458 718 501 religione
744 459 793 492 vel
814 457 1087 491 matrimoniolio-

354 516 444 544 ueste
478 512 677 551 collocandi,
703 511 897 555 illarumque
934 509 1087 554 periculis

352 564 607 605 occurrendi,ac
631 569 852 608 peccatorum,
875 563 990 607 quibus
1008 562 1090 595 Divi-

353 627 393 648 na
417 616 563 650 Maiestas
589 616 771 657 ostenditur,
791 616 979 649 occasiones
996 625 1090 659 prae-

353 669 492 711 cidendi,
519 675 612 714 atque
639 670 681 703 ita
707 675 739 703 et
762 669 816 702 Dei
844 668 959 702 honori
987 671 1016 701 et
1033 678 1090 711 pn-

352 722 458 756 blicae
482 723 611 756 utilitati
636 728 732 766 atque
759 722 868 755 decori
889 719 1088 754 consulendi.

353 775 416 808 Nos
442 781 617 820 propterea
642 775 809 809 humiliter
826 773 1091 818 supplicarisecit

355 834 390 861 ut
425 829 458 862 in
483 829 671 873 praemissis
706 833 890 873 opportune
918 826 1089 871 providere

356 888 387 915 et
399 888 434 915 ut
446 882 530 915 infra
546 883 717 926 indulgere
737 883 774 914 de
800 880 999 924 benignitate
1014 890 1091 923 apo-

356 936 469 968 stolica
490 936 711 979 dignaremur.

400 988 461 1032 52.
485 988 548 1022 Nos
569 988 675 1031 igitur,
697 987 797 1030 ipsius
822 985 985 1019 Francisci
1010 985 1091 1018 votis

356 1041 388 1074 in
407 1041 592 1085 praemissis
610 1045 764 1083 quantum
784 1050 855 1071 cum
868 1038 1005 1072 Domino
1023 1048 1092 1081 pos-

356 1105 462 1127 sumus
494 1093 715 1126 favorabiliter
750 1103 895 1125 annuere
922 1092 1090 1131 volentes,

355 1157 494 1191 eumque
512 1158 528 1179 a
547 1146 713 1190 quibusvis
734 1143 1090 1184 excommunicationis,

355 1199 578 1243 suspensionis
609 1203 641 1231 et
674 1197 846 1236 interdicti,
874 1196 1011 1240 aliisque
1044 1207 1094 1229 ec-

355 1252 543 1286 clesiasticis
569 1251 753 1291 sententiis,
787 1250 934 1283 censuris
963 1254 995 1283 et
1018 1259 1094 1292 poc-

356 1305 420 1346 nis,
447 1316 463 1338 a
489 1305 559 1338 iure
584 1306 634 1337 vel
660 1304 698 1336 ab
724 1304 872 1343 homine,
907 1302 1017 1345 quavis
1043 1312 1092 1335 oc-

356 1358 486 1391 casione
519 1359 568 1391 vel
596 1360 691 1390 causa
717 1357 801 1396 latis,
829 1356 853 1388 si
875 1356 993 1399 quibus
1021 1365 1095 1398 quo-

356 1411 537 1444 modolibet
556 1410 730 1443 innodatus
749 1409 869 1448 existit,
889 1409 927 1441 ad
946 1407 1094 1441 effectum

355 1463 576 1506 praesentium
601 1463 767 1496 dumtaxat
802 1461 1091 1504 consequendum,

357 1517 471 1549 harum
501 1516 584 1550 serie
615 1516 820 1549 absolventes
847 1521 878 1547 et
910 1515 1093 1547 absolutum

358 1570 426 1603 sore
453 1575 640 1609 censentes,
668 1580 702 1601 ac
728 1574 790 1601 tam
827 1572 1094 1601 testamentorum

358 1633 454 1666 quam
465 1622 598 1655 aliarum
610 1621 859 1665 dispositionum
871 1631 1096 1664 quorumcum-

358 1686 419 1719 que
456 1680 650 1708 testatorum
679 1680 711 1707 et
743 1674 871 1717 piorum
904 1674 1093 1716 largitorum

357 1729 577 1772 praefatorum
591 1734 724 1761 tenores
743 1738 778 1760 ac
792 1727 854 1760 alia
871 1736 1094 1770 quaecumque

359 1782 457 1815 etiam
478 1780 659 1825 specificam
678 1786 707 1813 et
734 1780 932 1813 individuam
958 1779 1096 1812 mentio-

359 1845 432 1868 nem
455 1839 486 1867 et
511 1834 754 1877 expressionem
772 1833 982 1876 requirentia,
1003 1843 1096 1876 prae-

358 1888 506 1921 sentibus
536 1898 595 1931 pro
625 1888 722 1930 plene
754 1892 784 1919 et
816 1887 1016 1919 sufficienter
1043 1897 1095 1919 ex-

357 1941 478 1984 pressis
502 1945 534 1973 et
562 1940 690 1972 insertis
718 1940 887 1979 habentes,
906 1939 1095 1972 huiusmodi

359 1992 656 2037 supplicationibus
695 1992 864 2032 inclinati,
898 1997 931 2024 ut
965 1993 1094 2035 puellae

359 2045 592 2079 conservatorii
610 2045 744 2089 praefati
770 2055 857 2077 nunc
882 2051 914 2078 et
937 2056 995 2089 pro
1020 2051 1096 2078 tem-

359 2109 438 2141 pore
472 2098 667 2139 existentes,
698 2098 774 2131 licet
798 2098 1004 2131 meretricum
1038 2109 1094 2131 seu

359 2151 532 2185 mulierum
549 2151 798 2184 inhonestarum
817 2156 910 2184 natae
930 2152 980 2184 vel
1005 2161 1096 2184 soro-

362 2215 412 2238 res
432 2205 504 2246 sint,
522 2205 736 2238 nihilominus
761 2216 778 2237 a
802 2204 966 2238 modernis
989 2210 1019 2237 et
1036 2215 1094 2248 pro

362 2263 506 2301 tempore
531 2257 743 2302 existentibus
770 2258 933 2301 deputatis
958 2257 1023 2290 sive
1045 2257 1095 2290 ad-

360 2310 632 2343 ministratoribus
657 2316 688 2344 et
711 2311 912 2351 officialibus,
937 2316 1000 2343 tam
1033 2312 1097 2343 An-

360 2363 578 2398 nunciationis
614 2365 732 2397 Beatae
775 2364 892 2397 Mariae
931 2359 1097 2407 Virginis,

361 2428 457 2461 quain
489 2418 622 2451 aliarum
658 2418 840 2461 quarumvis
875 2418 1096 2451 archiconsra-

361 2471 549 2505 ternitatum
574 2476 607 2504 et
630 2471 821 2504 societatum
844 2471 940 2504 Urbis
971 2472 1097 2515 praefa-

360 2530 424 2566 tae,
450 2525 490 2558 ad
516 2525 606 2558 dotes
624 2524 689 2557 sive
707 2525 847 2558 subsidia
869 2525 989 2558 dotalia
1002 2535 1097 2569 prae-

361 2577 454 2619 dicta,
481 2577 616 2611 servatis
645 2578 723 2610 alias
755 2578 928 2618 servandis,
954 2578 1095 2619 admitti,

362 2632 499 2675 illasque
532 2641 588 2664 seu
621 2630 675 2663 illa
708 2631 862 2674 consequi
891 2636 923 2664 et
948 2631 1096 2664 obtinere

1130 297 1244 338 libere,
1264 296 1350 330 licite
1369 302 1401 329 et
1417 296 1521 329 valide
1542 296 1669 339 possint
1683 300 1713 328 et
1727 295 1861 335 valeant,

1130 351 1160 383 in
1186 350 1335 384 omnibus
1362 355 1392 383 et
1417 360 1475 393 per
1493 349 1598 382 omnia
1621 349 1756 392 perinde
1783 360 1817 381 ac
1837 349 1862 381 si

1130 414 1188 436 nec
1213 402 1385 446 genitrices
1420 413 1480 435 nec
1515 412 1645 435 sorores
1677 402 1864 434 meretrices

1130 456 1195 489 sive
1213 457 1364 489 mulieres
1393 455 1583 488 inhonestas
1610 454 1779 494 baberent,
1805 455 1862 487 scd

1115 519 1165 541 ,ex
1193 509 1338 542 honestis
1361 507 1551 552 parentibus
1568 511 1658 540 ortae
1684 506 1865 550 reperiren-

1133 567 1191 601 tur,
1218 561 1408 594 auctoritate
1435 559 1618 604 apostolica,
1639 565 1750 592 tenore
1777 569 1865 602 prae-

1131 615 1279 655 sentium,
1299 614 1507 648 concedimus
1525 619 1553 646 et
1577 613 1801 656 indulgemus,
1823 613 1864 645 ita

1132 673 1236 700 tamen
1263 673 1297 700 ut
1328 677 1483 711 praesens
1511 666 1611 710 gratia
1636 676 1701 699 non
1726 671 1866 698 transeat

1132 721 1162 753 in
1189 722 1384 764 exemplum.
1442 722 1444 724 ’

1175 775 1189 818 ἓ
1214 774 1244 807 3.
1276 775 1494 807 Decernentes
1520 775 1647 807 easdem
1677 778 1867 817 praesentes
1905 784 2016 804 norw-1111..
2035 789 2059 803 a«

1845 826 1850 831 .
1879 813 1952 831 vitans.

1133 827 1257 861 litteras
1282 826 1398 867 firmas,
1428 827 1549 860 validas
1575 832 1606 858 et
1631 826 1777 860 efficaces
1804 837 1868 859 exi-

1132 885 1215 912 stere
1234 885 1266 913 ct
1286 880 1363 919 fore,
1389 890 1530 923 suosque
1550 879 1716 923 plenarios
1734 885 1766 912 et
1790 879 1870 912 inte-

1134 944 1206 975 gros
1225 932 1356 966 effectus
1376 932 1485 965 sortiri
1505 938 1536 965 et
1553 932 1714 973 obtinere,
1731 943 1766 965 ac
1783 933 1870 976 puel-

1134 986 1172 1019 lis
1198 985 1374 1028 praedictis
1399 985 1431 1017 in
1454 985 1603 1018 omnibus
1629 990 1661 1017 et
1685 995 1742 1029 per
1763 985 1871 1018 omnia

1134 1038 1319 1082 plenissime
1352 1037 1546 1080 suffragari,
1573 1044 1604 1071 et
1632 1050 1649 1071 a
1684 1038 1870 1071 memoratis

1135 1091 1297 1134 deputatis
1323 1091 1388 1123 sive
1414 1090 1731 1123 administratoribus
1751 1095 1784 1123 et
1807 1090 1871 1123 offi-

1135 1143 1280 1184 cialibus,
1303 1142 1440 1185 aliisque
1466 1143 1504 1175 ad
1528 1153 1607 1186 quos
1627 1147 1748 1186 spectat
1765 1147 1797 1175 et
1811 1153 1871 1186 pro

1137 1201 1282 1239 tempore
1313 1195 1481 1239 spectabit,
1509 1195 1737 1228 inviolabiliter
1761 1196 1872 1228 obser-

1135 1249 1213 1289 vari,
1233 1249 1343 1292 sicque
1362 1248 1392 1280 in
1419 1248 1606 1292 praemissis
1630 1259 1689 1292 per
1710 1258 1875 1292 quoscum-

1137 1313 1198 1345 que
1233 1301 1354 1334 iudices
1390 1300 1573 1334 ordinarios
1609 1312 1644 1334 ac
1682 1301 1871 1344 delegatos,

1137 1355 1233 1387 etiam
1252 1365 1420 1387 causarum
1434 1353 1546 1397 palatii
1564 1354 1736 1397 apostolici
1750 1353 1875 1387 audito—

1137 1419 1208 1449 res,
1235 1407 1371 1440 iudicari
1398 1412 1426 1440 et
1453 1406 1579 1439 definiri
1607 1406 1744 1447 debere,
1771 1417 1807 1439 ac
1832 1406 1876 1438 ir-

1138 1462 1231 1493 ritum
1266 1465 1297 1493 et
1329 1461 1425 1493 inane
1457 1460 1483 1491 si
1516 1470 1606 1492 secus
1641 1469 1742 1502 super
1773 1458 1824 1491 his
1858 1469 1874 1490 a

1138 1524 1316 1557 quoquam,
1345 1513 1456 1556 quavis
1489 1512 1679 1545 auctoritate
1697 1539 1704 1552 ,
1736 1511 1875 1544 scienter

1137 1568 1184 1600 vel
1200 1568 1399 1610 ignoranter,
1422 1566 1598 1609 contigerit
1622 1565 1784 1599 attentari.

1181 1621 1242 1663 §⁶3.
1265 1620 1333 1653 Non
1360 1619 1564 1653 obstantibus
1592 1619 1811 1662 praefatorum
1831 1622 1875 1650 te·
1906 1629 2022 1649 Contraria

1137 1679 1293 1706 statorum
1319 1678 1350 1705 et
1384 1673 1510 1716 piorum
1553 1672 1741 1715 largitorum
1777 1659 1953 1704 etiam‘⁰⁸³¹‘

1137 1727 1257 1760 ultimis
1283 1726 1517 1765 voluntatibus,
1545 1736 1624 1769 quas
1650 1725 1756 1769 quoad
1782 1735 1875 1768 prae-

1137 1779 1231 1813 missa
1257 1778 1456 1812 sufficienter
1474 1783 1501 1811 et
1522 1787 1675 1821 expresse
1701 1781 1876 1810 commuta-

1138 1843 1218 1872 mus,
1239 1843 1275 1865 ac
1295 1830 1581 1864 constitutionilnls
1607 1836 1638 1863 et
1669 1829 1876 1863 ordinationi—

1137 1888 1197 1919 bus
1221 1883 1416 1929 apostolicis,
1443 1894 1581 1924 necnon,
1611 1888 1769 1927 quatenus
1795 1893 1874 1926 opus

1138 1940 1189 1980 sit,
1216 1937 1608 1972 archiconfraternitatum
1627 1941 1658 1970 et
1682 1936 1875 1970 societatum

1138 1993 1361 2037 praefatarum,
1377 1991 1488 2024 aliisve
1515 1990 1691 2033 quibusviS,
1708 1991 1804 2023 etiam
1827 1990 1875 2022 iu-

1137 2051 1300 2085 ramento,
1327 2043 1572 2078 confirmatione
1597 2044 1792 2086 apostolica,
1824 2043 1874 2076 vel

1138 2099 1249 2142 quavis
1273 2097 1424 2130 firmitate
1450 2097 1512 2129 alia
1536 2095 1728 2137 roboratisf
1746 2096 1876 2139 privile-

1139 2152 1198 2195 giis
1224 2161 1373 2194 quoque,
1399 2150 1535 2182 indultis
1562 2154 1592 2182 et
1616 2149 1731 2182 litteris
1746 2154 1876 2192 aposto-

1138 2205 1208 2238 licis
1234 2204 1267 2236 in
1292 2203 1490 2236 contrarium
1515 2202 1768 2246 praemissorum
1794 2212 1875 2245 quo-

1138 2257 1316 2291 modolibet
1344 2256 1517 2297 concessis,
1552 2255 1749 2289 confirmatis
1774 2261 1805 2288 et
1828 2255 1875 2288 in-

1138 2311 1283 2351 novatis,
1325 2309 1441 2353 quibus
1476 2308 1626 2342 omnibus
1662 2313 1693 2341 et
1717 2308 1872 2351 singulis,

1137 2363 1267 2397 illorum
1293 2367 1422 2395 tenores
1449 2361 1677 2405 praesentibus
1701 2371 1759 2404 pro
1777 2361 1873 2404 plene

1138 2422 1170 2450 et
1194 2416 1391 2449 sufficienter
1416 2415 1636 2458 expressis-ac
1659 2414 1790 2448 insertis
1816 2415 1873 2447 ha-

1138 2470 1261 2511 bentes,
1280 2469 1342 2502 illis
1360 2468 1439 2501 alias
1456 2468 1489 2501 in
1507 2479 1564 2501 suo
1585 2467 1703 2501 robore
1728 2477 1874 2511 perman-

1139 2523 1242 2564 suris,
1272 2522 1310 2555 ad
1337 2522 1590 2566 praemissorum
1611 2520 1779 2561 effectum,
1813 2521 1873 2554 hac

1173 2597 1185 2621 1
1209 2594 1309 2622 Desunt
1329 2594 1409 2621 verba
1428 2594 1542 2622 statutis
1562 2596 1587 2621 ει
1606 2592 1870 2625 consuetudinibus,

1138 2641 1175 2675 (n.
1191 2641 1238 2674 τ.).

1757 237 1821 271 597
1866 245 1920 273 An.
1936 244 1964 272 c.
1989 245 2056 272 ποτε»

2034 1629 2071 1648 sle·
