2279 3260
244 266 295 293 An.
313 264 341 291 C.
363 261 433 291 1676
477 261 542 288 0υο

316 325 429 350 tiorogaito

244 354 405 374 conii-ariorum.

283 1227 434 1252 Transuiiipto·

250 1261 295 1275 i‘iiiii
312 1254 370 1275 thies.

291 2602 411 2626 Exordium.

485 311 554 355 §5-
582 311 650 344 Non
681 311 881 344 obstantibus
914 309 1109 353 praemissis,
1143 318 1178 340 ac

440 365 726 399 constitutionibus
740 363 936 407 apostolicis,
954 372 1091 400 necnon,
1106 371 1178 403 qua-

441 425 532 451 tenus
568 429 650 461 opus
685 418 736 458 sit,
772 417 876 450 dictae
912 412 1178 457 Coiigregationis

439 472 671 505 canonicorum
696 470 907 513 regularium,
939 468 1075 510 aliisque
1108 465 1178 508 qui-

440 526 558 566 busviS,
589 525 683 558 etiam
713 523 903 561 iuramento,
933 518 1178 553 confirmatione

441 578 628 621 apostolica,
653 578 702 609 vel
728 575 840 619 quavis
866 573 1016 605 firmitate
1042 572 1103 604 alia
1127 581 1179 603 ro-

442 630 572 671 boratis,
593 630 718 662 statutis
744 634 775 661 et
795 625 1095 663 consuetudinibus
1114 624 1179 666 pri-

442 683 565 725 vilegiis
591 692 733 726 quoque,
758 680 892 713 indultis
919 684 951 711 et
972 678 1086 711 litteris
1105 687 1179 720 apo-

441 736 561 769 stolicis
573 736 604 767 iii
619 734 815 767 contrarium
830 732 1079 776 praemissorum
1094 740 1176 773 quo-

441 789 620 822 modolibet
653 787 824 826 concessis,
850 786 1043 819 confirmatis
1069 789 1102 817 et
1133 783 1180 815 in-

441 842 575 882 novatis;
599 841 714 884 quihus
732 840 883 873 omnibus
905 844 937 871 et
955 837 1090 880 singulis
1108 837 1180 869 illo-

443 906 512 926 riini
540 900 671 927 tenores
697 892 922 937 praesentibus
952 902 1010 934 pro
1028 891 1125 933 plene
1144 891 1181 921 'et

442 948 637 980 sufficienter
658 946 816 989 expressis
838 946 1004 983 habentes
1024 943 1086 975 illis
1104 942 1181 975 alias

443 1000 475 1031 iii
492 1010 550 1032 suo
575 1000 694 1033 robore
716 997 946 1042 permansuris,
963 997 1000 1029 ad
1027 995 1182 1039 praeniis-

443 1062 550 1085 soruni
575 1052 735 1091 etl'ectuiu,
755 1052 815 1084 hac
832 1051 901 1084 vice
923 1051 1096 1087 dumtaxat,
1114 1058 1181 1090 spe-

445 1106 588 1139 ccialiter
606 1111 638 1138 ct
655 1115 805 1148 expresse
827 1104 1030 1146 derogamus,
1051 1100 1182 1134 ceteris—

445 1169 506 1201 que
524 1158 693 1191 contrariis
711 1157 980 1201 quibuscumque.

491 1212 561 1254 §ti
600 1212 753 1244 Volumus
785 1217 893 1243 autem
930 1215 962 1241 ut
997 1207 1183 1240 earumdem

446 1266 662 1308 praesentium
688 1265 867 1297 litterarum
889 1262 1097 1305 transumptis
1126 1272 1183 1293 seu

446 1318 613 1361 exemplis,
640 1318 735 1350 etiani
760 1316 939 1359 impressis,
968 1326 1063 1347 manu
1088 1314 1184 1347 alicti-

446 1371 495 1402 iiis
519 1371 637 1403 notarii
662 1371 783 1414 publici
801 1368 1006 1411 subscriptis,
1026 1373 1057 1400 et
1077 1367 1183 1409 sigillo

447 1434 605 1467 personae
631 1425 663 1456 in
688 1422 909 1456 ecclesiastica
933 1421 1087 1463 dignitate
1113 1430 1184 1453 con·

447 1477 575 1509 stitiitae
596 1476 737 1515 munitis,
755 1476 867 1508 eadem
894 1484 1026 1518 prorsus
1047 1472 1126 1505 fides
1150 1472 1182 1504 in

447 1529 566 1562 iudicio
588 1535 620 1562 et
644 1534 733 1561 extra
758 1528 962 1567 adhibeatur,
983 1537 1066 1569 quae
1091 1536 1184 1568 prac-

448 1582 595 1614 sentibus
612 1582 825 1615 adhiberetur
845 1580 872 1613 si
893 1581 1000 1613 forent
1020 1578 1183 1612 exhibitae

448 1637 497 1668 vel
522 1641 683 1668 ostensae.

493 1690 604 1722 Datum
629 1690 759 1729 Romae,
794 1689 878 1731 apud
911 1687 941 1720 S.
969 1687 1100 1720 Mariam
1124 1687 1185 1720 Ma-

450 1743 563 1783 iorem,
581 1743 640 1775 sub
665 1743 784 1775 annulo
809 1741 990 1780 PiscatoriS,
1018 1741 1068 1773 die
1088 1751 1185 1773 xxviii

452 1796 604 1829 februarii
640 1805 810 1833 memmi,
842 1793 1046 1837 pontificatus
1083 1793 1187 1826 nostri

452 1859 537 1881 anno
562 1859 603 1881 vr

847 1902 869 1933 Ι.
890 1900 926 1933 G.
946 1902 1086 1934 SLUSIUS.

488 1964 546 1991 Dat.
562 1964 606 1991 die
621 1964 654 1991 28
676 1963 804 1991 februarii
823 1963 901 1997 1676,
913 1962 1009 1998 pontif.
1027 1970 1098 1989 anno
1114 1970 1150 1989 vi.

757 2105 883 2139 CXCix.

458 2187 651 2222 Consultatio
681 2186 879 2219 revocatoria
910 2185 1108 2228 facultatum
1139 2184 1190 2216 in-

500 2240 667 2284 (Jrecli'encli
700 2239 897 2271 monasteria
929 2238 1121 2270 viminalium
1146 2238 1191 2270 al-

501 2303 571 2325 mae
599 2292 705 2332 Urbis,
738 2302 774 2323 ac
806 2291 925 2324 Italiae
950 2295 977 2323 cl
1002 2291 1190 2323 insularum

502 2345 729 2385 ctzlz'tieenh'um,
753 2344 945 2377 mulieribus
970 2344 1191 2377 saecularibus

502 2409 733 2433 concesflormn.

676 2479 811 2506 Clemens
831 2479 909 2511 Papa
929 2479 961 2510 X,

597 2523 634 2551 ad
654 2523 788 2550 futuram
812 2522 856 2549 rei
876 2522 1054 2549 memoriam.

503 2594 710 2637 Apostolatus
736 2592 884 2633 officium,
922 2592 1010 2635 quod
1040 2592 1195 2625 inscruta-

458 2648 533 2681 bilis
558 2647 683 2681 divinae
715 2646 891 2690 sapientiae
924 2651 1018 2688 atque
1056 2646 1195 2679 clemen-

1018 258 1198 285 nULLAnitiM
1220 258 1372 284 ROMANUM

1222 308 1283 341 tiae
1320 308 1454 342 altitudo
1480 309 1654 343 humilitati
1688 314 1829 350 nostrae,
1865 310 1954 343 nullo

1220 360 1296 394 licet
1311 361 1497 394 meritorum
1512 368 1699 397 nostrorum
1710 363 1875 406 suth-agio,
1890 374 1955 396 cre-

1221 413 1300 446 dere
1334 414 1464 456 dignata
1504 420 1572 456 est,
1612 415 1786 449 salubriter
1837 414 1954 458 exequi

1220 466 1389 499 adiuvante
1406 468 1544 501 Domino
1566 472 1760 511 satagentes,
1778 469 1953 511 religiosae

1220 528 1383 552 sacrarum
1414 520 1574 563 virginum
1608 527 1640 554 et
1664 522 1854 555 devotarum
1886 531 1955 554 mu-

1221 571 1345 609 lierum,
1372 583 1462 616 quae,
1481 573 1601 606 oblitae
1626 575 1784 617 populum
1809 585 1900 608 suum
1924 579 1956 608 et

1221 625 1352 657 domum
1368 626 1469 668 patris
1490 626 1551 667 sui,
1569 627 1684 660 divinis
1701 628 1867 672 obsequiis
1884 638 1956 661 sese

1221 678 1278 710 sub
1304 678 1391 711 suavi
1417 679 1584 722 religionis
1622 680 1696 722 iugo
1721 681 1958 724 manciparunt,

1223 731 1445 773 tranquillitati
1460 733 1630 765 consulere
1647 732 1766 775 iugiter
1783 734 1957 773 studemus

1221 782 1270 815 ut¹
1298 784 1459 817 illustrior
1484 785 1538 818 illa
1563 785 1670 828 portio
1696 785 1803 828 gregis
1829 785 1958 825 Christi,

1223 836 1357 869 sublatis
1394 848 1410 869 e
1447 838 1553 870 medio
1590 838 1739 870 omnibus
1776 838 1839 871 illis
1876 848 1958 881 quae

1223 889 1373 931 spiritum
1398 889 1430 922 in
1455 890 1554 923 caelis
1579 895 1825 924 conversantem
1852 891 1961 924 distra-

1224 942 1301 975 here
1337 954 1373 975 ac
1398 943 1515 976 Christi
1536 954 1668 987 sponsas
1690 955 1707 977 a
1724 944 1881 977 virtutum
1898 949 1963 976 stu-

1225 995 1284 1027 diis
1320 996 1516 1040 pietatisque
1543 996 1706 1030 exercitiis
1733 1008 1868 1030 avocare
1889 1007 1963 1041 pos—

1224 1054 1305 1089 sent,
1331 1050 1455 1082 maiora
1479 1050 1511 1082 in
1537 1051 1606 1083 dies
1634 1050 1761 1084 decoris
1793 1056 1888 1094 atque
1913 1061 1964 1084 or-

1224 1103 1365 1135 nanienti
1383 1103 1505 1145 gratiae
1521 1103 1685 1147 spiritalis,
1701 1104 1831 1137 caelesti
1842 1114 1964 1147 sponso

1225 1155 1375 1196 donante,
1390 1156 1542 1199 suscipiat
1566 1156 1778 1191 incrementa.

1269 1209 1283 1251 ᾗ
1308 1209 1338 1240 1.
1366 1208 1443 1242 Cum
1468 1209 1586 1253 itaque,
1612 1209 1694 1242 sicut
1711 1209 1806 1242 nobis
1826 1210 1964 1243 relatum

1228 1260 1292 1299 suit,
1315 1262 1491 1294 nonnullae
1511 1262 1666 1294 mulieres
1684 1263 1877 1302 saeculares,
1897 1262 1966 1305 qui-

1226 1315 1285 1346 bus
1309 1325 1367 1357 pro
1398 1315 1559 1357 spirituali
1597 1325 1709 1347 earum
1742 1315 1967 1347 consolatione

1227 1367 1375 1399 licentiae
1402 1367 1607 1409 ingrediendi
1631 1368 1829 1401 monasteria
1846 1368 1966 1401 monia-

1227 1419 1317 1459 lium,
1340 1425 1404 1452 tani
1429 1420 1461 1452 in
1492 1421 1574 1453 alma
1606 1420 1689 1453 Urbe
1722 1422 1834 1453 nostra
1870 1431 1967 1464 quain

1226 1472 1258 1504 in
1296 1472 1387 1505 ltalia
1435 1472 1621 1515 insulisque
1661 1473 1708 1505 illi
1745 1473 1968 1506 adiacentibus

1226 1526 1444 1566 consistentia,
1469 1527 1645 1569 apostolica
1669 1526 1860 1559 auctoritate
1886 1537 1963 1559 con-

1227 1590 1336 1612 cessae
1358 1585 1462 1620 erant‚
1482 1579 1638 1613 eiusmodi
1657 1579 1767 1622 gratiis
1785 1580 1958 1612 abutentes

1227 1633 1398 1666 mulierum
1424 1632 1653 1676 cuiuscumque
1680 1633 1809 1676 generis
1835 1638 1866 1665 et
1889 1623 1972 1666 (ῑοῐι-1

1229 1686 1359 1718 ditionis
1385 1686 1512 1729 agmina
1529 1697 1639 1719 secum
1658 1685 1690 1719 in
1709 1686 1822 1719 eadem
1839 1697 1969 1719 monas-

1230 1739 1312 1772 teria
1337 1740 1468 1780 ducere,
1491 1750 1526 1772 ac
1549 1739 1708 1772 moniales
1735 1740 1773 1772 ab
1811 1740 1969 1773 orationis

1230 1793 1434 1837 aliorumque
1467 1793 1597 1836 piorum
1633 1804 1770 1837 operum
1806 1793 1969 1827 exercitiis

1230 1852 1374 1880 avertere
1399 1852 1431 1879 et
1456 1857 1473 1879 a
1498 1846 1679 1879 divinorum
1697 1847 1971 1890 contemplatione

1230 1911 1375 1941 avocare,
1395 1905 1591 1944 sanctaeque
1612 1900 1796 1934 solitudinis
1822 1900 1972 1944 spiritum

1230 1964 1264 1986 ac
1300 1953 1490 1996 religiosam
1526 1954 1655 1986 illarum
1688 1953 1827 1996 quietem
1875 1958 1970 1995 atque

1231 2007 1436 2051 disciplinam
1462 2007 1686 2050 multipliciter
1710 2007 1902 2049 perturbare
1919 2015 1971 2038 ve-

1232 2061 1309 2093 ritae
1334 2071 1400 2093 non
1427 2060 1557 2099 fuerint,
1584 2070 1651 2092 non
1675 2060 1743 2092 sine
1780 2059 1865 2102 gravi
1906 2063 1970 2091 tam

1231 2114 1391 2157 spirituali
1426 2124 1522 2156 quam
1554 2113 1650 2145 etiam
1687 2112 1859 2156 temporali
1884 2112 1971 2155 ipso-

1232 2178 1301 2199 riiin
1325 2165 1601 2199 monasteriorum
1640 2176 1677 2198 ac
1702 2165 1893 2198 monialium
1917 2164 1971 2197 de-

1233 2220 1383 2253 trimento
1397 2231 1403 2252 2

1276 2274 1290 2316 g*
1316 2273 1346 2305 9.
1365 2272 1447 2305 Hinc
1467 2279 1514 2305 est
1535 2272 1622 2315 quod
1643 2282 1712 2311 nos,
1730 2272 1887 2306 eiusmodi
1905 2282 1971 2305 ma-

1959 260 2010 288 An.
2026 260 2056 289 C.
2077 261 2149 292 ¹676

2002 1222 2071 1251 Causa
2096 1221 2159 1252 liuius

1976 1251 2130 1271 revocationis.

2009 2281 2102 2302 Pontifex
2118 2287 2166 2302 om-

1982 2313 2018 2328 nes
2067 2308 2165 2329 licentias

1234 2327 1338 2359 lorum
1363 2324 1567 2358 occasionem
1592 2325 1720 2369 penitus
1749 2324 1893 2358 recidere
1918 2335 2044 2359 etl-antea
2059 2334 2120 2355 ‹iaias
2143 2336 2164 2355 in

1982 2361 2052 2385 Urbe,
2076 2362 2097 2381 et
2120 2362 2165 2381 tota

1234 2379 1375 2422 pientes,
1402 2388 1438 2410 ac
1464 2377 1565 2410 felicis
1591 2377 1829 2411 reeordationis
1853 2378 2165 2421 Gi‘ego—iiaiia,acinsuiis

1235 2432 1274 2464 rii
1300 2431 1365 2464 xlii
1399 2436 1430 2464 et
1464 2431 1554 2463 Pauli
1587 2431 1609 2462 V
1646 2431 1863 2464 Romanorum
1893 2431 1972 2464 Pon-

1237 2485 1354 2517 tificum
1381 2486 1671 2528 praedecessorum
1697 2490 1892 2526 nostrorum,
1917 2497 1971 2529 qui

1237 2538 1412 2581 Gregorius
1438 2538 1570 2581 quidem
1605 2549 1663 2581 per
1698 2550 1787 2572 suani
1819 2549 1901 2582 quae
1926 2539 1972 2572 in-

1276 2654 1285 2680 i
1309 2652 1375 2680 Male
1396 2652 1459 2681 edit.
1476 2653 1557 2681 Maiii.
1571 2653 1637 2689 legit
1651 2656 1676 2681 el
1693 2661 1740 2689 pro
1754 2656 1785 2682 ut
1800 2654 1837 2689 (ii.
1852 2653 1902 2688 12).

1991 2413 2138 2434 adiacentibus
2152 2428 2157 2436 .

1983 2442 2068 2461 revocat
2075 2455 2080 2462 .
2102 2441 2165 2465 prout

1964 2486 1969 2491 ,
1983 2468 2003 2488 in
2018 2466 2113 2493 rubrica,
