2279 3260
152 247 202 274 An.
220 247 249 274 (2.
274 247 340 274 1676

969 247 1111 271 emin-iss
1136 249 1152 272 Χ
1178 249 1224 272 ΡΡ.

342 296 481 340 spatium
505 295 617 339 viginti
644 299 670 327 et
696 299 832 338 quatuor
853 295 1006 327 horarum
1029 306 1077 327 rc-

342 351 450 382 vclent
481 354 552 381 ante
584 348 689 392 ipsum
726 353 758 380 et
782 348 986 381 manifestent
1019 348 1077 380 iin-

343 402 574 445 pedimentum,
596 401 620 433 si
648 401 734 444 quod
765 401 870 434 forsan
905 401 1009 441 suerit,
1034 411 1077 433 ra-

345 454 430 488 tione
455 453 543 486 cuius
568 454 684 497 aliquis
709 464 744 486 ex
771 454 920 497 praelatis
955 453 1078 485 noviter

343 506 453 539 clectis
486 516 551 539 non
580 506 683 549 possit
724 516 783 539 nee
816 506 932 538 debeat
962 505 1078 538 contir-

343 558 423 591 mari
462 559 494 591 in
525 569 581 591 suo
613 559 730 592 officio.
770 558 858 597 Quod
896 558 920 591 si
946 557 1076 600 aliquod

342 611 611 654 impedimentum
644 611 805 644 inventum
830 610 935 650 suerit,
962 610 1000 643 ad
1026 610 1079 642 de-

342 663 518 698 finitorium
532 669 656 707 spectat
672 665 826 697 iudicium
841 665 879 697 de
895 664 962 696 illo.
982 662 1077 696 Nullo

344 722 450 750 autem
476 718 618 758 invento,
647 717 822 760 capitulum
847 722 947 749 totum
964 715 1079 748 eonsir-

343 775 407 803 met
443 769 632 803 electionem
666 770 766 813 patris
799 768 959 812 generalis
991 768 1078 800 iuxta

342 823 443 855 Breve
467 822 568 855 felicis
604 822 839 855 recordationis
869 821 987 853 Urbani
1014 820 1074 852 Pa-

343 886 402 918 pae
422 875 503 916 vm,
534 875 720 918 expeditum
747 875 797 907 die
830 885 865 907 111
895 873 1076 907 decembris

343 939 427 961 anno
453 938 622 969 nncxxxw,
658 928 817 971 incipiens
851 927 980 970 Eoeponi
1011 926 1076 958 No-

343 981 403 1021 bis,
433 985 487 1014 etc.
520 981 643 1013 Deinde
675 980 893 1013 definitorium
925 980 1077 1022 generale

343 1033 511 1067 confirmet
535 1033 713 1066 electiones
745 1032 953 1065 definitorum
979 1042 1077 1074 genc—

342 1087 471 1126 ralimn,
512 1086 728 1119 ministrorum
766 1086 1010 1129 provincialium
1047 1090 1078 1118 et

342 1139 618 1173 conventualium:
655 1145 687 1172 ct
718 1140 877 1172 electores
913 1138 1076 1172 sociorum

342 1193 518 1225 electiones
543 1193 673 1226 illorum
694 1192 899 1225 confirment.

386 1256 434 1278 xx.
450 1245 505 1278 His
524 1245 692 1288 expeditis,
711 1245 847 1289 quilibet
860 1245 1076 1289 provincialis,

342 1299 522 1331 secundum
541 1298 765 1341 antiquitatem
782 1309 855 1331 suae
880 1298 1076 1341 provinciae,

342 1358 462 1394 surgat,
489 1358 520 1385 et
544 1362 652 1385 coram
678 1351 819 1395 capitulo
844 1353 928 1394 legat
959 1353 1078 1384 catalo-

343 1416 418 1447 gum
454 1405 681 1447 religiosorum
710 1405 763 1448 qui
796 1405 853 1438 illo
879 1404 1019 1437 triennio
1045 1404 1077 1437 in

342 1459 399 1490 sua
424 1457 587 1500 provincia
613 1457 842 1497 decesserunt3
870 1457 988 1489 deinde
1014 1468 1079 1489 sur-

342 1515 396 1553 gat
420 1510 610 1543 secretarius
636 1509 778 1553 capituli,
795 1515 826 1542 et
850 1510 956 1543 coram
982 1511 1078 1543 etiam

343 1568 411 1596 toto
447 1563 588 1606 capitulo
621 1564 707 1605 legat
742 1563 917 1596 electiones
953 1574 1076 1603 omnes,

343 1620 470 1656 statuta,
496 1616 625 1649 decreta
650 1621 680 1648 et
704 1621 810 1649 cetera
835 1616 944 1649 omnia
960 1621 1030 1649 acta
1048 1622 1079 1649 et

343 1668 500 1711 disposita
524 1669 556 1700 in
581 1668 651 1712 ipso
681 1669 830 1711 capitulo,
858 1679 938 1712 quae
964 1674 1078 1701 cuncta

344 1722 464 1755 debent
489 1732 560 1755 esse
585 1722 704 1765 scripta
721 1722 753 1754 in
774 1722 857 1755 libro
876 1722 1008 1766 capituli
1030 1732 1076 1765 ge-

344 1774 474 1815 neralis,
499 1785 570 1807 cum
612 1775 822 1807 annotatione
862 1775 894 1807 in
934 1776 1079 1818 qualibet

342 1829 562 1871 praelatorum
581 1828 742 1861 electione
759 1828 897 1861 numeri¹
917 1828 1079 1871 suffragio-

343 1891 415 1913 rum
448 1880 711 1913 concurrentium
746 1881 787 1913 ad
822 1881 922 1913 illam.
956 1881 993 1913 Et
1028 1881 1077 1913 his

342 1933 445 1974 lectis,
466 1933 673 1966 subscribant
697 1934 729 1966 in
753 1934 869 1966 eodem
895 1934 979 1966 libro
1013 1946 1079 1967 om-

341 1998 399 2021 nes
425 1988 564 2021 vocales.
599 1986 667 2025 Quo
700 1987 782 2020 sacto
814 1987 999 2020 dissolvitur
1028 1998 1079 2020 ca-·

341 2041 494 2085 pitulum.

386 2104 447 2127 xx1.
474 2094 539 2126 Iam
563 2092 707 2136 perfecto
737 2092 962 2136 dissolutoque
993 2093 1079 2137 eapi-

344 2148 422 2187 tulo,
446 2145 663 2179 definitorium
688 2147 840 2188 gencrale
865 2157 981 2179 novum
1006 2148 1080 2180 visi-

346 2204 391 2232 tet
425 2203 551 2242 patrem
584 2199 769 2241 generalem
809 2204 840 2232 et
876 2199 1075 2240 definitores,

344 2251 401 2294 qui
425 2261 481 2283 suo
506 2251 568 2283 iam
593 2261 727 2283 munere
752 2251 952 2297 sanctisunt,
979 2254 1079 2286 forma

343 2304 566 2346 infrascripta,
593 2315 664 2348 cap.
690 2314 761 2345 XLI,
789 2306 803 2348 ἓ
828 2305 862 2346 1,
887 2312 919 2338 et
940 2306 1078 2350 receptis

345 2356 602 2401 depositionibus
618 2357 844 2400 capitularium
863 2365 976 2392 contra
995 2360 1077 2401 illos,

346 2410 593 2454 visitationeque
618 2412 770 2448 conclusa
796 2412 871 2456 (nisi
897 2413 976 2446 sorte
1002 2413 1078 2445 insi-

345 2469 488 2496 nuentur
513 2464 636 2507 culpae,
661 2475 742 2507 quae
766 2466 924 2499 maiorem
950 2467 1079 2510 inquisi-

346 2516 466 2550 tionem
498 2522 594 2558 atque
624 2526 757 2549 examen
785 2518 972 2562 requirant;
1005 2530 1079 2553 nam

346 2575 420 2603 tune
445 2568 500 2602 siet
523 2569 609 2612 quod
645 2569 740 2603 citato
772 2581 842 2614 cap.
871 2578 902 2605 et
933 2573 947 2616 g
973 2573 1080 2616 dispo-

380 2633 392 2659 1
414 2630 485 2658 Edit.
505 2630 583 2657 nain.
605 2630 668 2665 legit
688 2639 808 2659 numero
827 2635 865 2666 (R.
881 2634 930 2665 T.).

433 2686 509 2713 Ball.
530 2685 611 2712 Rom.
632 2700 665 2704 -
690 2686 746 2714 Vol.
767 2687 866 2715 XVIII
1005 2689 1039 2716 83

1753 244 1815 277 657

1121 295 1229 339 nitur),
1256 296 1352 329 missa
1383 300 1538 331 sols-niuis
1564 301 1600 331 de
1625 302 1767 344 requiem
1797 313 1854 343 pro

1121 349 1278 383 defunctis
1296 351 1456 393 religiosis
1474 358 1503 384 et
1523 352 1854 386 l›··us:l'a··1‹›1>il1usui·-

1121 401 1203 433 dinis
1221 407 1253 434 et
1276 403 1390 435 com-io
1418 405 1588 446 habeatur,
1609 417 1670 448 qua
1689 406 1854 438 functione

1121 457 1261 496 peracta,
1290 455 1485 499 capitulares
1510 468 1543 489 se
1569 463 1680 489 mutuo
1699 458 1854 490 charitater

1110 507 1259 541 lfraterna
1280 510 1525 552 amplectantur,
1558 515 1588 543 ct
1614 511 1645 543 iu
1671 521 1746 543 suos
1780 522 1856 543 eon-

1119 565 1233 593 ventus
1250 562 1506 605 proficiscantur.

1164 624 1185 646 1.
1212 613 1276 646 Nec
1300 620 1391 657 pater
1415 617 1584 658 generalis,
1612 627 1671 649 nec
1696 617 1777 650 alius
1805 627 1854 648 su-
1893 631 1922 654 §.¹¹

1120 666 1231 708 perior
1255 668 1355 699 nostri
1380 668 1507 701 Ordinis
1534 670 1652 702 habeat
1676 670 1726 702 ius
1753 669 1856 702 nomi-

1121 719 1219 751 nandi
1254 721 1304 753 vel
1333 722 1537 764 proponendi
1573 723 1712 765 aliquam
1746 733 1857 765 perso-

1120 780 1194 802 nam
1219 771 1463 805 determinatam
1489 779 1524 806 ut
1555 774 1709 817 eligatur,
1736 774 1858 817 poterit

1121 824 1225 857 tamen
1265 825 1459 869 quandoque
1498 827 1726 867 delinitorium,
1753 827 1776 859 si
1810 827 1857 860 illi

1121 878 1273 920 expedire
1298 878 1399 911 visum
1426 879 1528 920 suerit,
1555 880 1678 924 aliquas
1699 891 1857 924 personas

1120 940 1318 973 proponere,
1352 931 1567 975 relinquendo
1602 938 1705 965 tauien
1740 935 1859 966 electo-

1120 992 1172 1015 res
1197 983 1318 1016 liberos
1336 989 1370 1016 ut
1389 983 1539 1027 suffragia
1564 996 1620 1018 sua
1638 985 1701 1018 illis
1721 987 1770 1019 vel
1788 986 1858 1020 aliis

1120 1040 1297 1079 praestent.

1163 1099 1198 1122 11.
1225 1089 1395 1133 Postquam
1417 1100 1527 1123 omnes
1551 1102 1607 1124 sua
1631 1091 1781 1135 suffragia
1807 1094 1860 1126 de-

1121 1141 1240 1174 derunt
1263 1142 1296 1173 in
1321 1143 1468 1185 qualibet
1500 1144 1670 1185 electione,
1705 1151 1861 1178 scrutato-

1121 1204 1170 1227 res
1203 1195 1258 1228 illa
1290 1200 1364 1228 ante
1397 1197 1506 1229 onmia
1537 1204 1718 1239 numerent,
1751 1204 1856 1231 atten-

1121 1247 1227 1281 dendo
1263 1259 1303 1281 an
1339 1250 1617 1293 correspondeant
1655 1256 1686 1284 et
1714 1252 1861 1295 aequalia

1121 1300 1185 1332 sint
1209 1311 1345 1335 numero
1370 1303 1546 1335 vocalium:
1574 1305 1659 1347 quod
1680 1305 1707 1337 si
1734 1305 1777 1337 ita
1801 1310 1860 1344 est,

1121 1353 1243 1397 primus
1275 1360 1434 1389 scrutator
1466 1357 1522 1389 illa
1546 1363 1685 1401 reponat
1710 1358 1741 1390 in
1767 1361 1860 1397 urna,

1122 1412 1154 1439 et
1176 1412 1292 1450 postea
1316 1408 1503 1451 singillatim
1529 1411 1677 1443 extrahat
1701 1416 1731 1443 et
1762 1412 1859 1453 legat,

1120 1461 1323 1504 legendaque
1348 1462 1504 1505 praebeat
1528 1463 1653 1496 duobus
1677 1464 1747 1496 aliis
1772 1474 1860 1497 scru-

1122 1513 1290 1554 tatoribus,
1306 1519 1337 1547 et
1354 1516 1544 1548 secretarius
1563 1517 1709 1549 scrutinii
1727 1517 1781 1549 illa
1798 1517 1861 1549 sin-

1122 1566 1257 1609 gillatim
1294 1567 1415 1600 scribat
1452 1574 1483 1601 et
1518 1575 1685 1610 numeret;
1713 1570 1738 1603 si
1771 1581 1857 1610 vero,

1122 1620 1251 1662 quando
1275 1620 1451 1653 schedulae
1488 1628 1710 1664 numerantur,
1739 1633 1802 1656 non
1828 1634 1860 1656 a-

1122 1673 1280 1705 scendunt
1303 1673 1343 1706 ad
1368 1684 1539 1707 numerum
1557 1675 1723 1716 vocalium,
1737 1677 1786 1709 vel
1807 1687 1859 1709 ex-

1122 1725 1265 1766 cedunt,
1297 1727 1527 1760 comlmrantur
1563 1729 1688 1769 statim,
1716 1729 1784 1762 sine
1820 1740 1858 1762 eo

1122 1779 1207 1821 quod
1232 1780 1391 1822 legantur,
1419 1786 1450 1813 et
1474 1781 1589 1813 iterum
1623 1783 1662 1815 de
1688 1793 1769 1815 novo
1796 1783 1859 1814 sul*-

1122 1831 1222 1873 fragia
1246 1832 1402 1865 serantur.
1429 1833 1578 1866 Ceterum
1596 1834 1620 1866 si
1639 1835 1746 1877 aliqua
1771 1836 1860 1868 sche-

1122 1884 1197 1917 dula
1219 1895 1319 1917 vacua
1343 1896 1399 1918 seu
1424 1887 1496 1919 alba
1521 1887 1652 1919 inventa
1677 1888 1784 1927 suerit,
1808 1890 1858 1921 vel

1121 1946 1192 1969 cum
1217 1937 1367 1980 suffragio
1393 1938 1451 1971 sub
1480 1939 1664 1972 conditione
1689 1941 1738 1973 vel
1764 1941 1860 1973 alter-

1121 1990 1235 2031 nativa,
1262 1992 1310 2024 vel
1341 1992 1496 2034 praestito
1528 2003 1688 2035 personae
1713 1994 1859 2037 incapaci

1122 2043 1294 2076 secundum
1319 2044 1380 2085 ius,
1414 2044 1619 2078 inhabilitate
1644 2047 1756 2090 utique
1786 2048 1859 2080 red-

1122 2096 1217 2129 dente
1242 2097 1365 2129 nullam
1382 2097 1452 2140 ipso
1470 2097 1538 2131 iure
1556 2099 1764 2140 electionem,
1784 2105 1859 2133 tunc

1122 2159 1160 2181 eo
1186 2159 1260 2181 casu
1284 2149 1354 2182 talis
1381 2151 1535 2183 schedula
1560 2162 1617 2194 pro
1642 2153 1731 2184 nulla
1751 2158 1782 2185 et
1798 2164 1858 2195 pro

1121 2213 1185 2235 non
1223 2202 1375 2246 suffragio
1406 2205 1587 2247 reputanda
1622 2211 1685 2238 est:
1717 2206 1857 2249 ideoque

1121 2260 1307 2298 separetur,
1347 2261 1379 2288 et
1416 2258 1574 2299 regulatio
1608 2263 1638 2291 et
1673 2260 1856 2292 numeratio

1122 2307 1258 2340 aliorum
1282 2307 1507 2352 suffragiorum
1531 2309 1593 2350 fiat,
1614 2316 1643 2343 et
1669 2310 1733 2343 illis
1750 2312 1857 2344 solum

1121 2361 1306 2394 attendatur
1329 2363 1368 2395 ad
1401 2362 1575 2395 videndum
1603 2374 1641 2396 an
1668 2364 1709 2396 sit
1739 2365 1855 2398 electio

1120 2415 1169 2447 vel
1193 2425 1271 2447 non.

1164 2479 1212 2502 111.
1239 2468 1269 2501 Si
1294 2467 1327 2501 in
1350 2469 1456 2512 primo
1492 2471 1543 2503 vel
1568 2471 1710 2503 secundo
1744 2471 1856 2503 scruti-

1121 2522 1175 2554 nio
1206 2532 1273 2554 non
1297 2522 1336 2553 sit
1365 2523 1493 2563 electio,
1521 2529 1716 2556 scrutatores
1741 2534 1856 2557 consu-

1122 2575 1189 2607 lant
1213 2573 1443 2615 definitorium,
1469 2581 1500 2608 et
1524 2576 1609 2607 istud
1635 2576 1673 2618 (si
1692 2576 1739 2608 illi
1758 2587 1853 2620 expe-

1122 2627 1213 2661 diens
1238 2627 1341 2660 visum
1377 2628 1494 2673 suerit)
1527 2629 1638 2662 iubeat
1669 2630 1757 2673 quod
1791 2632 1856 2665 suf-

1862 253 1910 278 An.
1929 252 1956 278 (ἶ.
1983 254 2048 279 16ῖῦ

1920 640 1932 650 ι.
1945 630 1973 649 lm
1987 632 2048 649 niu-lu

1865 663 1894 676 §ci
1903 657 1968 676 »aud-r
1979 664 1997 676 in
2008 658 2049 675 eli·-

1866 685 1972 703 ottonibus
2024 684 2028 687 ’

1867 710 1956 730 ciendis.
