2279 3260
255 265 298 291 Λα.
320 264 348 291 C.
370 265 429 291 1671

275 487 323 507 nnc!
329 492 385 506 erum
397 493 432 516 ”¹¹7

251 519 329 533 'nr-runi
368 516 431 534 :latui

251 540 344 560 mandat.

264 748 362 769 Clamula
372 755 432 775 prae-

250 778 364 796 »νη-εἰπε.

275 1169 372 1199 Clausala
383 1170 428 1190 sut-

265 1537 380 1558 Contrariis
391 1538 427 1559 de·

244 1567 312 1587 rogat.

276 2485 424 2510 Tun-umplo-

241 2517 286 2531 ruin
302 2512 362 2531 tulos.

484 254 543 289 lat

445 313 574 346 Interim
602 324 686 354 vero,
705 314 757 358 qui
776 325 861 347 nunc
885 315 1032 348 doctores
1052 321 1128 347 sunt
1148 320 1178 347 et

444 376 593 399 successu
619 367 771 410 temporis
790 373 895 407 erunt,
913 367 1027 401 ceteris
1057 367 1179 410 praese-

444 424 566 451 rantur.

487 472 501 514 ᾗ
526 472 556 504 6.
584 472 743 512 Ceterum,
763 484 802 505 ne
828 473 995 506 doctorum
1021 482 1177 504 numerus

444 523 575 557 nimium
602 530 778 567 augeatur,
803 525 834 556 in
866 525 1010 567 proximo
1036 524 1177 567 capitulo

444 577 588 619 generali
614 577 757 609 eiusdem
782 575 910 609 Ordinis
932 581 1039 608 certus
1066 586 1177 608 eorum

443 639 612 661 numerum
645 628 843 668 stabiliatur,
873 638 967 671 quem
998 628 1176 672 praeterire

443 681 533 713 nefas
558 681 608 713 sit.

485 734 500 775 ᾗ
525 733 554 765 7.
582 734 796 765 Decerneutes
831 737 1019 775 praesentes
1054 733 1175 765 litteras

442 797 569 829 semper
592 786 715 825 firmas,
742 784 860 817 validas
886 790 918 817 et
941 785 1086 818 efficaces
1112 786 1177 818 exi-

441 844 527 871 stere
553 843 585 870 et
611 838 688 877 fore,
715 847 856 880 suosque
881 838 1047 880 plenarios
1073 844 1106 871 et
1129 839 1176 870 in-

440 896 546 933 tegros
579 890 709 923 ell'ectus
741 890 850 923 sortiri
884 896 916 923 et
940 890 1111 932 obtinere,
1140 902 1175 924 ac

438 943 520 982 illis,
547 943 586 975 ad
611 953 690 985 quos
725 947 849 985 spectat
874 948 905 975 et
935 953 994 987 pro
1028 949 1174 987 tempore

439 995 709 1038 quandocumque
735 995 905 1038 spectabit,
925 995 957 1027 in
976 995 1125 1028 omnibus
1144 1001 1176 1028 et

439 1059 497 1091 per
521 1048 628 1080 onmia
652 1048 839 1090 plenissime
866 1047 1031 1092 suffragari
1046 1076 1053 1088 ,
1080 1054 1111 1081 et
1135 1049 1174 1081 ab

440 1099 503 1132 illis
528 1099 708 1143 respective
733 1099 966 1133 inviolabiliter
997 1101 1171 1141 observari,

483 1153 498 1195 g
523 1151 553 1185 8.
580 1151 695 1194 Sicque
724 1152 756 1184 in
788 1152 974 1195 praemissis
1000 1163 1058 1196 per
1082 1163 1175 1195 quos-

439 1215 575 1248 cumque
600 1204 721 1236 iudices
747 1204 928 1238 ordinarios
954 1210 986 1237 et
1009 1202 1174 1248 delegatos

438 1258 534 1290 etiam
558 1268 724 1290 causarum
750 1258 862 1301 palatii
893 1258 1060 1301 apostolici
1086 1258 1174 1291 audi-

437 1315 522 1342 tores
549 1309 682 1343 iudicari
708 1315 741 1342 et
765 1310 892 1343 deliniri
919 1311 1057 1350 debere,
1077 1321 1112 1342 ac
1131 1310 1174 1342 ir-

435 1362 532 1395 ritum
553 1369 585 1396 et
603 1363 696 1396 inane
714 1363 739 1395 si
758 1373 849 1395 secus
869 1374 967 1406 super
987 1364 1037 1395 his
1055 1375 1072 1395 a
1098 1374 1174 1406 quo-

437 1426 550 1458 quam,
577 1416 685 1458 quavis
719 1415 907 1448 auctoritate
925 1443 933 1457 ,
961 1415 1099 1449 scienter
1124 1417 1172 1448 vel

436 1468 634 1511 ignoranter,
660 1469 833 1511 contigerit
858 1469 1020 1501 attentari.

481 1522 495 1564 ᾗ
520 1520 551 1554 9.
577 1521 646 1553 Non
665 1521 867 1553 obstantibus
887 1521 1172 1554 constitutionibus

438 1579 470 1606 et
481 1573 738 1606 ordinationibus
752 1573 1005 1616 apostolicis‚ac,
1014 1580 1172 1617 quatenus

437 1637 516 1669 opus
534 1626 585 1666 sit,
602 1626 678 1659 dicti
692 1626 828 1666 Ordinis,
844 1626 977 1669 eiusque
994 1626 1172 1669 provincia·
1193 1653 1194 1659 ,

436 1690 508 1712 rum
528 1686 560 1712 et
577 1679 847 1712 monasteriorum
872 1690 1168 1726 quorumcumque,

435 1733 531 1764 etiam
557 1732 758 1772 iuramento,
779 1732 1022 1765 confirmatione
1048 1738 1172 1776 aposto-

434 1785 505 1825 lica,
530 1787 578 1818 vel
606 1785 717 1829 quavis
741 1785 888 1817 firmitate
914 1785 976 1817 alia
1000 1785 1169 1826 roboratis,

435 1838 562 1870 statutis
596 1843 626 1870 et
660 1837 969 1877 consuetudinibus,
995 1838 1171 1881 privilegiis

437 1901 588 1933 quoque,
614 1890 746 1923 indultis
779 1896 810 1923 et
834 1890 952 1923 litteris
985 1891 1170 1934 apostolicis

436 1942 468 1974 in
494 1943 690 1975 eontrarium
716 1943 967 1986 praemissorum
993 1945 1170 1987 quomodo-

435 1996 516 2029 libet
539 1997 707 2037 concessis,
728 1996 926 2030 confirmatis
944 2002 975 2029 et
990 1997 1167 2039 innovatis;

434 2049 550 2093 quibus
576 2050 724 2083 omnibus
749 2056 781 2083 et
805 2050 952 2093 siugulis,
976 2051 1105 2084 illorum
1125 2057 1170 2085 te-

433 2113 527 2135 nores
553 2103 778 2146 praesentibus
803 2114 862 2146 pro
891 2105 987 2147 plene
1020 2110 1051 2137 et
1082 2105 1191 2137 stiffi-³

432 2155 556 2187 cienter
587 2157 749 2198 expressis
781 2167 817 2188 ac
846 2157 883 2189 de
909 2158 1008 2190 verbo
1034 2159 1073 2191 ad
1099 2169 1169 2192 ver·
1190 2146 1192 2174 ὲ

432 2207 508 2240 hum
535 2208 664 2241 insertis
690 2209 858 2251 habentes,
876 2210 939 2243 illis
957 2211 1035 2243 alias
1055 2210 1087 2243 in
1112 2222 1168 2244 suo

433 2261 552 2294 robore
586 2263 827 2305 permansuris,
854 2264 893 2296 ad
918 2264 1166 2307 praemissorum

433 2314 588 2354 effectum,
617 2315 677 2348 hac
701 2315 768 2349 vice
794 2316 965 2357 dumtaxat,
984 2318 1169 2361 specialiter

434 2373 466 2399 ct
490 2378 642 2410 expresse
662 2368 874 2411 derogamus,
894 2370 1074 2414 ceterisque
1092 2381 1168 2404 con-
1189 2383 1190 2400 1

435 2420 538 2452 trariis
563 2421 831 2465 quibuscumque.

480 2475 494 2517 g*
525 2473 571 2506 lO.
600 2474 749 2507 Volumus
780 2480 886 2508 autem
918 2480 952 2507 ut
983 2478 1167 2510 earumdem

436 2527 656 2571 praesentium
677 2528 855 2561 litterarum
873 2531 1088 2573 transumptis,
1111 2542 1166 2564 seu

437 2581 606 2624 exemplis,
623 2581 718 2614 etiam
732 2581 910 2624 impressis,
924 2593 1021 2615 manu
1036 2584 1167 2617 alicuius

436 2626 553 2670 notarii
572 2634 693 2680 publici
711 2635 907 2680 subscriptis,
928 2641 959 2669 et
975 2635 1082 2679 sigillo
1099 2648 1167 2681 per-

1018 267 1197 291 ntittAnit‘M
1220 267 1371 293 nmrxxvn

1221 326 1319 348 sonae
1345 316 1376 348 in
1403 318 1621 352 ecclesiastica
1657 319 1812 362 dignitate
1838 321 1955 354 consti-

1223 372 1308 400 tutae
1333 370 1473 409 munitis,
1500 371 1611 403 eadem
1636 382 1771 415 prorsus
1797 372 1875 405 sides
1901 373 1956 405 ha-

1221 420 1336 452 beatur
1360 421 1392 453 in
1417 422 1535 455 iudicio
1560 428 1592 456 et
1615 430 1722 466 extra,
1749 435 1831 467 quae
1857 425 1957 458 habe-

1221 476 1310 503 retur
1331 472 1408 515 ipsis
1432 475 1658 516 praesentibus
1682 476 1707 509 si
1734 477 1843 510 forent
1867 475 1958 510 exhi-

1221 523 1305 556 bitae
1330 526 1380 558 vel
1406 532 1568 560 ostensae.

1264 577 1376 610 Datum
1400 579 1527 620 Romae,
1546 582 1629 623 apud
1654 582 1685 614 S.
1705 582 1834 615 Mariam
1859 582 1955 616 Maio-

1199 650 1201 660 >
1221 640 1296 670 rem,
1311 631 1369 663 sub
1393 633 1510 665 annulo
1530 633 1708 675 Piscatoris,
1724 634 1774 667 die
1789 645 1825 668 111
1842 635 1954 678 aprilis

1220 692 1368 724 moctxm,
1383 684 1585 727 pontificatus
1599 687 1698 719 nostri
1711 697 1795 720 anno
1814 698 1837 721 1.

1254 743 1312 771 Dat.
1330 744 1374 771 die
1389 745 1405 772 3
1424 745 1517 781 aprilis
1533 747 1612 781 1671,
1628 747 1724 782 pontif.
1742 756 1812 775 anuo
1827 755 1848 776 1.

1547 886 1640 921 an.

1217 966 1340 999 Erectio
1365 966 1587 999 universitatis
1611 967 1714 1000 studii
1736 967 1900 1010 yeneralis
1921 969 1958 1000 in

1262 1019 1392 1052 civitate
1418 1018 1567 1052 Urbim&

1446 1099 1579 1125 Clemens
1599 1099 1677 1132 Papa
1696 1099 1730 1131 X,

1340 1142 1376 1168 ad
1396 1146 1572 1176 perpetuam
1592 1143 1636 1170 rei
1655 1143 1836 1170 memoriam.

1261 1211 1409 1243 AEternae
1429 1210 1605 1254 sapientiae
1620 1210 1754 1244 consilio
1772 1213 1954 1254 speculato-
2001 1234 2082 1247 ,mum

1218 1273 1269 1295 res
1296 1264 1410 1296 domus
1434 1263 1548 1303 Israel,
1576 1275 1658 1307 quae
1690 1269 1740 1297 est
1765 1270 1873 1297 sancta
1897 1265 1952 1297 Dei

1216 1315 1370 1355 Ecclesia,
1397 1317 1487 1349 nullo
1513 1316 1589 1349 licet
1612 1317 1801 1349 meritorum
1827 1322 1949 1350 nostro-

1218 1379 1287 1401 rum
1329 1368 1502 1411 suffragio,
1544 1369 1731 1408 constituti,
1773 1369 1951 1402 excitandis

1216 1421 1508 1464 promovendisque
1534 1422 1690 1454 bonarum
1716 1422 1895 1454 litterarum
1922 1427 1954 1455 et

1194 1477 1195 1482 ’
1217 1474 1426 1507 laudabilium
1453 1475 1696 1518 disciplinarum
1722 1475 1848 1516 studiis,
1872 1487 1954 1519 quae

1194 1528 1195 1565 ἶ
1216 1527 1395 1560 catholicae
1421 1527 1494 1560 fidei
1527 1528 1690 1572 divinique
1711 1529 1812 1560 cultus
1837 1539 1955 1572 propa-

1217 1580 1337 1622 gationi
1359 1586 1389 1613 et
1406 1580 1618 1621 incremento,
1638 1592 1674 1613 ac
1694 1581 1834 1613 iustitiae
1852 1581 1954 1614 admi-

1216 1633 1419 1674 nistrationi,
1450 1634 1586 1677 aliisque
1617 1634 1648 1667 in
1678 1634 1841 1678 publicum
1867 1645 1954 1667 com-

1215 1686 1318 1720 modis
1345 1698 1543 1730 magnopere
1569 1687 1788 1720 conducibilia
1806 1693 1889 1727 sunt,
1911 1692 1950 1728 et,

1215 1740 1347 1783 depulsa
1362 1740 1563 1782 ignorantiae
1577 1740 1725 1783 caligine,
1739 1745 1865 1773 mentes
1879 1741 1950 1772 luce

1215 1792 1356 1825 veritatis
1377 1792 1547 1833 illustrant,
1567 1793 1761 1836 peculiarem
1778 1792 1950 1836 pastoralis

1214 1845 1355 1877 muneris
1381 1845 1482 1877 nostri
1509 1845 1762 1878 sollicitudinem
1788 1847 1951 1888 propensa

1214 1898 1371 1931 charitate
1390 1898 1595 1938 adhibemus,
1611 1898 1706 1938 sicut,
1723 1898 1873 1930 omnibus
1890 1908 1951 1930 ma-

1214 1955 1304 1983 turae
1330 1950 1601 1984 considerationis
1623 1951 1742 1983 trutina
1766 1951 1951 1994 perpensis,

1213 2004 1251 2036 ad
1278 2003 1509 2046 omnipotentis
1539 2003 1593 2036 Dei
1621 2003 1755 2046 gloriam
1787 2014 1822 2036 ac
1853 2004 1950 2037 huius

1212 2063 1340 2090 sanctae
1364 2056 1455 2090 Sedis
1480 2056 1677 2099 dignitatem,
1697 2061 1950 2100 nostrorumque

1213 2115 1244 2143 et
1267 2110 1411 2142 eiusdem
1436 2109 1526 2142 Sedis
1553 2109 1585 2141 in
1613 2109 1849 2152 temporalibus
1874 2110 1949 2142 sub-

1212 2162 1353 2195 ditorum
1379 2162 1540 2201 decorem,
1559 2162 1762 2194 commodum
1781 2166 1812 2194 et
1828 2162 1949 2195 utilita-

1213 2219 1275 2247 tem
1310 2214 1483 2247 salubriter
1508 2215 1661 2258 expedire
1682 2214 1715 2247 in
1741 2214 1878 2247 Domino
1899 2225 1949 2247 ar-

1189 2267 1191 2297 ἶ
1211 2267 1379 2300 bitramur.

1254 2321 1269 2363 ἓ
1294 2320 1324 2352 1.
1344 2320 1466 2363 Exponi
1491 2319 1650 2363 siquidem
1671 2320 1764 2353 nobis
1783 2330 1888 2364 nuper
1907 2320 1946 2352 se-

1211 2378 1325 2405 cerunt
1350 2373 1458 2406 dilecti
1485 2373 1540 2406 filii
1566 2374 1780 2406 communitas
1798 2379 1830 2406 et
1846 2373 1945 2406 homi-

1211 2437 1268 2459 nes
1293 2425 1427 2458 civitatis
1445 2432 1573 2459 nostrae
1592 2426 1823 2467 Urbinatensis,
1843 2427 1943 2470 quod,

1247 2514 1256 2539 1
1280 2512 1374 2539 Simile
1393 2513 1478 2540 erexit
1497 2514 1614 2540 studium
1634 2514 1662 2540 in
1683 2514 1789 2542 civitate
1805 2515 1945 2543 Feri-ariae

1211 2557 1362 2584 Bonisacius
1378 2557 1419 2589 lx,
1435 2562 1463 2584 ut
1479 2557 1568 2585 videre
1583 2563 1624 2585 est
1637 2559 1664 2585 in
1680 2559 1737 2586 eius
1753 2560 1945 2587 constitutione

1210 2601 1244 2627 In
1263 2609 1415 2635 supremo,
1436 2601 1514 2637 eique
1540 2601 1636 2628 deinde
1657 2603 1794 2638 privilegia
1813 2604 1946 2630 concessit

1211 2646 1333 2673 Clemens
1355 2645 1409 2673 viil
1430 2646 1455 2672 iu
1470 2647 1558 2673 Const.
1580 2647 1701 2675 Sanctae
1722 2648 1880 2676 Romanae.

1957 273 2006 299 Αη.
2028 275 2056 299 C.
2080 275 2142 302 267¹

1987 2332 2070 2362 C³3¹⁵³9
2086 2332 2139 2354 Cou-

1955 2360 2081 2380 «titutionis.
