2279 3260
186 245 236 272 An.
258 245 287 273 C.
311 247 374 275 ¹671

1014 253 1156 277 emimus
1178 255 1196 277 X
1222 255 1269 278 1⁵1².

378 299 570 332 auctoritate
596 299 774 342 apostolica
791 299 994 332 confirmavit
1015 305 1046 331 ct
1067 311 1117 343 ap-

378 351 534 394 probavit,
561 362 687 384 necnon
712 351 776 384 illis
803 357 1005 394 opportunae
1027 357 1058 385 ct
1075 352 1117 384 ir-

379 403 581 445 refragabilis
607 403 765 436 firmitatis
784 404 884 436 robur
901 405 1025 443 adiecit,
1048 416 1116 437 om-

378 466 498 498 nesque
513 461 545 488 et
569 456 714 498 singulos
734 457 813 489 iuris
836 462 866 489 et
889 457 960 488 farti
982 469 1017 490 ac
1034 458 1114 489 alios

378 508 541 549 defectus,
567 509 592 540 si
627 509 679 552 qui
707 509 814 542 forsan
844 510 1112 550 intervenissent,

379 560 410 593 in
436 561 559 593 eisdem
585 562 754 604 supplevit,
786 567 881 605 atque
903 562 974 595 illas
995 568 1027 595 et
1050 562 1113 603 illa,

379 617 540 656 quatenus
553 624 634 657 opus
652 619 749 654 esset,
764 615 940 655 innovavit,
959 616 1114 648 mandans

348 700 350 703 ⁸
376 670 551 708 propterea
566 666 669 699 bonae
684 667 859 700 memoriae
874 668 1025 710 magistro
1043 668 1117 700 Ilie-

379 728 514 760 ronymo
538 718 727 762 Raymundo
749 719 851 752 dictae
876 720 1025 753 Gamerae
1052 721 1115 753 cle-

377 769 444 802 rico
460 770 525 812 (cui
541 770 630 803 ante¹
649 782 665 804 a
683 772 755 814 piae
769 772 942 805 memoriae
957 772 1114 815 Gregorio

377 822 462 865 Papa
495 823 545 855 XV
580 825 677 857 etiam
713 825 966 867 praedecessore
1004 832 1114 859 nostro

377 887 489 910 onmes
509 883 540 910 et
561 878 707 920 singulae
722 889 837 912 causae
852 879 937 911 inter
951 881 1114 922 quondam

377 928 553 972 Gasparem
586 930 772 972 Rivaldum,
799 931 1012 964 cancellariae
1039 943 1115 975 apo-

375 981 507 1014 stolicae
542 984 727 1024 generalem
758 983 1044 1024 subcollectorem,
1076 994 1112 1016 ex

375 1036 448 1073 una,
469 1039 500 1066 et
520 1045 737 1078 quascumque
763 1036 1040 1078 congregationes,
1065 1047 1115 1068 ca-

374 1085 485 1128 pitula,
505 1087 655 1129 collegia,
674 1089 745 1120 loca
762 1088 824 1131 pia,
844 1093 875 1121 et
892 1089 1019 1132 quasvis
1037 1089 1114 1122 alias

374 1149 541 1182 personas,
560 1150 596 1172 ex
618 1141 718 1173 altera
743 1141 898 1183 partibus,
913 1152 1011 1184 super
1028 1143 1114 1175 solu-

376 1191 462 1224 tione
487 1197 701 1233 annatarum,
728 1194 947 1226 communium
979 1199 1010 1227 et
1038 1195 1115 1228 alio-

374 1255 446 1277 rum
472 1245 598 1286 iuriurn,
620 1247 895 1289 quindenniorum
921 1249 1113 1282 commissae

374 1298 647 1342 reperiebantur),
666 1304 699 1331 et
713 1300 783 1332 aliis
799 1300 832 1332 in
848 1301 917 1333 eius
933 1302 1038 1334 locum
1055 1313 1114 1345 per

375 1350 493 1383 dictum
518 1350 682 1383 Urbanum
718 1352 767 1384 vel
805 1352 872 1385 eius
909 1364 1112 1387 successores

373 1403 589 1446 subrogandis
616 1404 794 1445 iudicibus,
816 1410 859 1445 ut,
891 1417 952 1449 pro
976 1406 1112 1440 faciliori

374 1455 583 1498 indagatione
608 1457 781 1498 unionum,
814 1459 1042 1499 annexionum,
1068 1460 1115 1492 in-

375 1508 650 1552 corporationum,
669 1520 723 1542 seu
750 1510 1001 1553 applicationum
1024 1523 1114 1555 prae-

375 1560 541 1601 dictarum,
557 1562 665 1594 omnia
683 1568 715 1594 et
732 1563 857 1605 singula
875 1565 1027 1607 capitula,
1049 1567 1114 1598 col-

375 1613 468 1655 legia,
495 1614 778 1656 congregationes,
805 1615 990 1656 seminaria,
1016 1618 1113 1650 socie-

375 1669 455 1697 tates
482 1670 514 1697 et
538 1665 600 1697 alia
625 1666 695 1698 loca
716 1666 769 1709 pia
794 1668 968 1709 praedicta,
987 1680 1114 1701 eorum-

374 1727 435 1760 que
460 1718 623 1760 praelatos
657 1723 688 1750 et
711 1724 950 1761 procuratores,
977 1722 1016 1754 ad
1034 1721 1114 1754 indi'-

374 1770 512 1801 candum
528 1775 557 1802 et
573 1770 790 1813 profitendum
808 1773 914 1805 medio
933 1773 1113 1807 iuramento

374 1821 482 1854 omnia
509 1827 539 1854 et
564 1822 688 1865 singula
714 1825 921 1864 monasteria,
944 1826 1111 1868 prioratus,

374 1875 625 1918 praeposituras,
641 1877 888 1919 praepositatus,
909 1879 1113 1920 parochiales

374 1928 540 1968 ecclesias,
566 1934 598 1961 et
622 1929 685 1961 alia
709 1940 929 1973 quaecumque
956 1932 1113 1965 beneficia

374 1981 603 2021 ecclesiastica,
629 1982 752 2014 etiamsi
778 1984 939 2016 manualia
957 1989 989 2016 et
1009 1986 1047 2017 de
1066 1985 1113 2018 iu-

372 2038 620 2075 repatronatus,
648 2040 683 2066 ut
718 2036 920 2077 praefertur,
957 2037 1110 2078 fuissent,

373 2087 484 2129 quavis
510 2087 701 2120 auctoritate
739 2090 914 2131 apostolica
947 2102 1002 2123 seu
1028 2092 1113 2124 ordi-

373 2140 465 2172 naria
486 2145 540 2172 aut
565 2141 776 2183 subdelegata
802 2143 846 2175 eis
876 2144 966 2176 uuita
988 2149 1018 2176 et
1036 2156 1112 2178 con-

373 2202 473 2232 cessa,
496 2204 577 2236 quae
605 2193 671 2236 ipsa
697 2195 850 2237 capitula,
872 2197 1029 2238 collegia,
1063 2208 1112 2230 se-

373 2244 519 2284 minaria,
542 2247 811 2288 congregationes
831 2254 859 2280 et
879 2249 941 2281 alia
968 2251 1036 2282 loca
1058 2251 1111 2293 pia

374 2297 538 2338 praedicta
573 2297 681 2339 vigore
728 2300 883 2332 unionum
925 2302 1110 2335 huiusmodi

373 2349 594 2391 possidebant,
615 2351 809 2395 illorumque
836 2364 961 2386 annuos
974 2356 1109 2396 valeres,

374 2401 432 2433 sub
458 2402 648 2444 privationis
668 2409 698 2436 et
720 2405 791 2437 aliis
818 2406 849 2437 in
876 2406 989 2439 litteris
1015 2408 1111 2441 dicto-

374 2464 445 2486 rum
464 2454 509 2486 Pii
536 2459 567 2486 et
591 2454 667 2487 sixti
694 2458 981 2499 praedecessorum
1000 2460 1111 2492 huius-

373 2508 460 2540 modi
486 2509 646 2541 contentis
680 2511 872 2551 sententiis,
900 2513 1047 2544 censuris
1080 2519 1111 2546 et

372 2561 501 2603 poenis,
528 2561 561 2593 iu
587 2561 729 2595 Romana
749 2563 844 2596 Curia
868 2570 899 2597 et
924 2571 1013 2598 extra
1038 2577 1108 2598 eam

409 2624 418 2649 1
439 2622 508 2649 Edit.
527 2623 604 2650 Main.
621 2624 684 2659 legit
699 2628 783 2652 antea
800 2634 848 2660 pro
865 2631 930 2655 aule
947 2637 964 2654 a
980 2630 1017 2663 (R.
1031 2631 1077 2660 T.).

460 2678 536 2705 Ball.
558 2678 637 2706 Rom.
659 2694 690 2697 —
715 2679 772 2707 Vol,
794 2681 892 2707 XVIII
912 2717 915 2719 .
981 2700 987 2703 -
1033 2682 1067 2708 35

1160 307 1330 334 monerent
1356 308 1387 335 et
1408 305 1624 346 requirerent,
1645 318 1715 339 curn
1734 313 1894 350 potestate

1158 353 1241 386 dieta
1266 354 1415 397 capitula,
1439 357 1585 399 collegia,
1604 360 1892 401 congregationes,

1158 406 1339 447 seminaria,
1366 408 1549 448 societates,
1579 410 1752 452 hospitalia
1777 418 1809 444 et
1833 413 1895 445 alia

1158 458 1228 490 loca
1252 458 1305 501 pia
1330 460 1505 502 praedicta,
1531 472 1656 494 necnon
1682 463 1895 505 quindennio-

1157 519 1228 541 rum
1254 515 1285 542 et
1309 511 1425 543 iurium
1443 513 1606 545 debitores
1624 514 1654 545 in
1674 515 1790 547 litteris
1810 516 1895 548 eius-

1157 562 1228 594 dem
1247 562 1367 595 Urbani
1393 566 1656 607 praedecessoris
1677 568 1895 610 comprehen-

1157 624 1220 655 sos,
1246 615 1341 647 etiam
1369 626 1428 658 per
1452 617 1591 650 edictum
1617 619 1791 661 publicum,
1819 630 1895 651 cou-

1157 667 1233 699 stito
1264 669 1436 702 summarie
1470 671 1508 703 de
1536 681 1599 703 non
1638 677 1706 704 tuto
1739 683 1894 712 accessu,

1157 723 1219 751 tam
1245 720 1278 752 in
1304 721 1388 754 dicta
1412 722 1504 755 Curia
1530 734 1625 766 quam
1644 730 1734 756 extra
1749 735 1830 763 eam,
1848 725 1893 757 ci-

1157 772 1253 812 tandi,
1274 774 1425 806 mouendi
1447 780 1478 807 et
1502 776 1701 819 requirendi,
1727 788 1763 809 ac
1789 777 1835 809 eis
1861 781 1894 809 et

1157 823 1226 856 aliis
1251 825 1426 866 quibusvis,
1452 832 1493 867 et,
1516 827 1644 870 quoties
1661 839 1741 871 opus
1768 829 1893 870 fuisset,

1157 876 1216 907 sub
1243 877 1391 909 censuris
1422 883 1454 910 et
1470 880 1583 921 poenis
1610 881 1839 914 ecclesiasticis
1860 893 1895 914 ac

1156 928 1352 969 pecuniariis
1374 940 1486 963 eorum
1510 932 1643 965 arbitrio
1663 934 1815 974 ferendis,
1835 940 1895 967 sta-

1158 981 1298 1022 tuendis,
1326 984 1531 1016 moderandis
1558 991 1590 1017 et
1615 987 1833 1029 applicandis,
1858 997 1895 1021 ac

1157 1033 1252 1066 etiam
1267 1035 1456 1077 privationis
1472 1037 1702 1070 beneficiorum
1718 1040 1893 1081 unitorum,

1157 1087 1253 1119 etiam
1278 1088 1375 1121 simili
1400 1089 1505 1122 edicto
1531 1090 1714 1131 inhibendi,
1738 1093 1895 1136 ipsosque

1157 1140 1321 1174 debitores
1340 1142 1380 1174 ad
1397 1141 1605 1175 indicandum
1623 1144 1781 1177 beneficia
1795 1146 1893 1184 unita,

1157 1198 1187 1225 et
1201 1194 1393 1226 solvendum
1404 1195 1604 1237 quindennia
1614 1197 1758 1238 decursa,
1769 1198 1896 1231 etiamsi

1156 1246 1195 1277 ad
1217 1245 1247 1278 id
1273 1246 1305 1278 in
1323 1246 1454 1279 Camera
1476 1248 1663 1291 Apostolica
1680 1260 1743 1282 non
1762 1260 1794 1281 se
1817 1251 1898 1283 obli-

1157 1299 1330 1341 gavisscnt,
1350 1300 1487 1334 constito
1516 1306 1621 1334 tamen
1647 1303 1686 1335 de
1712 1303 1825 1336 sortito
1851 1305 1897 1336 ef-

1156 1352 1243 1384 fectu
1267 1352 1434 1393 unionum,
1462 1364 1523 1397 per
1547 1355 1668 1388 similes
1693 1357 1871 1389 sententias
1886 1384 1894 1397 ,

1157 1415 1310 1437 censuras
1338 1411 1370 1438 et
1394 1417 1527 1449 poenas,
1555 1407 1651 1440 etiam
1677 1419 1736 1451 per
1760 1409 1896 1444 interdi-

1157 1458 1198 1490 cti
1216 1463 1279 1499 tarn
1306 1459 1418 1492 localis
1445 1471 1540 1503 quam
1566 1462 1747 1503 personalis
1768 1463 1897 1506 apposi-

1156 1512 1288 1552 tionem,
1307 1513 1431 1556 quoties
1456 1524 1537 1556 opus
1564 1515 1685 1555 fuisset,
1699 1526 1760 1558 per
1777 1516 1898 1549 dictum

1157 1563 1393 1608 Hieronymum,
1413 1571 1444 1598 et
1460 1566 1507 1599 illi
1525 1566 1773 1610 subrogandos¹,
1790 1569 1898 1601 feren—

1157 1616 1213 1648 das
1239 1622 1270 1649 et
1292 1618 1557 1660 promulgandas,
1576 1630 1704 1652 necnon
1723 1621 1894 1661 fructuum,

1157 1669 1340 1702 reddituum
1362 1671 1393 1702 et
1416 1677 1633 1713 proventuum
1661 1673 1897 1708 beneficiorum

1158 1722 1459 1764 ecclesiasticorum,
1476 1735 1555 1767 quae
1569 1725 1630 1767 ipsi
1645 1726 1811 1759 debitores
1825 1737 1895 1770 pos-

1157 1774 1327 1816 sidebant,
1357 1786 1415 1818 pro
1442 1777 1621 1819 quantitate
1655 1789 1764 1811 eorum
1791 1780 1893 1812 debiti

1157 1828 1456 1870 sequestrationem,
1473 1834 1505 1861 et
1522 1830 1584 1862 alia
1610 1836 1793 1874 opportuna
1814 1832 1894 1866 iuris

1158 1885 1189 1911 et
1212 1880 1288 1912 facti
1314 1881 1465 1922 remedia,
1480 1882 1577 1915 etiam
1591 1894 1664 1916 cum
1690 1885 1893 1918 invocatione

1156 1933 1264 1965 auxilii
1302 1934 1426 1966 brachii
1462 1937 1659 1977 saecularis,
1687 1938 1826 1979 cogendi
1864 1945 1895 1971 et

1157 1987 1384 2028 compellendi,
1416 1997 1452 2019 ac
1476 1988 1507 2020 in
1534 1989 1717 2031 praemissis
1744 1991 1893 2024 omnibus

1156 2043 1187 2070 et
1203 2039 1339 2081 singulis
1358 2040 1453 2073 etiam
1476 2042 1650 2074 summarie
1677 2049 1708 2075 et
1726 2044 1763 2075 de
1782 2045 1891 2086 plano,

1156 2092 1223 2124 sine
1250 2092 1385 2135 strepitu
1411 2099 1443 2125 et
1468 2093 1568 2135 figura
1586 2094 1707 2135 iudicii,
1730 2097 1798 2128 sola
1819 2097 1892 2129 facti

1155 2145 1285 2176 veritate
1303 2145 1457 2188 inspecta,
1476 2152 1506 2178 et
1524 2147 1602 2179 alias
1621 2158 1710 2180 more
1730 2151 1891 2189 camerali,

1155 2198 1362 2240 procedendi,
1388 2209 1423 2230 ac
1442 2209 1507 2238 eos,
1527 2200 1579 2242 qui
1605 2201 1792 2240 sententias,
1818 2213 1893 2235 cen-

1156 2261 1245 2283 suras
1264 2256 1294 2283 et
1310 2262 1433 2294 poenas
1452 2252 1645 2295 praedictas,
1661 2258 1695 2285 ut
1711 2256 1892 2296 praemitti-

1157 2309 1218 2343 tur,
1238 2303 1472 2344 incurreranffl,
1492 2305 1542 2337 ab³
1559 2306 1675 2338 iisdem
1695 2308 1841 2340 censuris
1859 2314 1891 2341 et

1155 2357 1277 2398 poenis,
1303 2358 1430 2399 praevia
1450 2358 1679 2397 satisfactione,
1702 2361 1889 2393 absolvendi

1155 2415 1186 2441 et
1210 2410 1381 2449 liberandi,
1408 2410 1533 2453 aliaque
1570 2411 1729 2452 faciendi,
1755 2414 1889 2455 gerendi

1190 2498 1199 2522 1
1223 2496 1293 2523 Edit.
1316 2497 1392 2523 Main.
1410 2497 1474 2532 tegit
1493 2499 1692 2532 subrogandus
1710 2500 1747 2533 (R.
1768 2500 1817 2533 τ,).

1188 2542 1203 2567 2
1224 2542 1317 2575 Aptius
1337 2542 1396 2576 lege
1416 2544 1599 2570 zncnrrerint
1616 2550 1654 2577 tu.
1670 2546 1716 2578 T.).

1188 2586 1203 2612 3
1224 2585 1371 2620 praeposit.
1393 2587 1428 2612 ab
1449 2595 1497 2613 nos
1518 2587 1642 2614 addimus
1661 2595 1693 2614 ex
1712 2589 1772 2614 loco
1793 2588 1886 2623 parali.

1152 2633 1189 2664 (a.
1205 2631 1254 2664 T.).

1789 251 1852 284 ⁶273
1899 260 1948 286 Αη.
1970 259 1999 286 c.
2021 259 2086 285 167¹
