2279 3260
262 276 310 302 An.
329 276 357 302 c.
383 275 444 302 ωτι
493 265 557 298 ⁶240

455 323 617 356 desectum
657 322 809 365 supplere
846 321 969 365 possint
1008 319 1188 363 presbyteri

454 374 602 418 praefati,
616 374 735 418 quippe
755 374 807 417 qui
834 373 956 407 scilieet
976 382 1083 405 sacrae
1102 372 1190 404 theo-

453 428 559 471 logiae
597 434 660 461 tam
686 427 818 460 moralis
854 437 948 469 quam
973 424 1189 468 speculativae

452 481 565 514 studiis
592 491 724 524 operam
750 480 864 513 sedulo
895 483 1034 517 navent,
1067 478 1188 510 nullum

454 538 559 565 tamen
586 532 720 574 gradum
757 529 985 562 scholasticum
1022 527 1188 571 suscipere

455 590 717 619 consueverunt:
750 583 843 616 nobis
878 587 1053 625 propterea
1088 581 1189 614 dictus

454 639 597 671 chatus
611 637 759 680 superior
771 635 931 678 generalis
944 634 1109 667 humiliter
1122 645 1190 677 sup-

454 690 567 734 plicari
595 689 670 722 serit
698 694 730 721 ut
749 689 779 720 in
799 686 985 730 praemissis
1006 691 1189 729 opportune

454 741 625 785 providere
651 746 682 773 et
707 745 741 771 ut
766 740 849 771 infra
873 738 1044 781 indulgere
1067 738 1105 771 de
1134 738 1190 771 be-

455 794 611 836 nignitate
638 792 814 835 apostolica
839 791 1054 833 dignaremur.

499 848 513 889 g
537 846 568 879 4.
596 846 659 878 Nos
686 845 790 887 igitur,
816 844 877 887 piis
907 844 1049 876 eiusdem
1075 843 1187 876 Renati

455 900 570 943 prioris
595 898 756 941 generalis
783 898 864 931 votis
890 897 950 930 liae
975 897 1006 929 in
1032 908 1075 937 re,
1091 908 1189 940 quan-

454 958 519 985 tum
534 963 606 984 cum
619 952 754 984 Domino
772 960 955 994 posSumuS,
972 949 1190 982 favorabiliter

452 1014 595 1037 annuere
620 1004 775 1042 volentes,
802 1012 942 1045 eumque
975 1013 992 1034 a
1023 1002 1188 1045 quibusvis

453 1055 813 1094 excomumnffiationis,
836 1054 1058 1098 suspensionis
1080 1059 1112 1087 et
1140 1054 1188 1086 in-

453 1109 591 1149 terdicti,
606 1108 740 1151 aliisque
758 1107 985 1140 ecclesiasticis
1004 1107 1186 1146 sententiis,

452 1161 599 1194 censuris
615 1167 647 1193 et
662 1160 786 1204 poenis,
803 1171 820 1192 a
837 1160 905 1192 iure
922 1160 971 1192 vel
989 1161 1028 1192 ab
1043 1160 1186 1201 homine,

452 1214 562 1258 quavis
581 1213 751 1247 occasione
768 1213 817 1245 vel
832 1214 926 1245 causa
941 1212 1021 1252 latis,
1037 1212 1187 1255 siquibus

452 1266 698 1310 quomodolibet
721 1265 893 1305 innodatus
918 1264 1034 1305 existit,
1053 1265 1091 1297 ad
1112 1264 1187 1297 ess'e-

453 1326 539 1352 ctum
559 1318 778 1362 praesentium
804 1318 969 1350 dumtaxat
985 1327 1186 1360 consequen-

453 1373 537 1412 dum,
554 1372 667 1404 harum
686 1371 769 1403 serie
796 1371 1001 1403 absolventes
1015 1376 1045 1402 et
1059 1370 1186 1403 absolu-

453 1431 518 1457 tum
535 1425 601 1457 sore
619 1429 799 1463 censentes,
820 1423 1005 1456 huiusmodi
1024 1424 1186 1467 supplica-

452 1477 594 1510 tionibus
605 1476 764 1515 inclinati,
779 1475 1036 1519 quiluiscumque
1048 1475 1186 1518 Congre-

451 1529 588 1572 gationis
608 1529 771 1572 praefatae
787 1528 992 1571 presbyteris,
1009 1528 1061 1571 qui
1080 1533 1184 1560 tamen

451 1583 483 1615 in
509 1581 710 1615 dioecesibus
741 1581 795 1613 ubi
822 1581 962 1613 residere
988 1581 1076 1613 soliti
1101 1581 1184 1622 sint,

451 1646 506 1668 seu
532 1635 618 1667 unde
645 1635 869 1674 discesserint,
900 1635 938 1666 ad
964 1634 1185 1667 consessiones

450 1688 626 1720 audiendas
650 1687 819 1730 approbati
847 1687 1060 1730 reperiantur,
1080 1692 1114 1719 ut
1137 1699 1185 1719 sa-

451 1741 667 1773 cramentales
686 1740 869 1783 quorumvis
884 1740 1020 1772 aliorum
1041 1740 1184 1772 eiusdem

450 1792 717 1835 Congregationis
743 1794 806 1824 una
831 1803 905 1824 eum
935 1792 1014 1834 ipsis
1040 1792 1102 1824 iter
1125 1803 1183 1835 pro

450 1851 596 1888 tempore
623 1845 787 1887 agentium
809 1845 1036 1885 consessiones,
1057 1845 1183 1878 tametsi

450 1898 561 1931 inillis
576 1898 788 1939 dioecesibus,
808 1899 840 1931 in
856 1898 971 1941 quibus
986 1899 1046 1931 iter
1059 1900 1183 1941 agendo

450 1951 682 1993 reperirentur,
705 1951 874 1994 approbati
893 1962 956 1984 non
984 1952 1113 1992 suerint,
1132 1962 1184 1984 au-

451 2003 532 2044 dire,
550 2004 687 2046 illosque
706 2014 723 2035 a
740 2004 882 2046 peccatis
902 2003 967 2036 suis
985 2004 1183 2046 poenitentia

449 2056 590 2096 salutari,
605 2062 636 2088 et
653 2056 734 2096 aliis,
750 2067 831 2098 quae
844 2057 963 2089 suerint
977 2056 1182 2099 iniungenda,

450 2109 496 2141 eis
522 2109 681 2149 iniunctis,
711 2109 879 2142 absolvere
905 2110 1018 2149 libere,
1039 2110 1125 2143 licite
1151 2116 1181 2143 et

449 2162 553 2195 valide
568 2162 700 2204 possint,
720 2162 911 2195 auctoritate
927 2163 1115 2205 apostolica,
1137 2168 1183 2195 te-

448 2225 527 2248 nore
547 2214 774 2257 praesentium,
801 2215 1008 2247 concedimus
1026 2221 1058 2247 et
1077 2215 1183 2249 indul-

449 2278 572 2310 genius.

277 2329 436 2359 racpinsdata
493 2321 506 2358 ‚Q
531 2320 561 2352 b.
590 2320 759 2353 Praeterea
776 2325 955 2353 memorato
974 2320 1096 2353 Renato
1114 2332 1182 2354 mo-

254 2362 551 2411 {35⁹q‘3254‹1i?2'225de1·n0
584 2372 717 2415 eiusque
743 2373 982 2406 successoribus
1007 2374 1182 2417 superiori-

253 2409 507 2458 {‡‡,.⁹A‘',.‘.¹,¹21¹fi.¹l¹c'}gbug
534 2425 738 2467 generalibus
764 2425 1029 2468 Congregationis
1058 2428 1181 2469 praesa-

253 2461 386 2486 ³⁹⁰m⁰¹¹³⁵'
449 2485 507 2518 tae,
522 2489 580 2521 per
593 2488 626 2510 se
641 2480 689 2511 vel
704 2489 763 2521 per
779 2478 858 2511 alios
873 2478 932 2510 sibi
951 2480 1180 2512 subordinatos

447 2532 591 2565 eiusdem
615 2531 883 2573 Congregationis
905 2532 1100 2574 superiores,
1117 2543 1181 2565 cer-

447 2590 515 2618 tum
533 2584 564 2616 in
582 2594 776 2627 unaquaque
794 2583 894 2627 ipsius
914 2584 1181 2627 Cougregationis

447 2639 542 2673 domo
567 2637 678 2680 (prout
702 2637 853 2681 expedire
878 2636 910 2670 in
935 2637 1071 2671 Domino
1099 2637 1181 2672 iudi-

287 861 366 880 Summi
382 864 404 882 ut
424 861 443 881 iu

260 888 319 908 fuir-i
334 893 354 909 Δ.

1028 272 1204 296 arturum
1229 262 1379 297 noussen

1974 273 2022 300 An.
2039 273 2068 301 C.
2090 274 2153 302 ¹671

1230 320 1386 363 caverint)
1401 331 1570 354 numerum
1588 320 1964 366 p1·esbyteroriini⁴dictae

1231 371 1506 415 Congregationis,
1532 374 1726 417 integritate,
1752 374 1883 418 pietate,
1909 375 1965 408 do-

1231 425 1331 458 ctrina
1356 431 1388 458 et
1410 426 1584 469 prudentia
1614 427 1883 470 conspicuomm,
1902 427 1965 470 qui,

1232 476 1405 510 dummodo
1426 477 1464 510 ab
1478 478 1654 511 Ordinariis
1671 479 1815 512 locorum
1833 479 1873 512 ad
1891 490 1968 512 con—

1231 529 1389 562 sessiones
1414 530 1592 563 audiendas
1624 531 1794 574 approbati
1820 531 1964 573 suerint,

1231 581 1355 614 litteras
1391 592 1450 625 per
1483 583 1662 625 praefatum
1692 583 1965 618 Poenitentiariae

1233 634 1436 677 Apostolicae
1449 634 1587 667 officinm
1612 646 1671 678 pro
1696 640 1842 679 tempore
1868 648 1966 681 expe-

1232 687 1312 719 ditas
1338 687 1474 730 aperire,
1493 697 1529 720 ac
1550 687 1629 728 illas,
1644 691 1771 721 servata
1794 690 1963 733 ceteroqui

1231 750 1341 772 earum
1369 739 1470 772 forma
1488 744 1520 772 et
1543 740 1768 783 dispositione,
1788 742 1902 785 exequi
1926 742 1964 774 li-

1231 792 1306 825 bere
1327 791 1448 835 pariter
1465 797 1496 824 et
1512 792 1598 825 licite
1618 793 1756 834 valeant,
1770 793 1803 826 in
1816 794 1964 827 omnibus

1231 849 1262 876 et
1285 854 1344 887 per
1368 836 1488 885 omnia,
1514 844 1652 887 perinde
1677 855 1714 877 ao
1738 845 1761 877 si
1786 845 1965 887 magisterii

1230 897 1279 929 vel
1297 897 1483 929 doctoratus
1507 896 1650 939 aliosque
1668 896 1796 938 gradus,
1814 907 1894 940 quos
1911 897 1967 929 ha-

1230 948 1382 981 bentibus
1407 948 1612 981 consessariis
1648 948 1777 981 litterae
1801 948 1890 992 ipsae
1920 949 1967 982 di-

1231 1007 1337 1034 rectae
1365 1001 1505 1041 suerint,
1528 993 1706 1044 suscepisse
1732 1001 1964 1044 reperirentur,

1231 1053 1315 1087 dicta
1340 1053 1532 1087 auctoritate
1558 1054 1748 1096 designandi
1768 1064 1803 1086 ac
1822 1053 1965 1096 eligendi

1231 1111 1263 1139 et
1287 1106 1473 1150 deputandi,
1488 1117 1723 1150 quamcumque
1747 1106 1965 1139 necessariam

1231 1164 1262 1191 et
1287 1164 1503 1202 opportunam
1529 1159 1711 1191 facultatem
1735 1163 1768 1191 et
1790 1158 1964 1199 licentiam,

1230 1211 1419 1244 auctoritate
1445 1216 1476 1244 et
1501 1216 1613 1244 tenore
1637 1211 1824 1254 praedictis,
1850 1221 1966 1244 conce-

1230 1264 1332 1298 dimus
1357 1269 1389 1296 et
1413 1264 1627 1307 impertimur.

1273 1318 1287 1361 ξ
1311 1317 1341 1349 6.
1369 1317 1587 1349 Decernentes
1620 1316 1749 1349 easdem
1775 1321 1964 1360 praesentes
2003 1328 2114 1349 Decretum
2132 1330 2160 1349 ir-

1228 1370 1354 1403 litteras
1380 1380 1511 1413 semper
1525 1368 1779 1409 tirmas,validas
1806 1373 1838 1401 et
1862 1358 2049 1402 efficti-''¹³⁰’'

1229 1434 1282 1456 ces
1309 1424 1445 1456 existere
1471 1428 1503 1455 et
1526 1423 1606 1463 sore,
1634 1433 1774 1466 suosque
1799 1422 1964 1465 plenarios

1229 1481 1260 1509 et
1284 1476 1429 1519 integros
1454 1475 1585 1521 etl'ectus
1609 1475 1715 1508 sortiri
1738 1480 1769 1508 et
1800 1475 1962 1515 obtinere,

1228 1541 1265 1562 ac
1290 1529 1366 1570 illis,
1385 1529 1421 1561 ad
1444 1539 1526 1572 quos
1545 1533 1667 1571 spectat
1685 1534 1717 1561 et
1735 1539 1794 1571 pro
1820 1533 1964 1571 tempore

1228 1582 1499 1626 ‹piandocumque
1520 1581 1689 1624 spectabit,
1706 1581 1739 1613 in
1761 1581 1911 1614 omnibus
1932 1587 1965 1614 et

1228 1645 1286 1677 per
1303 1634 1411 1667 om'nia
1436 1633 1624 1676 plenissime
1641 1632 1807 1676 suffragari
1821 1660 1829 1674 ‚
1851 1633 1964 1677 sicque

1228 1687 1260 1719 in
1288 1686 1475 1730 praemissis
1504 1697 1564 1729 per
1589 1696 1807 1729 quoscumque
1839 1686 1964 1719 iudices

1227 1739 1409 1772 ordinarios
1431 1744 1461 1771 et
1479 1739 1658 1781 delegatos,
1673 1738 1765 1771 etiam
1792 1749 1961 1771 causarum

1226 1793 1336 1836 palatii
1369 1792 1538 1835 apostolici
1569 1792 1741 1831 auditores,
1768 1791 1903 1824 iudicari
1929 1797 1962 1824 et

1227 1844 1353 1877 deliniri
1380 1845 1497 1877 debere
1514 1871 1521 1884 ,
1548 1855 1583 1876 ac
1606 1844 1734 1876 irritum
1759 1848 1790 1876 et
1814 1844 1911 1876 inane
1936 1844 1962 1875 si

1227 1908 1319 1930 secus
1345 1908 1444 1940 super
1469 1897 1519 1929 his
1538 1907 1743 1940 aquoquarn,
1772 1896 1881 1939 quavis
1907 1907 1962 1928 au-

1227 1951 1385 1990 ctoritate,
1410 1950 1548 1983 scienter
1564 1951 1613 1982 vel
1635 1950 1834 1991 ignoranter,
1860 1948 1963 1982 conti-

1227 2004 1309 2047 gerit
1333 2003 1496 2036 attentari.

1268 2057 1327 2100 57.
1347 2056 1415 2089 Non
1432 2055 1635 2088 obstantibus
1659 2055 1855 2098 apostolicis,
1875 2066 1910 2088 ac
1928 2055 2089 2110 intraqffiozat
2104 2069 2155 2084 con-

1225 2108 1788 2151 universalibusprovincialibusque
1814 2114 1846 2141 et
1869 2119 1961 2152 syno-
2044 2105 2048 2110 ’

1226 2162 1351 2195 dalibus
1373 2161 1519 2194 conciliis
1544 2161 1657 2198 editis,
1677 2161 1886 2204 generalibus
1911 2162 1961 2194 vel

1225 2213 1430 2257 specialibus,
1441 2213 1724 2246 constitutionibus
1738 2219 1769 2246 et
1783 2214 1961 2247 ordinatio-

1225 2267 1329 2307 nibus,
1350 2266 1528 2309 ceterisque
1558 2267 1726 2299 contrariis
1758 2267 1961 2309 quibuscum-

1225 2331 1298 2363 que.

1268 2374 1282 2416 ξ
1306 2372 1336 2405 8.
1364 2373 1517 2405 Volumus
1533 2377 1639 2405 autem
1657 2378 1691 2405 ut.
1707 2373 1849 2416 ipsarum
1866 2379 2154 2427 p1·ae-mn''srffi=;;¹mp¹⁰-

1225 2426 1363 2458 sentium
1401 2426 1583 2458 litterarum
1624 2427 1834 2469 transumptis
1853 2453 1860 2466 ‚
1903 2437 1956 2459 scu
2083 2422 2088 2428 ’

1224 2478 1387 2522 exemplis,
1407 2478 1500 2511 etiam
1520 2479 1695 2522 impressis,
1709 2490 1804 2511 manu
1824 2479 1958 2512 alieuius

1224 2531 1339 2564 notarii
1357 2531 1477 2574 publici
1493 2533 1542 2564 vel
1568 2532 1735 2565 secretarii
1761 2532 1864 2565 dictae
1881 2532 1960 2565 Cou-

1224 2584 1422 2627 gregationis
1448 2585 1647 2629 subscriptis,
1666 2590 1697 2618 et
1714 2585 1821 2628 sigillo
1845 2596 1960 2628 perso-

1224 2649 1283 2672 nae
1303 2638 1336 2671 in
1354 2638 1573 2672 ecclesiastica
1587 2638 1743 2683 dignitate
1769 2638 1959 2672 constitutae
