2279 3260
144 237 193 262 An.
211 235 240 262 C.
263 235 332 263 1670

334 284 552 327 apostolorum
578 282 646 316 eius
672 283 861 324 auctoritate
886 283 1006 319 contisi,
1033 294 1068 314 ex

332 338 388 370 illa
422 337 542 379 ligandi
580 342 674 379 atque
707 337 850 369 solvendi
888 341 1067 379 potestate,

332 400 426 431 quam
444 388 536 421 nobis
554 388 719 429 Dominus,
739 388 813 421 licet
830 388 981 430 indignis,
1000 399 1070 420 con-

333 442 414 482 tulit,
439 441 595 474 universis
621 446 653 474 et
677 441 812 483 singulis
839 442 1004 484 utriusque
1023 452 1071 473 se-

331 505 388 527 xus
413 493 679 527 christifideliluis
700 494 731 526 iu
753 495 836 526 alma
859 494 941 526 Urbe
962 496 1069 526 nostra
1090 498 1092 523 :

333 546 546 589 degentibus,
581 546 635 589 qui
673 546 811 579 solemni
845 545 1065 588 processioni,

332 611 427 642 quam
447 599 526 631 seria
541 601 653 642 quarta
667 599 825 631 currentis
845 599 1067 631 helnlomadae

331 653 370 684 ab
381 652 517 685 ecclesia
529 652 559 684 S.
578 652 694 684 Mariae
710 653 907 695 Angelorum
920 651 949 683 in
969 652 1069 683 Ther·
1089 643 1091 653 ⁴

330 705 390 736 inis
412 705 451 736 ad
476 704 643 736 basilicam
663 704 693 736 S.
714 702 829 736 Mariae
845 704 972 736 Maioris
992 714 1069 735 nun-
1089 737 1090 751 ,

330 762 479 800 cupatam
499 757 537 789 de
563 758 675 789 eadem
694 757 786 797 Urbe,
805 759 867 789 una
886 767 957 788 cum
975 767 1069 787 vene-

331 810 486 842 rabilibus
513 809 663 841 fratribus
688 809 808 841 nostris
825 809 855 841 S.
885 809 921 840 R.
949 808 982 840 E.
1003 819 1070 840 car-

329 863 506 902 dinalibus,
531 872 657 894 necnon
684 861 888 904 patriarchis,
915 861 1069 904 archicpi-

329 916 436 958 scopis
467 920 498 947 et
531 914 713 958 episcopis,
743 925 824 957 quos
857 914 888 946 iu
924 915 1068 946 Romana

329 969 416 1000 curia
440 968 551 1000 adesse
570 967 749 1009 contigerit,
765 977 800 999 ac
814 966 1066 1000 christianorum

329 1030 441 1062 regum
459 1025 491 1052 et
506 1019 689 1063 principum
707 1019 890 1052 oratoribus
904 1020 988 1062 apud
1008 1029 1066 1051 nos

329 1072 548 1112 existentibus,
567 1071 720 1115 praelatis
739 1082 867 1114 quoque
893 1077 925 1103 et
949 1071 1068 1104 officia-

328 1125 413 1158 libus
440 1125 584 1157 eiusdem
609 1125 729 1164 curiae,
747 1124 961 1167 universoque
980 1125 1067 1157 clero

329 1183 360 1210 et
391 1179 526 1220 populo,
561 1177 774 1210 benedicente
808 1177 961 1217 Domino,
994 1187 1068 1219 age-

327 1239 407 1270 mus,
427 1230 541 1263 devote
567 1229 794 1269 interfuerint,
822 1229 870 1262 vel
888 1229 917 1261 S.
938 1229 1067 1261 loannis

328 1282 360 1314 in
386 1282 565 1322 Laterano,
591 1282 747 1325 Principis
773 1283 1003 1324 Apostolorum
1037 1288 1068 1315 et

327 1334 359 1367 S.
388 1334 504 1367 Maiae
530 1335 656 1367 Maioris
689 1334 844 1367 ecelesias
879 1345 933 1367 seu
961 1336 1068 1367 basili-

327 1397 389 1426 cas,
420 1388 467 1419 vel
494 1398 605 1420 earum
635 1387 793 1430 aliquam,
820 1388 907 1419 intra
929 1388 1066 1430 spatium

328 1440 473 1472 eiusdem
497 1441 545 1472 vel
571 1440 718 1483 proxime
739 1439 967 1483 subsequentis
991 1441 1068 1473 heb-

328 1493 494 1532 domadae
511 1494 625 1525 saltem
651 1494 753 1525 semel
779 1493 987 1530 visitaverint,
1010 1493 1068 1526 ibi—

328 1556 391 1588 que
417 1556 475 1588 per
499 1545 631 1588 aliquod
657 1546 813 1589 temporis
836 1546 983 1596 ¹spatium
1015 1547 1068 1579 de-

327 1603 413 1638 vote,
427 1604 462 1630 ut
478 1609 584 1641 supra,
598 1598 697 1631 Deum
715 1598 887 1639 oraverint,
904 1609 940 1631 ac
955 1603 1067 1642 quarta

328 1656 357 1682 et
371 1653 459 1683 sexta
476 1650 556 1683 seria
572 1661 608 1683 ac
621 1651 756 1683 sabbato
771 1651 906 1683 alterius
925 1662 960 1684 ex
977 1663 1067 1695 prae-

327 1703 400 1736 fatis
426 1704 638 1737 hebdomadis
669 1704 906 1745 ieiunaverint‚
933 1710 964 1737 et
995 1716 1068 1748 pec—

328 1760 399 1788 cata
423 1766 479 1789 sua
508 1757 648 1789 confessi
680 1757 915 1790 sanctissimum
945 1758 1068 1790 Eucha-

327 1808 436 1841 ristiae
472 1814 708 1842 sacramentum
744 1810 777 1841 in
815 1810 976 1842 dominica
1015 1811 1066 1843 die

327 1861 513 1895 immediate
541 1862 691 1905 sequenti
722 1863 773 1895 vel
807 1863 868 1896 alia
900 1862 950 1895 die
983 1863 1067 1895 intra

329 1916 477 1948 eamdem
506 1915 745 1948 hebdomadam
772 1921 960 1948 reverenter
984 1927 1068 1948 sum-

327 1968 463 2011 pserint,
484 1979 520 2001 ac
544 1968 742 2011 pauperibus
767 1969 909 2011 aliquam
929 1970 1068 2002 eleemo-

327 2031 448 2063 synam,
463 2026 561 2063 prout
578 2021 750 2063 unicuique
766 2022 1065 2063 suggeretdevotio,

329 2073 552 2116 erogaverint;
579 2073 696 2106 ceteris
720 2085 796 2107 vero
829 2080 918 2107 extra
947 2075 1066 2108 Urbem

327 2127 529 2169 praedictam
552 2127 749 2170 ubicumque
776 2127 991 2169 degentibus,
1014 2128 1067 2171 qui

329 2180 482 2212 ecclesias
509 2180 547 2212 ab
572 2180 751 2212 Ordinariis
777 2181 921 2213 locorum
946 2182 996 2214 vel
1015 2192 1068 2214 eo-

328 2242 400 2264 rum
423 2231 550 2265 vicariis
575 2242 630 2264 seu
655 2232 853 2273 officialibus,
873 2238 926 2265 aut
950 2234 988 2266 de
1016 2245 1068 2266 eo-

327 2294 398 2316 rum
413 2284 574 2324 mandato,
598 2289 637 2325 et,
653 2284 731 2327 ipsis
757 2284 992 2326 deficientibus,
1009 2297 1068 2329 per

330 2347 387 2370 eos
413 2337 467 2380 qni
491 2338 535 2370 ihi
560 2348 669 2370 curam
695 2339 873 2371 animarum
899 2345 1063 2380 exercent,

330 2395 501 2433 postquam
515 2391 553 2423 ad
567 2401 680 2423 eorum
695 2391 841 2424 notitiam
860 2392 921 2424 liae
939 2397 1065 2425 nostrae

330 2442 559 2485 pervenerint,
587 2443 821 2486 desigiiansla5‚
841 2446 889 2477 vel
915 2445 1067 2478 ecclesia-

326 2506 402 2537 rum
429 2495 615 2529 huiusmodi
640 2498 788 2537 alteram,
808 2497 913 2541 spatio
931 2498 1066 2530 duarum

330 2548 479 2582 similiter
502 2549 781 2582 hebdomadarum
805 2561 823 2582 a
846 2550 1065 2593 publicatione

963 235 1105 259 CLEMENS
1128 235 1146 258 Χ

330 2602 574 2646 designationis,
596 2613 654 2647 per
669 2602 866 2646 Ordinarios,
886 2605 936 2637 vel
955 2615 1065 2637 eorum

1172 236 1219 259 PP.

1113 283 1248 316 vicarios
1268 294 1324 316 seu
1343 284 1506 324 orm-iales,
1525 285 1573 317 vel
1599 285 1688 325 alios,
1704 289 1739 316 ut
1755 294 1848 327 prae—

1114 336 1224 376 fertur,
1250 337 1424 375 faciendae,
1452 337 1708 376 ‹let-ursurarum,
1736 336 1848 368 saltem

1113 389 1211 421 semel
1237 388 1444 429 visitaverint,
1465 389 1573 431 ibique
1599 394 1632 420 ut
1657 400 1754 431 supra
1779 399 1851 422 ora-

1113 441 1226 481 verint,
1246 447 1277 473 et
1306 444 1417 484 quarta
1444 447 1471 474 et
1503 444 1591 474 sexta
1617 442 1695 473 seria
1721 452 1755 473 ac
1778 441 1851 474 sab-

1112 494 1187 526 bato
1213 494 1347 526 alterius
1370 505 1404 526 ex
1433 494 1646 526 hebdomadis
1666 494 1850 526 huiusmodi

1112 546 1337 586 ieiunaveriut‚
1355 547 1542 590 pariterque
1562 552 1693 589 1100011111
1706 558 1762 578 sua
1780 557 1852 579 con-

1090 596 1196 639 ¹sessi,
1223 611 1257 631 ac
1283 599 1313 631 in
1341 599 1391 631 die
1419 599 1580 631 dominica
1597 599 1783 630 immediate
1802 609 1852 631 se-

1112 652 1233 693 quenti,
1252 653 1301 684 vel
1319 651 1380 684 alia
1402 652 1451 683 dic
1470 652 1552 683 intra
1572 651 1716 683 eamdem
1732 651 1852 683 hebdo-

1111 705 1235 736 mada—m
1261 704 1459 736 sanctissima
1484 703 1711 736 communione
1740 703 1850 735 resecti

1112 757 1239 796 suerint,
1266 763 1296 789 et
1320 757 1518 800 pauperibus
1545 758 1683 800 aliquam
1711 757 1851 789 eleemo-

1111 819 1228 851 synam,
1247 814 1281 840 ut,
1304 809 1532 852 praemittitur,
1552 810 1765 851 erogaverint,
1785 810 1851 852 ple-

1112 861 1275 893 nissimam
1309 861 1451 894 omnium
1485 867 1693 904 peccatorum
1719 872 1850 893 suorum

1111 914 1346 955 indulgentiam
1372 919 1403 945 et
1426 914 1673 953 remissionem,
1706 914 1788 946 sicut
1818 914 1851 946 in

1112 977 1195 999 anno
1222 966 1353 998 iubilaei
1379 966 1582 998 visitantibus
1617 971 1721 999 certas
1747 968 1852 999 eecle—

1111 1019 1172 1051 sias
1206 1018 1290 1051 iutra
1322 1023 1353 1051 et
1387 1023 1476 1051 extra
1504 1018 1621 1051 Urbem
1652 1019 1851 1062 praedictam

1111 1071 1244 1104 concedi
1269 1071 1456 1111 consuevit,
1482 1076 1596 1104 tenore
1629 1072 1850 1114 praesentium

1111 1123 1318 1157 concedimus
1343 1129 1375 1156 ct
1400 1125 1586 1166 elargimur.

1155 1176 1169 1218 ἓ
1194 1176 1224 1208 9,.
1252 1176 1444 1218 Navigantes
1468 1187 1543 1209 vero
1562 1182 1593 1209 et
1620 1176 1682 1209 iter
1700 1181 1846 1219 agentes,

1110 1235 1145 1262 ut
1169 1240 1239 1261 cum
1263 1229 1402 1272 primum
1427 1230 1465 1262 ad
1499 1240 1556 1262 sua
1587 1240 1659 1262 sese
1685 1229 1850 1262 domicilia

1110 1283 1304 1326 receperint,
1331 1283 1560 1326 suprascriptis
1585 1283 1737 1327 peractiS,
1758 1288 1789 1316 et
1810 1283 1850 1317 vi-

1111 1336 1205 1368 sitata
1230 1336 1365 1369 ecclesia
1383 1336 1571 1376 cathedrali,
1590 1337 1640 1369 vel
1662 1337 1775 1369 maiori
1797 1342 1851 1369 aut

1111 1389 1290 1431 parochiali
1309 1389 1371 1421 loci
1391 1400 1501 1422 eorum
1516 1389 1684 1429 domicilii,
1703 1389 1850 1422 eamdem

1111 1441 1348 1484 indulgentiam
1363 1442 1516 1485 consequi
1528 1442 1656 1485 possint
1668 1443 1848 1481 etvaleant·‚

1110 1494 1314 1537 regularibus
1331 1500 1435 1527 autem
1454 1495 1603 1538 personis
1621 1495 1787 1538 utriusque
1806 1505 1851 1527 se-

1111 1557 1178 1585 xus,
1205 1547 1301 1579 etiam
1328 1547 1359 1579 in
1384 1547 1530 1580 claustris
1554 1552 1716 1590 perpetuo
1735 1547 1851 1589 degen-

1112 1599 1218 1641 tibus,
1246 1610 1372 1632 necnon
1406 1600 1477 1632 aliis
1502 1600 1760 1643 quibuscumque
1787 1604 1850 1632 tam

1111 1652 1201 1684 laicis
1228 1662 1324 1695 quam
1349 1652 1600 1693 ecclesiasticis,
1627 1652 1849 1685 saecularibus

1112 1703 1216 1748 quam'
1242 1704 1460 1747 regularibus,
1483 1705 1578 1737 etiam
1596 1704 1627 1736 in
1649 1715 1776 1737 carcere
1795 1709 1851 1737 aut

1111 1757 1293 1800 captivitate
1319 1757 1540 1797 existentibus,
1565 1759 1616 1790 vel
1646 1758 1754 1800 aliqua
1779 1767 1851 1790 cor-

1111 1810 1198 1853 poris
1217 1809 1402 1842 infirmitate
1417 1820 1473 1842 seu
1492 1809 1555 1842 alio
1571 1820 1774 1853 quocumque
1792 1809 1851 1842 im—

1111 1863 1301 1906 pedimento
1321 1862 1470 1902 detentis,
1494 1862 1547 1905 qui
1570 1873 1669 1906 supra
1694 1873 1850 1905 expressa

1111 1917 1159 1949 rel
1185 1926 1296 1948 eorum
1324 1916 1431 1959 aliqua
1449 1922 1614 1958 praestare
1633 1915 1849 1959 nequiverint,

1111 1974 1146 2001 ut
1162 1970 1217 2002 illa
1238 1969 1463 2009 confessarius,
1483 1979 1519 2001 ex
1538 1969 1599 2001 iam
1626 1968 1814 2012 approbatis
1832 1979 1850 2000 a

1111 2024 1258 2055 locorum
1274 2022 1453 2055 Ordinariis
1469 2027 1543 2054 ante
1557 2022 1776 2066 praesentium
1796 2032 1849 2064 pu-

1110 2075 1326 2117 blicationem,
1345 2086 1402 2107 seu
1421 2075 1652 2118 approbandis,
1674 2074 1719 2107 eis
1737 2074 1769 2106 in
1788 2074 1850 2106 alia

1111 2128 1240 2171 pietatis
1265 2138 1364 2170 opera
1389 2133 1606 2167 commutare,
1631 2128 1679 2160 vel
1705 2128 1737 2159 in
1761 2127 1848 2159 aliud

1110 2181 1291 2224 proximum
1319 2186 1446 2224 tempus
1467 2190 1642 2223 prorogare
1661 2177 1774 2222 possit,
1797 2189 1849 2212 ea-

1112 2245 1173 2277 que
1198 2233 1376 2275 iniungere,
1397 2244 1479 2276 quae
1497 2233 1557 2276 ipsi
1579 2232 1785 2276 poenitentes
1804 2232 1850 2264 es-

1111 2286 1204 2319 ficere
1228 2292 1404 2330 poterunt,
1431 2286 1554 2329 pariter
1585 2286 1792 2319 concedimus
1818 2289 1850 2317 et

1110 2340 1327 2382 indulgemus.

1153 2393 1167 2435 ἓ
1187 2392 1218 2426 3.
1238 2393 1375 2436 Insuper
1392 2393 1541 2425 omnibus
1563 2398 1593 2425 et
1610 2391 1748 2434 singulis
1763 2388 1848 2424 chri-

1110 2446 1305 2478 stifidelibus
1334 2445 1504 2488 utriusque
1533 2456 1642 2484 sexus,
1670 2450 1733 2476 tam
1758 2444 1847 2476 laicls

1110 2509 1204 2541 quam
1219 2497 1453 2539 ecclesiasticis,
1469 2497 1688 2530 saecularibus
1708 2502 1740 2529 et
1757 2507 1848 2539 regu·

1146 2615 1155 2640 1
1175 2612 1268 2650 Aptius
1279 2612 1321 2640 ed.
1334 2613 1441 2640 Cherub
1454 2592 1527 2648 *tegit
1538 2613 1579 2639 rel
1592 2620 1638 2648 pro
1654 2620 1740 2647 quam
1752 2611 1843 2648 (nm).

1768 225 1810 260 53
1855 235 1904 262 An.
1921 235 1949 262 c.
1972 232 2039 261 utto

1897 1186 1993 1205 nummio
2017 1185 2043 1206 ad

1863 1214 1981 1237 impeditos,

1885 2394 1981 2417 Libui-tn<
2005 2394 2042 2417 ett-

1824 2443 1829 2448 ,
1859 2424 1919 2449 gemb
1935 2424 2042 2443 consuma-

1860 2451 1918 2471 rium.
