2279 3260
143 330 193 357 An.
215 331 246 358 C.
265 332 326 358 1671

154 969 263 990 {enumera
272 971 324 991 mul·

141 996 208 1025 tnu·to
223 997 250 1016 ad
275 1003 324 1026 exe-

141 1027 203 1047 quias
218 1026 323 1044 comenti-

967 333 1108 357 ornan-:NS
1131 334 1147 355 X
1173 333 1220 356 1³1³.

336 380 473 413 Mirabili
504 391 662 413 consensu
694 385 726 413 et
757 382 885 414 occulto
918 380 1072 413 instinctu

335 433 474 466 maxima
498 433 663 466 bominum
687 434 858 466 multitudo
876 434 1073 466 clarescente

335 485 397 517 iarn
430 485 480 517 die
512 485 657 528 implevit
689 486 869 528 quaestoris
905 486 1071 529 palatium.

335 537 529 570 Confessarii
565 549 671 571 coram
702 539 820 571 feretro
849 538 881 570 in
910 550 1002 571 voces
1027 538 1075 570 in-

335 589 500 622 bilationis
526 595 557 622 et
585 590 851 623 benedictionum
878 595 1073 633 eruperunt,

339 647 489 675 testantes
521 642 643 675 cunctis
677 643 903 685 baptismalem
939 642 1074 685 gratiam

337 695 424 727 nulla
447 705 591 738 unquam
616 695 727 727 lethali
754 697 837 727 noxa
859 695 897 727 ab
915 697 951 727 ea
976 695 1075 727 inter-

335 752 487 789 punctam
513 747 621 787 fnisse,
642 748 699 780 sed
720 747 957 779 immaculatam
978 746 1074 778 totins

333 800 416 832 vitae
450 799 668 832 innocentiam
704 805 735 832 et
763 799 898 842 virginei
925 799 1073 832 candoris

334 851 515 884 infantilem
525 852 697 895 puritatem
708 853 807 892 caelo,
821 852 859 884 ad
871 852 1072 894 sequendum

335 905 461 947 Agnnm
480 915 686 947 quocumque
703 904 787 944 ierit,
812 904 972 936 intulisse.

379 957 394 1000 ἓ
419 957 472 989 45.
490 957 536 989 Ad
562 957 723 999 exequias,
739 958 867 999 vulgata
892 957 954 988 iam
980 955 1071 995 fama,

333 1009 578 1042 innumerabilis
604 1010 773 1053 utriusque
799 1009 992 1042 conditionis
1017 1009 1076 1041 bo-

334 1061 458 1094 minum
481 1062 655 1095 multitudo
676 1062 834 1102 convenit,
851 1067 882 1094 et
899 1061 951 1105 pia
970 1061 1074 1094 vario-

335 1125 406 1147 rum
430 1114 598 1147 titulorum
625 1115 775 1148 sodalitia
800 1120 916 1158 sponte
943 1119 975 1147 et
999 1114 1074 1146 reli-

335 1166 502 1209 giosorum
519 1167 771 1200 Mendicantinm
786 1167 924 1200 Ordines
942 1177 1074 1209 proces-

336 1230 424 1260 sere;
441 1231 514 1253 mox
534 1225 565 1252 et
581 1220 871 1263 metropolitanum
897 1219 1073 1262 collegium

336 1278 368 1305 et
392 1273 501 1315 regius
526 1276 656 1305 senatus
687 1283 759 1305 eum
784 1273 932 1305 omnibus
957 1273 1074 1314 magis-

338 1325 487 1357 tratibus.
513 1324 646 1358 Sacrum
671 1335 788 1368 eorpus
810 1325 1008 1364 deferebant,
1027 1324 1074 1356 in-

336 1383 427 1411 sueto
452 1378 594 1418 honore,
622 1378 778 1410 ecclesiae
804 1378 999 1410 cathedralis
1025 1388 1075 1410 ca-

336 1431 467 1472 nonici,
493 1431 745 1463 suceedentibus
778 1430 811 1462 in
847 1431 909 1463 hoc
940 1440 1074 1463 munere

337 1484 485 1517 certatim
518 1484 716 1527 religionum
757 1483 992 1527 superioribus.
1028 1483 1075 1515 Ad

338 1536 491 1569 ecclesiae
515 1538 619 1570 valvas
638 1537 722 1569 visus
740 1542 789 1569 est
812 1538 917 1569 vultus
940 1536 1074 1579 virginis

337 1589 492 1622 vividiore
517 1594 548 1622 et
578 1589 760 1622 venustiore
786 1590 895 1621 colore
921 1589 1073 1629 rutilare,

338 1647 374 1674 nt
397 1642 492 1674 etiam
521 1642 560 1674 de
592 1642 653 1674 hac
677 1642 798 1674 dictum
823 1652 840 1673 a
864 1641 989 1674 Christo
1016 1642 1076 1674 Do-

338 1695 427 1727 mino
449 1699 640 1737 appareret:
658 1694 730 1726 Non
751 1698 795 1726 est
813 1698 937 1726 mortua
949 1694 1074 1737 puella,

339 1747 392 1779 sed
416 1746 548 1779 dormit.
577 1746 683 1779 Visum
701 1753 749 1779 est
769 1747 863 1779 etiam
889 1757 906 1779 a
929 1746 1077 1789 plurimis

339 1799 545 1831 simulacrum
562 1799 718 1842 Deiparae
736 1800 789 1833 SS.
811 1800 935 1832 Itos-arii
961 1801 1031 1832 lnce
1047 1805 1079 1832 et

339 1852 567 1895 splendoribus
603 1862 781 1885 eoruscare.
820 1852 887 1890 Quo
918 1854 1076 1895 evulgato,

340 1906 452 1948 plures
477 1904 531 1937 alii
556 1904 774 1945 advenientes,
801 1905 986 1948 prodigium
1012 1916 1078 1938 non

340 1959 443 1991 solum
469 1957 606 1998 eminus,
632 1958 690 1990 sed
720 1958 815 1990 etiam
851 1958 997 1990 cominus
1034 1959 1079 1991 sie

340 2022 375 2044 se
393 2011 514 2044 habere
529 2016 783 2054 conspexerunt.
804 2011 956 2044 Certatim
975 2012 1079 2044 omnis

341 2069 429 2097 aetas
454 2069 486 2097 et
508 2074 600 2096 sexus
625 2064 764 2104 coronis,
789 2064 930 2104 rosariis,
950 2070 981 2097 et
1004 2076 1080 2107 qna-

341 2127 476 2161 cumque
502 2127 536 2149 re
562 2117 675 2150 devota
704 2128 784 2160 qnae
810 2118 849 2150 ad
875 2129 987 2150 manus
1006 2119 1081 2150 fnis-

341 2176 398 2211 set,
413 2181 538 2203 sacrum
556 2180 671 2213 corpus
689 2171 876 2213 contingere
892 2172 1081 2214 supplicitcn·

341 2224 530 2257 conabatur.
546 2223 732 2256 Resonabat
750 2224 963 2267 undequaque
979 2226 1081 2257 eccle-

342 2276 388 2309 sia
404 2277 496 2309 valde
515 2277 621 2319 ampla
639 2277 798 2309 continuis
820 2277 949 2309 vocibus
964 2278 1086 2309 Rosam

342 2330 466 2362 beatam
485 2334 516 2361 et
532 2334 676 2361 sanctam
701 2330 958 2371 acclamantilnis,
978 2331 1081 2363 donec

343 2383 526 2426 sepulturae
545 2381 724 2424 ¹pretiosum
746 2383 926 2425 depositum
949 2385 1081 2416 manda-

344 2442 409 2469 tum
427 2436 494 2468 fuit.
515 2436 590 2468 Post
608 2447 698 2479 quae,
713 2443 878 2470 crescente
895 2438 1009 2470 devota
1029 2450 1080 2481 po-

343 2489 411 2533 puli
429 2489 611 2532 frequentia
629 2489 669 2521 ob
685 2489 800 2522 eximia
814 2491 1018 2524 curationum
1030 2492 1081 2524 bc-

344 2541 460 2574 neticia
478 2552 560 2584 qnae
581 2541 613 2573 in
640 2542 708 2574 dies
733 2543 1003 2584 crebrescebant,
1031 2556 1081 2577 so-

343 2594 517 2628 lemniores
545 2594 700 2638 exequiae
725 2596 905 2629 celebratae
930 2597 1077 2637 fuerunt,

343 2649 458 2691 quibus
484 2659 598 2691 prorex
617 2654 649 2680 et
673 2650 774 2681 maior
796 2651 969 2683 multitudo
988 2651 1081 2684 inter-

343 2702 402 2734 fuit
428 2701 546 2734 festivis
567 2702 773 2744 applausibus
791 2709 821 2735 et
846 2704 992 2746 publicae
1018 2706 1080 2737 lae-

429 2766 506 2792 Bau.
531 2765 612 2791 Rom.
629 2781 662 2784 —
683 2766 742 2792 Vol.
761 2766 867 2795 Xt'lll.
1016 2766 1048 2794 27

1756 323 1819 356 ⁶209
1866 331 1915 357 Λη.
1933 330 1963 357 c.
1985 330 2044 356 1671

1117 379 1203 412 titiae
1217 379 1327 421 signis,
1345 384 1406 412 tam
1420 379 1534 413 incolis
1550 390 1644 423 qnam
1660 381 1787 413 adveni<
1803 391 1855 412 no-

1118 442 1173 464 vae
1199 433 1362 464 caelorum
1388 432 1445 464 civi
1471 432 1731 463 aeclan‘iantibns.
1754 432 1852 465 Panlo

1117 489 1200 527 post,
1221 483 1451 517 instantissime
1474 484 1712 527 postulantibus
1737 484 1855 527 prima-

1103 537 1203 569 'tibns
1219 537 1365 577 civitatis,
1381 547 1506 569 sacrum
1525 537 1603 569 illud
1619 547 1750 579 corpus,
1766 536 1799 568 in
1813 537 1855 569 lo-

1117 600 1189 622 enm
1203 590 1418 622 celebriorem
1436 589 1704 629 transferendtnn,
1721 589 1854 621 decreto

1117 641 1353 685 archiepiscopi
1374 642 1529 675 Limensis
1547 646 1732 681 extractum,
1748 641 1856 673 inven-

1118 699 1183 726 tum
1214 694 1273 726 snit
1302 695 1502 738 corruptioni
1534 705 1598 727 non
1630 692 1854 732 subiacnisse¹,

1117 751 1148 779 et
1172 757 1273 789 aeque
1299 758 1336 780 ex
1353 758 1392 779 eo
1410 748 1581 780 caelestem
1605 746 1695 779 illum
1720 747 1855 779 odorem

1117 799 1270 841 prodire,
1297 800 1567 842 quemadmodum
1593 799 1721 842 quaudo
1748 798 1855 841 primo

1117 851 1296 894 repositum
1320 852 1388 884 fuit.
1413 852 1447 884 In
1468 852 1528 884 hac
1553 851 1740 884 celebritate
1759 861 1854 883 nemo

1117 910 1195 943 erat,
1222 915 1317 947 quem
1336 905 1394 937 snb
1419 905 1554 947 virginei
1581 905 1744 938 cadaveris
1764 915 1856 947 prae-

1116 956 1218 988 sentia
1234 967 1348 989 recens
1370 962 1534 999 gestorum
1552 956 1706 989 memoria
1731 957 1856 988 medul-

1115 1009 1190 1041 litus
1216 1020 1279 1042 non
1298 1015 1550 1052 compungerer,
1569 1009 1678 1042 multis
1698 1010 1855 1051 lacrymae

1116 1062 1297 1095 devotionis
1318 1063 1470 1103 fluebant,
1490 1073 1609 1095 nomen
1629 1062 1732 1105 ipsum
1754 1062 1855 1094 Rosae

1116 1115 1156 1147 ab
1174 1115 1324 1148 omnibus
1341 1120 1454 1158 aperto
1476 1115 1676 1148 reverentiae
1694 1115 1787 1157 signo
1808 1124 1857 1146 re-

1116 1167 1307 1210 cipiebatur.
1327 1167 1517 1210 Depositum
1542 1168 1603 1200 fuit
1627 1166 1855 1200 decentissime

1116 1231 1233 1263 corpus
1258 1231 1275 1253 a
1300 1221 1433 1253 dextera
1456 1231 1529 1252 arae
1552 1219 1705 1259 maioris;
1732 1230 1854 1260 verum,

1117 1272 1158 1305 ob
1182 1272 1346 1315 copiosam
1379 1272 1621 1305 multitudinem
1653 1272 1856 1305 offerentium

1116 1325 1160 1358 ibi
1184 1331 1268 1365 vota,
1282 1325 1363 1358 alius
1381 1326 1470 1358 loeus
1491 1325 1587 1358 sacris
1613 1325 1734 1358 exuviis
1759 1326 1858 1358 collo-

1117 1379 1225 1411 candis
1250 1378 1419 1421 eligendus
1451 1379 1528 1419 suit,
1554 1379 1705 1411 videlicet
1728 1384 1857 1411 sanctae

1117 1431 1307 1464 Catharinae
1318 1432 1470 1465 Senensis
1488 1433 1654 1465 sacellum.
1676 1432 1858 1464 Debcbatnr

1117 1484 1202 1517 enim
1226 1490 1292 1517 tam
1316 1484 1411 1517 simili
1436 1484 1520 1517 filiae
1545 1485 1634 1517 sinus
1669 1484 1857 1528 seraphicae

1118 1548 1194 1570 suae
1219 1537 1332 1570 matris
1358 1537 1397 1570 ad
1423 1537 1580 1581 quietem.

1162 1591 1176 1633 ἓ
1190 1590 1243 1623 46.
1259 1590 1387 1623 Interea
1400 1591 1522 1623 Limam
1536 1600 1714 1634 pervenere
1733 1589 1856 1623 litterae
1895 1603 1987 1623 Sanctae
2006 1607 2052 1621 eor-

1120 1643 1213 1675 huius
1227 1648 1354 1676 sanctae
1369 1643 1460 1676 Sedis
1471 1643 1687 1686 Apostolicae,
1702 1649 1736 1675 ut
1749 1654 1785 1676 ex
1801 1629 2053 1683 sor-Bsssst'gllllltlsslk

1119 1697 1204 1729 mula
1216 1707 1232 1729 a
1243 1696 1499 1739 Congregatione
1514 1696 1645 1729 Rituum
1660 1696 1860 1739 praescripta
1870 1687 1936 1733 ζἰζῗῐῗ
1950 1686 2053 1728 AEZXJ‘EI

1121 1749 1383 1782 examinarentur
1397 1755 1494 1782 testes
1510 1750 1548 1782 de
1562 1749 1624 1781 vita
1638 1755 1669 1781 et
1685 1749 1784 1791 gestis
1804 1750 1859 1780 lin—
1870 1736 1905 1755 Μ’

1120 1801 1167 1834 ius
1184 1802 1318 1834 ancillae
1336 1802 1401 1842 Dei,
1421 1803 1507 1845 qnod
1525 1807 1677 1845 coeptum
1696 1812 1781 1834 anno
1800 1802 1860 1834 Do-

1121 1854 1200 1887 mini
1225 1865 1362 1895 nnesxx,
1388 1855 1428 1888 ob
1453 1855 1692 1887 multitudinem
1711 1854 1857 1893 testium,

1122 1909 1176 1951 qni
1191 1909 1280 1941 fuere
1295 1919 1430 1941 numero
1445 1913 1575 1941 centum
1589 1907 1773 1950 octuaginta
1787 1913 1861 1947 tres,

1122 1971 1187 1993 non
1218 1961 1321 2004 potuit
1350 1961 1471 1994 absolvi
1497 1960 1557 1993 nisi
1583 1961 1614 1992 in
1641 1971 1750 1993 mense
1776 1960 1860 1992 maio

1122 2024 1206 2045 anno
1224 2023 1386 2046 nncxxxn.
1410 2013 1510 2045 Fuere
1529 2024 1586 2056 pro
1612 2013 1795 2046 visitatione
1812 2024 1862 2045 re-

1122 2066 1294 2109 liquiarum
1326 2066 1428 2098 llosae
1461 2067 1499 2098 de
1530 2077 1620 2098 more
1646 2066 1790 2109 deputati
1815 2066 1863 2098 in-

1123 2125 1299 2161 spectores,
1327 2119 1379 2161 qni
1406 2122 1515 2162 aperta
1540 2121 1613 2151 arca
1638 2119 1747 2161 lignea
1772 2130 1864 2161 repe-

1123 2177 1235 2203 rerunt
1250 2171 1429 2213 virgineum
1443 2173 1672 2214 corpusculum
1687 2176 1762 2214 post
1773 2171 1864 2213 quin-

1125 2228 1191 2255 tum
1202 2223 1364 2255 decimum
1382 2225 1546 2266 expletum
1565 2224 1603 2255 ab
1622 2223 1711 2256 obitu
1731 2234 1864 2259 annum,

1124 2277 1324 2319 consumptis
1346 2276 1551 2316 indumentis,
1575 2276 1701 2309 ossibus
1728 2276 1863 2318 integris

1124 2334 1156 2361 et
1180 2329 1286 2361 adbuc
1304 2329 1388 2361 sicca
1408 2329 1482 2361 hinc
1502 2329 1575 2361 inde
1590 2340 1685 2361 carne
1705 2328 1862 2367 obductis,

1125 2393 1205 2425 (palae
1229 2382 1363 2414 odorem
1382 2392 1527 2414 rosarum
1546 2382 1751 2414 exhalabant.

1168 2436 1182 2478 ὲ
1206 2435 1259 2467 47.
1283 2435 1424 2467 Maximis
1452 2435 1552 2477 signis
1574 2435 1745 2467 ostendere
1764 2434 1863 2467 voluit
1900 2443 1970 2463 nusae
1989 2444 2057 2478 tmpu-

1125 2488 1331 2530 omnipotens
1356 2488 1449 2527 Deus,
1469 2499 1564 2531 quem
1584 2489 1723 2520 sublime
1741 2471 1932 2529 gloriae'sississ
1956 2472 2057 2519 Ηίξῖιῖἷιῗὲ

1125 2542 1258 2585 gradum
1276 2540 1309 2573 in
1335 2542 1431 2574 caelis
1448 2541 1593 2573 obtineat
1616 2541 1706 2581 Rosa,
1727 2550 1864 2583 qnorum
1875 2523 2033 2542 mnkumur'

1125 2597 1179 2629 illa
1204 2596 1413 2629 celeberrima
1438 2600 1468 2627 et
1498 2595 1611 2626 crebra
1644 2594 1754 2631 fuere,
1783 2602 1863 2634 qnae

1124 2649 1204 2683 caeli
1238 2654 1409 2692 terraeque
1443 2647 1643 2680 creationem
1680 2646 1860 2686 excedunt,

1161 2714 1170 2739 1
1187 2712 1257 2738 Edit.
1271 2711 1347 2737 nain.
1363 2711 1446 2737 babet
1457 2709 1638 2744 corruptioni
1649 2708 1766 2734 subtis&
1777 2708 1863 2739 (11.1).
