2279 3260
152 235 202 261 An.
223 233 252 261 C.
271 235 338 261 ¹070

342 334 380 365 ad
406 333 547 376 capitula
573 334 737 375 generalia
762 335 871 367 venire
904 335 1076 369 solitorum

341 395 400 427 per
424 385 608 427 provincias·
628 386 756 418 Ordinis
783 387 939 429 praedicti
960 387 1077 420 l'acicn-

339 437 407 475 dae,
441 448 523 479 quae
552 438 591 470 ad
621 444 778 470 sumnum)
808 439 978 471 duodecim
1009 439 1077 472 mil·

338 490 415 522 lium
441 495 607 523 scutorum
641 491 793 523 similium
824 497 856 523 'ct
881 492 988 524 forsan
1013 504 1077 524 am—

339 541 422 584 plius
449 543 679 583 ascenderent,
706 543 739 575 in
771 544 999 577 extinctionem
1032 544 1078 577 di-

337 595 377 627 cti
404 595 487 627 aeris
512 595 611 627 alieni
638 601 871 637 erogarentur,
900 596 975 629 inde
1013 607 1076 629 non

337 647 498 680 modIcum
525 647 628 680 dictus
657 647 741 680 Ordo
775 649 993 681 levamentum
1027 660 1078 680 ac-

339 699 474 741 ciperet,
501 704 532 731 et
557 699 641 732 felici
672 699 758 732 illius
790 700 938 742 regimini
961 711 1078 744 perop-

341 756 479 794 portune
515 753 760 792 consuleretur;
798 763 937 795 cunique
974 753 1079 794 (sicut

342 803 435 836 nobis
458 803 656 836 insinuatum
682 803 754 846 suit)
773 809 911 846 quatuor
931 804 1079 837 assisten-

340 860 387 887 tes
413 855 557 887 eiusdem
581 854 719 894 Ordinis,
738 865 802 887 non
822 855 866 887 ita
883 855 1009 897 pridem
1030 855 1078 886 in-

339 906 493 947 troducti,
520 906 672 939 Ordinem
698 908 803 950 ipsum
828 909 933 939 annua
957 907 1079 950 septin-

337 965 510 1002 gentorum
535 965 702 992 scutorum
728 960 832 994 dietae
855 965 1004 992 monetae
1023 959 1077 992 im-

336 1013 447 1055 pensa,
463 1023 545 1055 quae
563 1023 621 1055 pro
641 1023 755 1044 eorum
781 1013 1017 1045 sustentatione
1034 1011 1078 1051 fit,

338 1069 481 1106 gravent,
508 1075 569 1097 nec
598 1064 643 1096 ita
676 1064 849 1097 necessarii
883 1064 1076 1105 videantur,

339 1117 417 1160 quin
442 1117 506 1150 illis
532 1117 616 1150 Ordo
642 1117 713 1160 ipse
740 1117 808 1150 sine
841 1118 991 1160 prosperi
1024 1128 1080 1160 gu-

338 1169 444 1202 bernii
469 1169 662 1202 detrimento
684 1180 794 1203 carere
820 1170 946 1212 possit:

215 1232 330 1271 conflfmat
383 1224 398 1266 g
423 1223 454 1256 2.
481 1224 563 1256 Hinc
588 1230 638 1256 est
662 1225 749 1267 quod
773 1235 850 1265 nos,
885 1216 971 1258 felici
1004 1235 1081 1268 pro-

148 1264 329 1305 ljifffflatlflii
340 1287 501 1319 speroque
526 1276 655 1309 Ordinis
679 1277 838 1320 praedicti
870 1277 1022 1320 regimini
1051 1282 1082 1310 et

147 1317 277 1333 “mmm
341 1329 507 1372 gubernio,
533 1329 685 1372 illiusque
711 1330 906 1370 levamento,
928 1334 1081 1372 quantum

341 1392 413 1414 cum
438 1381 575 1414 Domino
606 1392 799 1424 possumus,
831 1382 1005 1425 providere
1030 1392 1083 1414 cu-

339 1433 479 1477 pientes,
506 1444 543 1466 ac
567 1434 607 1467 de
633 1436 780 1476 spectata
804 1435 975 1467 memorati
1008 1434 1084 1467 Mat-

340 1485 427 1518 thaei
452 1485 572 1529 prioris
598 1486 760 1528 generalis
790 1485 865 1526 fide,
889 1486 1083 1537 prudentiay

341 1539 497 1579 doctrina,
514 1539 708 1582 integritate,
724 1539 892 1579 charitate,
906 1539 1082 1582 vigilantia,

972 236 1114 260 CLEMENS
1137 238 1154 260 x
1180 238 1226 260 [ψ.

343 282 471 314 cibariis
503 282 670 321 vocalium,
705 283 906 325 aliorumque
944 284 1098 315 fratrum*

1780 230 1816 261 M

1118 284 1258 316 officium
1286 285 1469 318 huiusmodi
1496 287 1534 318 ad
1553 287 1657 318 dictos
1679 298 1731 318 sex
1754 298 1856 319 annos

1119 340 1153 367 ut
1177 338 1358 378 praefertur
1383 339 1629 379 ‹zoiiiputandoffi
1657 350 1728 370 vum
1754 339 1857 370 omni-

1119 388 1178 419 bus
1204 396 1235 420 ct
1260 388 1395 430 singulis·
1422 389 1673 431 praerogativis,
1701 391 1858 431 praeemi-

1119 440 1247 479 nentiis,
1274 441 1486 479 facultatibus,
1509 442 1710 479 auctoritate,
1731 442 1858 483 privile-

1119 491 1187 532 giis,
1215 493 1324 534 gratiis
1350 498 1382 525 ct
1404 493 1547 531 indultis,
1570 504 1605 525 ac
1626 493 1809 525 honoribus
1827 499 1859 525 vt

1119 544 1274 576 oneribus
1288 545 1392 577 solitis
1408 550 1440 577 ct
1454 545 1627 585 consuetis,
1642 556 1856 588 prorogamus

1117 594 1154 628 lic
1179 597 1383 629 extendimus
1410 603 1439 629 et
1465 598 1670 639 ampliamus.

1162 648 1177 689 ξ
1196 648 1227 680 3.
1248 649 1410 689 Volentcs,
1428 655 1460 682 et
1478 655 1580 689 motu,
1598 649 1733 682 scientia
1754 655 1785 682 ct
1803 660 1859 692 po·
1897 663 2003 693 [immas
2017 669 2053 688 pm

1121 701 1244 732 testatis
1259 701 1458 743 plenitudine
1481 702 1611 744 paribus
1630 690 2052 740 decen-nentes,fifjfih¹¹¹¹221fit¹f¹i

1119 758 1153 785 ut
1177 764 1348 795 expensae,
1375 766 1456 797 quae
1482 766 1542 797 pro
1560 754 1635 787 dicti
1655 755 1786 797 capituli
1805 766 1860 796 gc·
1871 742 2053 796 {¹12¹iffi..i³⁶2¹r⁹ii¹,3¹s‹i

1120 806 1240 838 neralis
1265 807 1486 840 celebratione
1512 818 1569 850 per
1598 808 1782 850 provincias
1814 796 2054 839 di-22153'311²‡Hssf'“'”'

1121 856 1159 888 cti
1171 856 1297 888 Ordinis
1312 857 1477 889 faciendae
1488 863 1606 896 essent,
1618 863 1652 888 ut
1665 868 1683 899 p
1691 857 1859 896 raesertur,

1121 907 1153 939 in
1179 908 1408 940 extinctionem
1442 909 1616 951 supradicti
1650 909 1732 941 acris
1763 908 1861 941 alieni

1121 961 1253 993 omnino
1279 961 1483 1003 applicentur
1508 968 1539 994 et
1564 968 1751 1004 erogentur.

1164 1013 1179 1055 ἓ
1217 1013 1249 1045 li.
1291 1013 1465 1046 Praeterea
1506 1014 1670 1046 decretum
1707 1015 1745 1046 de
1784 1014 1862 1046 assi-
1885 1026 2010 1056 vDecretum
2023 1032 2055 1046 as-

1121 1064 1277 1097 stentibus
1299 1064 1465 1107 praefatis,
1485 1065 1564 1097 alias
1587 1065 1719 1109 editum,
1747 1066 1862 1098 harum
1872 1056 2055 1104 {iiiiii-‘2023

1122 1118 1207 1150 serie
1232 1117 1459 1160 suspendimus
1483 1128 1586 1161 usque
1605 1110 1650 1151 'ad
1683 1119 1861 1160 capitulum
1873 1106 2055 1151 ss‘ssi'ziisshss'i'nigfd

1121 1172 1271 1212 gencrale
1292 1170 1421 1203 Ordinis
1446 1170 1605 1213 praedicti
1631 1176 1706 1213 post
1733 1172 1862 1203 absolu·
1873 1158 1960 1204 ffaar‘iim
1980 1163 2056 1178 em*

1124 1228 1172 1255 tos
1198 1233 1215 1255 a
1240 1222 1324 1255 dieto
1343 1223 1503 1255 Matthaeo
1521 1222 1630 1265 priore
1649 1222 1794 1265 generali
1809 1233 1863 1255 sex

1123 1286 1226 1308 annos
1253 1276 1292 1316 ei,
1318 1276 1401 1308 sicut
1435 1275 1679 1318 praemittitur,
1716 1286 1733 1308 a
1768 1276 1862 1308 nobis

1123 1333 1315 1372 prorogatos
1339 1328 1596 1370 celebrandum,
1628 1328 1662 1361 in
1694 1339 1759 1372 quo
1792 1339 1862 1361 exa-

1124 1381 1241 1414 minari
1262 1382 1430 1421 volumus,
1456 1386 1565 1414 utrum
1602 1381 1755 1424 expediat
1789 1381 1866 1414 reli·

1126 1435 1213 1477 gioni
1236 1439 1272 1467 ut
1295 1435 1465 1467 aboleatur
1496 1434 1529 1467 in
1561 1439 1661 1467 totum
1676 1461 1684 1475 ,
1723 1439 1755 1467 et
1779 1433 1865 1468 Ordo

1126 1488 1309 1530 praedictus
1330 1488 1370 1520 ad
1404 1488 1536 1520 sormam
1569 1486 1719 1530 gubernii
1745 1498 1763 1519 a
1788 1497 1866 1520 con-

1126 1540 1350 1573 stitutionibus
1376 1540 1572 1584 praescripti
1597 1540 1800 1573 restituatur.
1821 1540 1866 1572 In-

1869 239 1919 264 Αη.
1938 238 1965 264 C.
1985 239 2052 265 tb'w

340 1601 447 1624 rerum
472 1602 532 1624 usu
551 1597 583 1624 et
599 1591 769 1634 religionis
791 1593 862 1624 zelo
879 1593 1010 1635 plenam
1028 1592 1084 1624 ha-
1104 1596 1106 1616 ἵ
1127 1593 1221 1626 terim
1244 1603 1323 1630 vero
1346 1598 1541 1626 memoratus
1571 1593 1751 1626 Matthaeus
1776 1594 1866 1636 prior

339 1645 456 1677 hentes
483 1644 515 1677 in
540 1644 679 1677 Domino
705 1644 874 1685 fiduciam,
901 1655 1041 1687 eumque
1068 1656 1084 1677 a
1127 1646 1286 1689 generalis
1310 1646 1464 1679 Ordinem
1490 1646 1677 1679 huiusmodi
1707 1646 1866 1688 gubernet

341 1697 510 1740 quibusvis
527 1698 880 1738 excommunicationis,
900 1697 1085 1741 suspensio·
1104 1711 1108 1738 ι
1125 1699 1213 1731 iuxta
1236 1699 1474 1742 praescriptum
1498 1699 1685 1732 earumdem
1709 1699 1864 1731 constitu-

340 1750 390 1782 nis
416 1754 450 1782 et
474 1749 661 1789 interdicti,
686 1749 822 1793 aliisque
855 1750 1082 1783 ecclesiasticis

340 1802 525 1842 sententiis,
550 1803 693 1835 censuris
712 1807 743 1835 et
760 1802 885 1845 poenis,
910 1814 927 1835 a
944 1803 1013 1836 iure
1033 1804 1082 1836 vel

341 1855 380 1888 ab
406 1854 552 1894 homine,
580 1855 692 1897 quavis
717 1855 887 1888 occasione
912 1857 960 1888 vel
990 1858 1083 1888 causa

340 1907 428 1948 latis,
456 1907 481 1939 si
507 1906 622 1950 quibus
643 1908 891 1950 quomodolibet
907 1907 1081 1941 innodatus

341 1959 459 2000 existit,
485 1960 524 1992 ad
549 1959 698 1992 effectum
723 1960 943 2002 praesentium
962 1961 1083 1993 dumta-

341 2017 395 2044 xat
419 2012 699 2055 consequendum,
726 2013 841 2044 harum
866 2012 950 2045 serie
976 2013 1083 2046 absol-

1128 1751 1263 1783 tionum.
1291 1751 1452 1784 Pecuniae
1478 1756 1597 1790 autem,
1616 1761 1700 1793 quae
1720 1761 1780 1793 pro
1798 1761 1864 1783 sus-

1127 1803 1305 1837 tentatione
1324 1804 1484 1837 dictorum
1501 1803 1724 1836 assistentium
1740 1803 1865 1846 impen-

1126 1857 1251 1889 dendae
1281 1856 1407 1897 forent,
1440 1856 1472 1888 in
1505 1855 1668 1889 solutione
1700 1856 1864 1888 fructuum

1125 1919 1289 1947 censuum,
1303 1919 1340 1941 ex
1355 1911 1449 1941 causa
1461 1919 1679 1952 expensarum
1691 1908 1864 1941 occasione

1103 1961 1377 1994 'canonizationis
1411 1961 1596 2003 praedictae
1633 1961 1790 1993 saetarum
1815 1971 1865 1993 ca—

1123 2014 1241 2047 nonice
1276 2013 1526 2057 impositorum,
1565 2018 1795 2046 convertantur
1835 2018 1866 2046 et

340 2070 450 2098 ventes
465 2065 694 2098 etabsolutum
705 2065 774 2098 sore
793 2070 974 2106 censentes,
992 2071 1081 2098 motu
1124 2073 1312 2109 erogentur.
1340 2067 1497 2100 Volumus
1522 2073 1632 2100 tamen
1664 2072 1700 2099 ut
1726 2067 1775 2100 illi
1801 2067 1865 2100 duo

341 2118 488 2161 proprio,
509 2128 545 2150 ac
569 2128 606 2150 ex
632 2121 717 2150 certa
742 2117 876 2150 scientia
901 2123 933 2150 et
957 2120 1082 2150 matura
1101 2108 1104 2171 Ξ
1123 2120 1248 2160 sratreS,
1265 2120 1319 2163 qui
1337 2125 1409 2152 actu
1429 2120 1581 2153 assistunt
1599 2120 1683 2153 dicto
1702 2119 1864 2152 Matthaco

342 2171 580 2204 deliberatione
606 2171 736 2211 nostris,
755 2171 860 2214 deque
881 2171 1081 2214 apostolicae
1101 2175 1103 2229 ἒ
1122 2173 1225 2216 priori
1260 2173 1414 2215 generali,
1453 2178 1644 2206 remaneant
1681 2173 1749 2205 eius
1785 2173 1864 2206 socii

339 2225 514 2268 potestatis
554 2224 757 2268 plenitudine
771 2250 778 2264 ‚
817 2225 965 2257 cumdem
1006 2225 1082 2257 Mat-
1101 2231 1103 2249 ³
1123 2236 1226 2269 usque
1250 2226 1288 2258 ad
1313 2225 1574 2258 terminationem
1589 2225 1685 2268 primi
1705 2226 1861 2266 sexennii,

344 2278 474 2310 thaeum
498 2277 642 2320 priorem
667 2279 853 2319 generalem
886 2278 918 2310 in
943 2289 1000 2311 suo
1027 2289 1082 2321 ge·
1101 2255 1103 2315 l
1123 2280 1209 2312 iuxta
1232 2278 1478 2311 constitutiones
1503 2278 1649 2311 ciusdem
1673 2277 1816 2311 Ordinis.

344 2331 507 2363 neralatus
531 2329 660 2362 Ordinis
686 2330 870 2363 huiusmodi
903 2331 1008 2364 officio
1041 2331 1081 2363 ad
1101 2321 1104 2374 i
1167 2330 1420 2373 §5.Ma11dantes
1435 2336 1611 2374 propterea
1626 2330 1657 2362 in
1667 2330 1783 2362 virtute
1793 2340 1862 2362 san-

345 2393 397 2415 sex
423 2393 532 2422 annos,
559 2393 576 2415 a
598 2382 662 2415 fine
688 2383 847 2424 sexennii,
873 2384 912 2416 ad
937 2384 1023 2426 quod
1048 2384 1081 2416 in
1866 2383 1867 2386 ’

345 2434 488 2478 capitulo
513 2435 656 2477 generali
682 2436 829 2468 eiusdem
865 2435 994 2469 Ordinis
1027 2446 1082 2468 no—
1123 2442 1207 2469 strae
1220 2436 1354 2480 aliisque
1365 2436 1490 2469 arbitrii
1508 2436 1609 2469 nostri
1623 2436 1748 2479 poenis,
1762 2436 1861 2468 omni-

344 2487 475 2520 vissime
500 2487 662 2521 celebrato
679 2488 712 2521 in
727 2489 874 2532 priorem
896 2490 1082 2532 generalem
1122 2488 1234 2522 bus¹et
1248 2489 1385 2532 singulis
1401 2489 1476 2522 dicti
1487 2489 1613 2523 Ordinis
1626 2489 1858 2532 superioribus,

347 2541 480 2573 electus·
494 2539 561 2580 suit,
587 2542 831 2584 computandos,
855 2547 969 2575 tenore
990 2553 1082 2586 prae·
1124 2543 1276 2576 fratribus
1296 2548 1328 2576 et
1342 2543 1504 2587 personis,
1523 2542 1704 2585 ceterisque
1722 2542 1761 2575 ad
1777 2551 1858 2585 quos

345 2593 485 2625 sentium
506 2592 741 2634 confirmamus,
760 2594 855 2637 eique
872 2596 1080 2637 generalatus

432 2655 511 2683 Ball.
530 2655 612 2683 Rom.
633 2669 667 2675 —
693 2656 751 2683 Vol.
773 2657 880 2684 XVIII.
906 2672 935 2685 a*
1026 2657 1042 2684 6

1158 2607 1170 2631 1
1188 2604 1286 2631 Vocem
1301 2604 1434 2632 omnibus
1450 2612 1499 2632 nos
1515 2603 1637 2631 addimus
1651 2604 1692 2638 (n.
1709 2603 1758 2637 τ.).

1916 2338 2054 2364 Praeceptum

1872 2367 1959 2384 sans-tae
2005 2365 2056 2386 obu-

1123 2388 1192 2416 ctae
1207 2383 1421 2424 obedientiae,
1440 2394 1476 2416 ac
1492 2383 1549 2416 sub
1565 2383 1800 2426 indignationis
1811 2389 1972 2416 no-'uieuuaa
