2279 3260
142 223 189 265 an.
205 220 232 248 C.
255 218 323 250 1670

150 1703 276 1733 ,Decretum
293 1703 321 1724 ir-

138 1733 210 1751 maus.

962 221 1104 245 CLEMENS
1126 223 1145 245 Χ
1170 222 1216 245 ΡΡ.

332 270 427 303 modo
453 279 510 312 pro
536 279 647 301 eorum
680 268 812 301 arbitrio
839 274 870 301 et
895 270 1066 312 prudentia

332 323 524 366 provideant
555 328 588 354 ut
612 333 648 355 ex
686 322 870 355 huiusmodi
896 322 1068 355 contracti-

331 375 391 407 bus
426 376 548 408 nullum
589 375 822 418 praeiudicium
859 376 962 408 cidem
1000 386 1069 408 mo-

331 428 474 461 nasterio
493 429 662 460 inferatur.
690 428 851 466 Quatenus
867 439 943 461 vero
962 429 1066 471 ipsum

331 480 564 513 monasterium
589 481 737 523 pecunia,
758 486 792 512 ut
809 482 1003 523 praefertur,
1028 481 1069 512 in-

330 533 499 565 vestienda
523 532 695 575 indigeret,
724 534 772 565 vel
799 533 906 575 quavis
934 533 995 566 alia
1020 544 1069 564 ra-

329 585 418 618 tione
443 590 497 617 aut
520 588 617 617 causa
642 585 702 628 ipsi
728 586 896 628 expediret
923 586 1068 617 eamdem

329 639 503 681 pecuniam
530 638 561 670 in
587 639 736 681 proprios
764 650 840 670 usus
865 643 1067 677 convertere,

330 695 406 722 tunc
431 690 665 723 monasterium
702 691 734 722 in
760 691 912 723 censibus
938 696 970 723 et
994 701 1069 723 con-

330 743 485 775 tractibus
511 742 693 775 huiusmodi
711 743 915 775 celebrandis
932 754 1003 775 cum
1023 743 1070 774 iis-

330 795 402 827 dem
428 795 528 838 pactis
550 800 581 828 et
605 795 846 828 conditionibus
871 796 1070 838 praeferatur

331 848 482 881 omnibus
507 848 577 880 aliis
608 849 836 891 cuiuscumque
861 848 925 880 sint
948 853 1067 887 status,

331 902 449 943 gradus
475 906 506 933 et
530 900 733 940 conditionis,
761 901 885 933 etiamsi
912 906 996 933 esset
1020 911 1070 933 ec-

331 953 439 993 clesia,
461 955 510 986 vel
536 953 617 985 alius
643 954 733 985 locus
760 954 846 996 pius7
872 959 904 986 et
928 964 967 986 eo
995 964 1069 986 casu
1090 958 1092 970 ⁴

330 1006 435 1038 dictae
462 1006 612 1038 mulieres
641 1006 678 1038 ad
712 1006 920 1038 traditionem
946 1007 994 1039 vel
1020 1017 1070 1038 as-

330 1058 568 1092 securationem
595 1058 707 1091 tertiae
732 1059 835 1101 partis
854 1060 904 1091 vel
936 1059 1070 1092 alterius

330 1122 472 1145 summae
508 1117 544 1144 ut
576 1123 675 1155 supra
714 1112 847 1145 minime
884 1117 1066 1145 teneantur.

329 1164 419 1202 Quod
444 1165 469 1196 si
495 1175 610 1197 census
629 1171 660 1197 et
677 1170 861 1198 contractus
883 1165 1068 1197 huiusmodi

330 1217 400 1250 sine
418 1218 502 1250 dicta
520 1217 651 1251 licentia
678 1224 713 1250 ut
729 1219 909 1261 praefertur
937 1219 1069 1250 obtenta

330 1270 449 1303 suerint
481 1271 656 1310 celebrati,
688 1271 918 1303 monasterium
943 1270 1070 1313 praedi-

331 1329 415 1355 ctum
440 1329 514 1366 post
538 1323 659 1356 obitum
680 1324 851 1356 mulierum
876 1323 920 1355 sic
944 1329 1071 1356 contra·
1091 1330 1093 1358 t

330 1376 479 1408 hentium
506 1377 686 1430 prpcedere
703 1376 808 1419 possit
825 1381 857 1408 et
874 1377 986 1416 valeat,
1005 1386 1069 1408 non

332 1429 462 1472 quidem
493 1435 606 1463 contra
638 1429 719 1462 alios
748 1430 980 1462 contrahentes
1018 1434 1071 1461 aut

329 1481 416 1514 bona
440 1481 593 1525 ipsorum,
613 1482 668 1514 sed
694 1487 806 1514 contra
830 1481 893 1514 alia
918 1482 1004 1513 bona
1021 1491 1072 1513 ea·
1092 1493 1093 1508 i

330 1535 477 1568 rum'dem
494 1535 664 1568 mulierum
684 1535 917 1574 defunctarum,
934 1534 1070 1578 perinde

331 1598 367 1620 ac
392 1588 417 1620 si
445 1589 525 1620 tales
550 1598 665 1620 census
683 1594 714 1620 et
727 1593 909 1620 contractus
934 1598 1007 1620 cum
1026 1588 1071 1620 eis

330 1639 403 1672 initi
427 1650 494 1672 non
519 1640 667 1672 fuissent.

375 1693 390 1735 ἓ
415 1691 446 1724 6.
473 1693 689 1725 Decernentes
721 1692 851 1725 easdem
882 1697 1071 1735 praesentes

331 1745 454 1778 litteras
479 1756 608 1788 semper
631 1744 750 1784 sirmas,
767 1746 886 1777 validas
912 1750 942 1778 et
967 1746 1072 1778 effica-
1093 1742 1094 1759 ³

332 1809 384 1831 ces
409 1798 545 1831 existere
571 1803 601 1831 et
626 1798 704 1838 sore,
732 1808 873 1840 suosque
906 1799 1072 1840 plenarios

333 1855 364 1883 et
388 1850 533 1893 integros
559 1850 691 1883 effectus
716 1851 823 1883 sortiri
849 1856 881 1883 et
905 1851 1069 1891 obtinere,
1093 1860 1094 1867 ¹

332 1914 368 1936 ac
394 1904 480 1938 dicto
506 1904 704 1936 monasterio
734 1904 766 1935 in
789 1904 936 1936 omnibus
961 1909 993 1936 et
1013 1914 1094 1947 pcr'

332 1957 440 1989 omnia
464 1956 698 1989 inviolabiliter
728 1957 917 1996 observari,
948 1968 1007 1990 nec
1032 1958 1071 1990 de

332 2010 568 2053 subreptionis,
597 2016 628 2042 et
653 2010 872 2053 obreptionis,
900 2016 953 2042 aut
976 2011 1072 2043 nulli-

334 2063 407 2095 tatis
430 2063 521 2103 vitio,
549 2074 604 2095 seu
637 2063 826 2095 intentionis
852 2069 981 2096 nostrae
1018 2070 1072 2096 aut

334 2116 488 2149 interesse
515 2117 705 2149 habentium
732 2116 939 2156 consensus¹‚
969 2118 1070 2150 aliove

333 2169 477 2212 quolibet
513 2170 608 2202 etiam
646 2170 850 2213 quantumvis
887 2181 1005 2212 magno
1042 2177 1072 2203 et

332 2222 537 2255 substantiali
563 2223 688 2255 defectu
714 2222 837 2261 notari,
868 2223 1070 2265 impugnari,

331 2275 463 2318 infringi
482 2302 489 2315 ,
520 2276 712 2315 retractari,
746 2276 783 2308 ad
811 2276 966 2308 terminos
992 2277 1070 2309 iuris

330 2328 450 2368 reduci,
468 2328 501 2360 in
526 2329 781 2361 controversiam
806 2330 924 2369 vocari,
946 2335 1001 2362 aut
1018 2330 1071 2362 ad-

330 2391 443 2413 versus
467 2381 539 2413 illas
555 2381 744 2424 aperitionis
764 2382 838 2422 oris,
858 2383 1071 2415 restitutionis

332 2433 364 2464 in
379 2433 552 2475 integrum,
567 2434 721 2477 aliudque
739 2436 966 2478 quodcumque
983 2436 1070 2474 iuris,
1092 2431 1093 2478 J

334 2486 408 2518 sacti
431 2487 480 2519 vel
507 2488 628 2529 gratiae
652 2488 833 2521 remedium
853 2489 1005 2521 intentari
1024 2492 1070 2522 vel
1092 2485 1093 2501 ¹

374 2603 385 2626 ¹
408 2600 477 2627 Edit.
499 2601 576 2628 Main.
598 2601 663 2637 legit
681 2611 818 2630 consensu
836 2604 875 2638 (R.
892 2604 940 2640 T.)-

1749 214 1805 246 tat

1111 270 1290 313 impetrari,
1317 281 1370 302 sou
1399 271 1590 313 impetrato,
1618 272 1711 303 otiam
1738 279 1844 310 motu,

1111 323 1245 355 scientia
1275 329 1305 356 et
1331 325 1498 366 potos-tatis
1536 326 1737 367 plvttitutlinz¹
1764 325 1849 367 pari-

1111 377 1170 408 bus
1189 387 1343 410 concesso
1362 379 1411 409 vel
1434 383 1592 415 enuntiato,
1612 379 1794 419 qiu-inpiam
1817 378 1846 409 in

1112 429 1231 462 iudicio
1254 431 1303 463 vel
1322 436 1411 462 extra
1432 431 1511 462 illud
1531 431 1574 461 uti
1602 441 1656 460 svn
1679 442 1712 461 se
1742 430 1848 461 iuxwtrf·v

1111 483 1177 515 ullo
1200 484 1296 515 modo
1318 494 1458 526 unquam
1477 494 1587 526 posse,
1609 483 1716 525 siz-quc
1737 489 1765 515 ‹ft
1785 494 1847 514 non

1089 535 1206 583 ,ἑῴων
1242 535 1272 567 in
1307 535 1491 578 praemissis
1532 546 1589 578 per
1633 547 1850 578 ‹lutose-umque

1112 586 1233 619 iudices
1258 587 1438 620 ordinarios
1464 593 1494 619 et
1520 588 1683 627 delegatos
1720 594 1750 619 et
1778 598 1851 619 cau-

1090 650 1216 680 ‚sarum
1250 640 1358 683 palatii
1393 640 1559 683 apostolici
1594 640 1781 679 auditores,
1814 651 1850 671 ac

1112 692 1142 724 S.
1165 693 1200 724 ll.
1221 693 1255 725 E.
1276 694 1469 733 cardinales,
1496 694 1590 726 etiam
1616 694 1654 725 de
1681 695 1779 725 tatew-
1807 694 1851 724 le-

1113 751 1215 787 gatos,
1232 752 1265 778 et
1278 747 1358 779 alios
1373 747 1533 789 quoslibet
1548 757 1748 789 quacumque
1764 755 1850 788 prae·

1090 821 1091 827 η
1113 799 1287 831 eminentia
1307 806 1337 831 et
1354 805 1514 842 potestate
1542 801 1714 842 fungentes
1733 804 1762 831 et
1779 801 1850 830 l'un-

1113 855 1248 891 cturos,
1275 852 1402 883 sublata
1427 852 1472 883 eis
1506 856 1537 883 et
1570 862 1682 884 eorum
1716 851 1852 883 cuilibetv

1114 903 1225 946 quavis
1250 904 1346 936 aliter
1371 904 1531 936 iudicandi
1559 910 1591 936 et
1614 903 1850 946 interpretandi

1113 956 1262 988 facultate
1290 961 1321 988 et
1346 957 1549 995 auctoritate,
1575 956 1712 988 iudicari
1740 962 1771 988 et
1797 957 1852 989 ds·-

1112 1008 1199 1041 finiri
1232 1010 1355 1042 debere
1373 1036 1380 1049 ,
1408 1021 1443 1042 ac
1472 1010 1601 1041 irritum
1634 1015 1666 1042 et
1701 1010 1797 1042 inane
1825 1010 1850 1041 si

1113 1071 1208 1094 secus
1231 1063 1401 1105 superbis
1424 1073 1441 1094 a
1465 1073 1642 1105 quoquam,
1661 1063 1774 1105 quavis
1797 1074 1852 1094 au-

1113 1114 1279 1155 ctoritate,
1296 1114 1441 1147 scienter
1467 1116 1517 1147 vel
1542 1115 1736 1157 ignoranter
1751 1142 1758 1155 ‚
1778 1127 1853 1148 con-

1115 1167 1227 1209 tigerit
1245 1168 1413 1200 attentari.

1157 1221 1171 1263 ξ
1197 1219 1227 1252 7.
1262 1219 1331 1253 Non
1363 1221 1569 1253 obstantibus
1600 1221 1788 1264 praemissis
1815 1232 1850 1253 ac

1113 1273 1401 1305 constitutionibus
1428 1279 1458 1305 et
1489 1274 1750 1306 ordinationibus
1775 1285 1852 1317 apo-

1114 1327 1248 1367 stolicis⁷
1271 1338 1398 1359 necnon
1425 1328 1577 1360 omnibus
1604 1333 1635 1359 et
1660 1327 1797 1370 singulis
1817 1328 1854 1360 il-

1091 1417 1093 1422 !
1114 1379 1152 1411 lis
1171 1390 1252 1422 quae
1271 1381 1441 1413 memorati
1456 1382 1725 1424 praedecessores
1741 1381 1772 1413 in
1787 1382 1853 1413 suis

1114 1433 1295 1475 respective
1321 1434 1439 1466 litteris
1459 1434 1655 1477 supradictis
1679 1435 1855 1466 voluerunt

1114 1496 1178 1518 non
1204 1486 1350 1527 obstare,
1377 1487 1558 1530 ceterisque
1585 1487 1755 1520 contrariis
1783 1487 1853 1530 qui-

1113 1540 1325 1582 buscumque.

1157 1593 1171 1634 ἓ
1202 1591 1233 1625 8.
1272 1593 1424 1625 Volumus
1456 1599 1564 1626 autem
1593 1599 1627 1625 ut
1663 1595 1851 1626 earumdem

1114 1646 1333 1688 praesentium
1350 1647 1532 1679 litterarum
1555 1647 1777 1689 transumptis,
1797 1658 1853 1679 seu

1092 1713 1094 1734 1
1115 1698 1278 1741 exemplis,
1306 1699 1401 1731 etiam
1422 1699 1593 1742 impressis
1607 1727 1614 1739 ,
1640 1710 1735 1731 manu
1754 1700 1855 1731 alicu-

1115 1751 1162 1783 ius
1187 1752 1305 1784 notarii
1331 1752 1453 1795 publici
1475 1753 1676 1795 subscriptis,
1698 1758 1727 1784 et
1745 1753 1853 1795 sigillo

1114 1815 1273 1848 personae
1301 1805 1331 1837 in
1357 1806 1579 1838 ecclesiastica
1604 1806 1759 1847 dignitate
1782 1816 1856 1837 con-

1093 1858 1245 1892 tstitutae
1274 1858 1425 1898 munitis,
1464 1860 1577 1891 eadem
1607 1870 1739 1901 prorsus
1774 1858 1854 1891 tides

1115 1910 1147 1943 in
1172 1911 1291 1943 iudicio
1328 1916 1359 1943 et
1398 1917 1486 1943 extra
1519 1912 1736 1951 adhibeatur,
1772 1922 1854 1954 quae

1115 1964 1326 1997 adhiberetur
1349 1965 1427 2007 ipsis
1452 1966 1679 2007 praesentibus
1702 1966 1726 1997 si
1751 1966 1853 1997 forent

1115 2017 1279 2050 exhibitae
1304 2018 1351 2049 vel
1378 2023 1541 2050 ostensae.

1159 2072 1272 2104 Datum
1298 2072 1431 2111 Romae,
1449 2073 1532 2114 apud
1551 2072 1581 2104 S.
1602 2071 1732 2103 Mariam
1758 2072 1852 2104 Maio-

1115 2135 1200 2165 rem,
1224 2126 1282 2157 sub
1301 2126 1421 2157 annulo
1436 2125 1620 2165 piscatoris,
1639 2125 1689 2157 dic
1714 2135 1743 2157 xt
1766 2130 1853 2157 octo-

1114 2178 1181 2210 bris
1205 2187 1340 2218 MDCLXX,
1366 2177 1569 2221 pontificatus
1595 2178 1696 2210 nostri
1722 2189 1806 2211 anno
1827 2189 1848 2211 1.

1150 2240 1207 2266 Dat.
1225 2240 1268 2267 die
1286 2242 1312 2267 11
1337 2241 1454 2267 octobris
1471 2241 1549 2275 1670,
1562 2241 1655 2275 pontif.
1674 2250 1744 2268 anno
1761 2249 1779 2267 1.

1157 2329 1254 2362 Anno
1279 2340 1298 2361 a
1322 2329 1494 2361 nativitate
1519 2328 1644 2361 domim?
1661 2330 1764 2361 nostri
1779 2330 1851 2362 Iesu

1116 2382 1238 2416 Clu-isti
1262 2392 1394 2419 MDCLxx,
1421 2382 1597 2432 inflictione
1620 2393 1688 2419 vul,
1707 2383 1758 2415 die
1784 2394 1853 2414 vcro

1112 2446 1183 2468 xxtv
1219 2437 1379 2472 octobris,
1411 2435 1619 2478 pontificatus
1654 2436 1853 2467 sanctissimi

1114 2490 1238 2522 domini
1255 2491 1358 2521 nostri
1374 2490 1411 2521 D.
1429 2489 1601 2522 Clementis
1618 2489 1729 2520 dirim?
1746 2490 1852 2532 sarori-

1114 2544 1222 2575 denaia.
1247 2543 1357 2584 Papae
1382 2543 1430 2577 X,
1456 2553 1540 2574 anim
1565 2544 1632 2573 eius
1654 2553 1672 2581 1,
1698 2542 1851 2583 supradi-

1114 2601 1163 2629 cta
1181 2596 1364 2628 constitutio
1381 2595 1481 2637 as'sioec‘z
1500 2600 1526 2627 et
1542 2595 1705 2637 publicata
1727 2596 1790 2636 fuit
1807 2596 1849 2627 att

1860 224 1906 248 An.
1924 223 1951 248 C.
1975 223 2040 249 1670

1933 1230 2047 1251 Contrariis

1862 1258 1956 1279 ‹tm-0:³¹.

1897 1600 2046 1625 Transumpto-

1865 1633 1907 1647 unm
1924 1628 1934 1646 ti
1946 1629 1975 1646 tn»
