2279 3260
218 249 268 277 An.
285 248 313 276 c,
337 249 405 276 lew
451 239 515 273 630

996 246 1175 273 acuminat
1198 241 1350 271 ROMANUM*

412 297 580 330 Praeterea
595 297 626 330 in
641 297 793 331 omnibus
811 296 1020 335 conventibus
1040 300 1072 328 et
1087 296 1147 327 col·
1191 304 1256 326 rem
1295 294 1430 338 recipiat
1468 295 1743 338 flagellationem;
1771 293 1858 338 quod
1895 293 1922 326 si

411 350 505 393 legiis
520 355 667 384 cantetur
684 350 871 384 solemniter
884 349 1061 392 antiphona
1078 347 1149 380 Sal-

412 413 447 436 ve
470 403 596 447 Reyina
612 403 754 437 sabbatis
772 403 869 435 totius
890 401 965 434 anni
987 406 1018 433 et
1034 400 1147 433 diebus

413 457 608 501 vespertinis
645 457 849 490 festivitatum
881 456 995 487 Beatae
1032 453 1147 485 Mariae

413 509 563 553 Virginis.
591 509 649 548 Qui
676 520 761 548 vero,
782 509 851 540 sine
877 507 1019 545 licentia,
1046 505 1148 538 dictae

413 562 529 595 missae
556 563 605 594 vel
633 561 830 604 antiphonae
856 569 921 591 non
948 557 1146 596 interfuerit,

413 615 513 647 semel
538 613 570 646 in
596 615 683 646 terra
707 612 853 645 comedat
877 611 946 643 sine
972 609 1111 653 caputio.

413 702 542 731 niveum
566 709 659 730 CAPUT
682 699 789 729 XV.—
803 698 955 728 Ieiunent
977 697 1018 728 ab
1039 697 1148 726 idibus

635 748 845 788 septemb-ie,
863 751 923 777 etc.

553 823 655 862 Caput.
681 831 728 852 xv.
753 840 789 844 —
814 822 852 851 De
874 821 997 851 ieiuniis.

457 917 478 939 1.
512 906 642 937 Praeter
677 903 796 937 ieiunia
832 904 864 935 in
898 903 1009 945 regula
1039 902 1150 934 nostra

412 962 595 1001 praecepta,
607 957 754 989 ieiunent
770 956 867 988 etiam
883 953 1027 997 religiosi
1047 952 1148 985 nostri

411 1010 562 1044 omnibus
581 1009 667 1042 feriis
689 1008 787 1041 sextis
805 1008 900 1040 totius
919 1006 1008 1046 anni,
1023 1008 1150 1038 necnon

412 1064 444 1096 in
476 1063 589 1096 diebus
624 1060 815 1104 vespertinis
851 1060 905 1093 SS.
930 1058 1146 1097 Sacramenti,

413 1114 528 1147 Beatae
549 1113 666 1145 Mariae
685 1112 822 1154 Virginis
836 1139 844 1152 ,
872 1117 903 1144 et
925 1110 1027 1143 sancti
1050 1109 1149 1153 patris

413 1166 514 1199 nostri
528 1166 653 1206 Felicis,
666 1176 702 1198 ac
716 1165 749 1197 in
763 1164 813 1198 die
829 1164 931 1197 sancti
946 1163 1041 1196 Marci
1053 1162 1149 1195 Evan-

413 1219 556 1261 gelistae,
583 1224 615 1251 et
631 1218 711 1251 feria
729 1218 880 1257 secunda,
900 1217 991 1249 tertia
1009 1221 1040 1248 et
1056 1226 1150 1258 quar-

414 1275 444 1305 ta
469 1271 663 1304 immediatis
680 1271 719 1303 ad
737 1271 852 1303 festum
869 1269 1077 1302 Ascensionis
1092 1268 1151 1300 Do-

413 1325 501 1365 mini,
527 1324 588 1357 nisi
609 1324 765 1356 solemnis
790 1322 947 1355 festivitas
973 1321 1151 1354 intervene-

414 1378 467 1410 rit.
506 1377 566 1410 Per
599 1378 761 1410 solemnes
797 1381 904 1408 autent
938 1374 1150 1416 intelligimus

414 1429 605 1463 festivitates
630 1429 733 1462 nostri
758 1428 886 1461 Ordinis
903 1434 935 1460 et
950 1428 1065 1460 Beatae
1083 1427 1150 1458 Yir-

413 1483 496 1525 ginis
521 1482 636 1514 Mariae
655 1487 687 1514 et
703 1491 785 1524 qnae
811 1481 850 1513 ad
875 1479 1057 1513 colendam⁴
1076 1490 1150 1522 pro-

413 1535 615 1567 nunciantur.
644 1534 803 1566 ieiunium
828 1543 902 1565 vero
924 1533 1022 1565 feriae
1040 1537 1149 1565 sextae

413 1587 544 1620 maioris
560 1587 785 1620 hebdomadae
804 1586 865 1618 erit
880 1586 911 1618 in
925 1596 1008 1629 pane
1026 1591 1056 1618 et
1069 1589 1151 1628 aqua

415 1646 550 1673 tantum.

458 1705 491 1727 11.
519 1694 553 1726 ln
578 1694 707 1727 ieiuniis
733 1694 894 1727 Ecclesiae
926 1704 986 1737 pro
1011 1693 1150 1726 serotina

413 1747 647 1780 refectiuncula
671 1747 873 1779 ministretur
899 1747 1071 1779 frustulum
1096 1758 1152 1790 pa—

412 1799 462 1832 nis
488 1805 519 1832 et
543 1810 677 1843 pomum
697 1800 841 1842 aliquod,
862 1801 911 1832 vel
933 1800 1010 1843 quid
1032 1799 1148 1832 simile.

413 1853 448 1886 In
472 1853 601 1886 ieiuniis
621 1864 697 1886 vero
715 1853 853 1892 Ordinis,
881 1864 952 1885 cum
972 1864 1055 1896 pane
1074 1863 1152 1885 non-

413 1907 503 1939 nulla
522 1906 741 1949 praebeantur
759 1907 857 1945 olera,
877 1906 920 1938 ita
938 1911 972 1937 ut
987 1906 1089 1938 forma
1106 1906 1152 1938 ie-

414 1959 495 1992 iunii
513 1969 578 1991 non
597 1959 782 1991 excedatur.

414 2048 548 2076 Renoua
575 2056 667 2075 earm
694 2047 777 2075 XVI.
805 2062 843 2068 —
867 2045 1032 2076 Carnibus
1064 2047 1153 2076 vesci

435 2095 530 2125 liceat
544 2099 669 2124 tantum
684 2095 716 2123 in
733 2095 905 2125 d0n1=fnicis
921 2095 1053 2131 diebus,
1070 2100 1130 2125 etc.

439 2171 536 2209 Caput
557 2180 618 2199 xw.
640 2185 677 2191 -
701 2169 739 2199 De
761 2170 923 2199 abstinenti}
946 2180 961 2199 α
983 2171 1123 2199 carnibus.

461 2264 482 2287 1.
509 2254 540 2287 Si
566 2255 638 2298 quis
663 2255 834 2297 religiosus
866 2255 988 2298 absque
1021 2255 1152 2288 licentia

417 2313 449 2341 et
473 2310 567 2339 causa
584 2308 616 2339 in
636 2308 749 2340 diebus
769 2318 827 2350 per
847 2309 992 2350 regulam
1009 2313 1150 2341 nostram

417 2361 593 2405 prohibitis
619 2360 651 2393 id
677 2360 808 2400 ederiffl,
837 2362 924 2405 quod
949 2362 1093 2395 Ecclesia
1121 2363 1151 2394 in

419 2414 469 2447 die
509 2414 635 2447 veneris
670 2414 858 2447 manducari
897 2415 1061 2457 prohibet,
1094 2426 1152 2458 pro

419 2468 521 2510 prima
551 2467 619 2500 vice
656 2467 778 2500 ieiunet
813 2469 914 2500 semel
950 2467 1090 2510 inpane
1124 2474 1154 2501 et

418 2522 502 2564 aqua
527 2525 657 2559 tantum,
677 2531 737 2563 pro
755 2521 894 2552 secunda
919 2531 995 2553 vero
1021 2522 1153 2554 circula-

455 2593 465 2617 1
488 2590 582 2618 Potius
601 2591 660 2624 lege
680 2591 840 2625 colendum,
862 2595 890 2617 ut
909 2597 989 2625 supra
1007 2598 1043 2622 (τι.
1061 2594 1108 2624 τ.).

453 2635 468 2662 2
492 2635 539 2662 Ed.
555 2635 633 2662 Maiu.
654 2636 717 2671 legit
737 2636 860 2663 ediderit
877 2644 922 2671 pro
939 2636 1029 2663 ederi!
1049 2644 1086 2670 tn.
1103 2637 1150 2671 Γ).

1190 346 1286 379 fherit
1310 348 1482 390 praelatus,
1507 359 1616 382 severe
1641 348 1793 391 puniatur
1811 347 1848 379 ad
1873 357 1924 379 ar-

1188 399 1320 431 bitrium
1346 400 1395 432 sui
1421 401 1610 444 superioris;
1637 406 1669 433 et
1693 401 1719 433 si
1744 399 1925 434 comederit

1190 462 1297 485 eoram
1314 453 1539 494 saecularibus
1554 464 1612 497 per
1625 454 1736 487 decem
1755 453 1822 486 dies
1834 462 1925 485 exer-

1190 503 1264 537 citia
1291 505 1387 537 faciet
1417 505 1617 548 spiritualia;
1653 505 1804 549 superior
1835 505 1923 545 item,

1191 557 1245 599 qui
1276 557 1345 589 sine
1375 558 1568 590 necessitate
1601 558 1787 601 praebuerit
1814 557 1923 590 darive

1190 608 1375 651 permiserit
1398 620 1514 642 carnes
1544 610 1603 642 toti
1640 620 1816 653 magnaeve
1841 609 1924 653 parti

1190 662 1441 702 communitatis,
1458 663 1674 706 suspendatur
1687 663 1727 695 ab
1742 662 1848 696 officio
1865 671 1925 705 per

1191 715 1270 747 duos
1294 725 1434 747 menses.

1234 777 1268 799 11.
1297 767 1342 800 Ad
1379 767 1534 800 maiorem
1571 777 1646 800 vero
1685 767 1925 800 observantiam

1191 825 1319 852 nostrae
1344 820 1490 861 regulae,
1518 820 1734 862 praecipimus
1759 819 1791 851 in
1806 819 1925 852 virtute

1191 878 1320 905 sanctae
1345 872 1551 905 obedientiae
1572 873 1723 905 omnibus
1743 877 1775 905 et
1791 871 1926 915 singulis

1192 925 1311 958 nostris
1344 925 1506 968 religiosis
1542 936 1582 958 ne
1613 926 1783 958 comedant
1812 935 1926 957 carnes

1192 984 1280 1011 extra
1306 979 1418 1011 domos
1444 983 1575 1011 nostrae
1601 978 1770 1021 religionis
1795 977 1827 1010 in
1859 977 1927 1010 die-

1191 1031 1250 1063 bus
1276 1031 1448 1074 prohibitis
1474 1041 1532 1074 per
1556 1032 1712 1074 regulam,
1739 1030 1863 1074 absque
1887 1029 1926 1062 li-

1191 1085 1295 1117 centia
1320 1085 1352 1117 in
1378 1085 1503 1128 scriptis
1529 1085 1666 1128 praelati
1692 1084 1752 1124 sui,
1776 1084 1863 1116 iuxta
1880 1088 1926 1117 te-

1192 1148 1304 1171 norem
1336 1139 1467 1180 regulae
1493 1138 1614 1181 ipsius;
1649 1138 1732 1181 quod
1757 1137 1782 1169 si
1807 1137 1925 1180 aliquis

1192 1192 1224 1223 in
1249 1191 1397 1223 morbum
1424 1191 1582 1231 inciderit,
1616 1190 1806 1233 distansque
1831 1189 1927 1222 fuerit

1192 1254 1209 1276 a
1233 1248 1404 1283 conventu,
1422 1243 1466 1275 ita
1483 1248 1517 1275 ut
1537 1254 1601 1276 non
1626 1243 1728 1285 possit
1754 1242 1847 1275 facile
1872 1242 1927 1274 ob-

1193 1297 1295 1329 tinere
1331 1296 1493 1328 licentiam
1522 1306 1539 1328 a
1571 1296 1728 1338 praelato,
1760 1295 1805 1328 eis
1840 1294 1926 1328 vesci

1191 1349 1308 1392 poterit
1329 1349 1444 1381 virtute
1470 1347 1565 1380 huius
1591 1347 1840 1381 constitutionis.

1236 1412 1283 1435 111.
1309 1401 1423 1434 Nullus
1449 1401 1632 1443 religiosus,
1659 1401 1802 1444 quamvis
1828 1401 1929 1434 imbe-

1192 1454 1297 1487 cillem
1325 1454 1444 1486 habeat
1474 1453 1695 1486 valetudinem
1721 1458 1752 1486 et
1777 1453 1929 1496 frequen-

1193 1513 1238 1540 tes
1262 1507 1540 1551 indispositiones,
1560 1517 1689 1539 carnem
1713 1507 1861 1539 comedat
1877 1508 1928 1540 vel

1192 1561 1294 1602 linteo
1317 1565 1429 1593 utatur
1453 1559 1573 1602 absque
1599 1560 1718 1592 licenta
1749 1559 1796 1592 sui
1821 1559 1928 1594 minis-

1193 1614 1242 1655 tri,
1268 1614 1323 1657 qui
1341 1624 1410 1646 eam
1431 1613 1594 1652 concedat,
1616 1617 1741 1645 mature
1766 1613 1930 1656 perpensa

1195 1667 1402 1708 necessitate,
1428 1672 1459 1699 et
1489 1677 1548 1710 pro
1575 1672 1719 1709 tempore
1752 1666 1930 1699 durationis

1193 1721 1290 1753 illius.

1238 1784 1279 1807 lv.
1307 1773 1443 1806 Ministri
1469 1778 1582 1806 curent
1601 1779 1632 1806 et
1651 1773 1841 1806 charitative
1859 1773 1931 1806 hor·

1196 1833 1302 1860 tentur
1327 1826 1509 1869 religiosos,
1535 1827 1588 1869 qui
1612 1837 1670 1869 pro
1696 1826 1822 1859 infirma
1846 1827 1932 1860 vale-

1195 1879 1306 1912 tudine
1325 1878 1473 1911 carnibus
1494 1884 1678 1919 vescuntur,
1697 1883 1732 1910 ut
1751 1879 1791 1911 ab
1812 1879 1850 1912 iis
1870 1889 1931 1923 pro

1195 1931 1303 1975 aliquo
1322 1936 1470 1974 tempore
1490 1942 1524 1963 se
1541 1931 1740 1972 abstineant3
1763 1932 1932 1974 experien-

1195 1985 1238 2016 tia
1262 1994 1403 2027 namque
1428 1988 1632 2026 compertum
1649 1988 1697 2016 est
1725 1984 1932 2026 quamplures

1196 2039 1261 2071 fere
1287 2049 1303 2070 a
1328 2039 1431 2071 salute
1457 2037 1644 2080 desperatos
1671 2046 1882 2079 recuperasse
1900 2036 1933 2069 il-

1195 2093 1267 2131 lam,
1295 2091 1377 2123 vitae
1404 2089 1568 2122 communi
1587 2100 1621 2122 se
1642 2090 1883 2122 conformantes
1901 2094 1933 2122 et

1195 2145 1227 2176 in
1244 2144 1378 2177 Domino
1398 2142 1592 2175 fiducialiter
1617 2147 1797 2185 sperantes.

1217 2234 1344 2263 REGULAE
1367 2240 1459 2261 meur
1482 2229 1566 2259 xvll.
1588 2246 1627 2252 —
1647 2229 1782 2259 Possint
1803 2237 1913 2260 emere

1363 2280 1405 2310 ad
1426 2290 1523 2309 suum
1544 2279 1679 2314 victum,
1702 2283 1764 2308 etc.

1215 2352 1305 2391 Caput
1326 2359 1394 2380 xvii.
1417 2367 1457 2372 —-—
1478 2350 1516 2379 De
1537 2350 1594 2379 cibo
1616 2354 1640 2379 et
1663 2350 1773 2380 honesta
1793 2351 1917 2389 fratrum

1472 2401 1649 2428 recreatione.

1241 2478 1261 2499 1.
1289 2466 1480 2509 Superiores
1516 2466 1727 2509 suppeditent
1751 2466 1935 2500 necessaria

1197 2522 1235 2553 tle
1275 2520 1356 2552 victu
1396 2519 1559 2561 religiosis
1598 2519 1685 2552 iuxta
1721 2520 1935 2562 indigentiam

1197 2575 1357 2616 ipsorum3
1386 2573 1471 2615 quod
1497 2573 1522 2605 si
1548 2579 1684 2615 propter
1701 2573 1935 2616 negligentiam

1199 2628 1244 2659 iel
1272 2626 1384 2658 domus
1396 2631 1627 2669 paupertatem
1648 2637 1713 2659 non
1730 2626 1931 2671 provideant,

1934 244 1985 272 An.
2000 243 2029 272 C.
2047 244 2118 272 1370

1971 2474 1982 2501 ς
1999 2473 2017 2495 ¹.
2035 2473 2066 2496 De
2080 2474 2130 2496 cibo

1947 2503 2066 2531 nostrorum
2083 2501 2133 2523 roti-

1947 2532 2063 2554 giosorum.
