2279 3260
244 239 294 265 An.
314 239 341 264 C.
368 240 432 267 usa»
482 232 541 264 112

269 720 389 742 Emunnvn.

281 1088 381 1108 Gonnum
403 1091 425 1109 nt.

239 1115 262 1135 In
277 1115 370 1136 rutmca.

273 2463 423 2490 Transumplo-

239 2496 284 2510 rum
300 2490 359 2510 lidos.

436 359 650 400 ,ΙηιΙΗΙςμνιΙὶα
675 361 726 392 (ἰίν
752 373 771 394 ιι
798 363 932 401 anquslz'
955 374 1012 404 pro
1037 363 1175 394 ecclesiis

481 412 615 443 Ordinis
657 416 761 445 seneli
804 415 970 446 lvi-nemim·
1010 415 1174 446 tumorum

480 465 750 497 Connominalium
771 467 889 509 ulu'qne
907 467 1047 498 locorum
1065 468 1174 499 erectis

478 517 526 549 rel
551 518 711 560 e'riglemlis
726 517 743 551 ¹.

651 599 783 625 Clemens
807 600 884 632 Papa
908 600 953 630 X.

555 643 591 668 ad
612 646 785 676 perpetuam
806 644 848 670 rei
870 643 1052 670 memoriam.

481 713 670 745 Caelestium
699 724 868 746 munerum
895 714 1074 753 thesauros,
1095 725 1173 757 quo-

437 766 794 808 rumdispensationem
806 766 897 798 nobis
911 766 1068 799 commisit
1078 767 1171 807 Dens,

436 817 586 860 prudenti
612 817 802 850 liberalitate
828 818 967 851 libenter
991 829 1172 861 erogamus,

434 881 507 903 cuni
533 871 565 902 id
591 871 628 903 ad
655 871 853 903 excitandam
890 872 1121 915 fovendamque
1140 871 1174 903 fi-

434 923 555 955 delium
581 923 773 965 religionem
798 929 893 968 atque
919 924 1121 958 devotionem
1141 929 1173 957 et

434 977 683 1018 promovemlam
708 977 886 1009 animarum
910 977 1044 1010 salutem
1062 978 1173 1020 prosu-

436 1034 542 1060 turum
568 1040 749 1072 speraums.

480 1081 550 1124 §sk
589 1081 881 1124 Supplicationibus
918 1082 1027 1126 itaque
1064 1083 1171 1116 dilecti

436 1135 492 1167 lilii
519 1135 681 1167 Laurentii
709 1136 853 1168 Bram·ati
879 1147 895 1168 a
921 1136 1052 1177 Laurea,
1066 1137 1172 1170 fratris

436 1198 591 1230 expresse
617 1188 756 1230 professi
775 1188 904 1221 Ordinis
924 1189 1083 1221 Minorum
1101 1200 1172 1222 san-

436 1241 476 1272 cti
502 1240 660 1273 Francisci
682 1240 945 1274 Conventualium
974 1248 1172 1285 nuncupato-

436 1304 517 1332 rum,
544 1293 574 1325 in
601 1296 689 1326 sacra
716 1293 879 1335 theologia
904 1294 1058 1336 magistri,
1080 1295 1172 1327 nobis

435 1356 534 1389 super
556 1347 617 1379 boc
644 1347 809 1378 humiliter
827 1347 984 1389 porrectis
1005 1346 1172 1386 inclinati,

435 1409 471 1430 ac
495 1399 533 1431 de
560 1398 793 1441 omnipotentis
815 1399 869 1432 Dei
890 1399 1111 1432 misericordia
1138 1411 1172 1432 ac

434 1451 602 1484 beatorum
618 1452 699 1484 Petri
716 1457 746 1484 et
761 1452 848 1485 Pauli
867 1453 1085 1495 apostolorum
1104 1454 1171 1486 eius

434 1505 621 1537 auctoritate
658 1504 792 1545 contisi,
827 1505 977 1538 omnibus
1010 1510 1040 1538 et.
1064 1506 1173 1548 singu-

435 1557 473 1590 lis
492 1558 660 1600 ntriusqne
680 1556 779 1590 'sexus
804 1547 1069 1591 christifidelibus
1098 1570 1171 1592 vere

435 1611 678 1653 poenitentibus
698 1617 728 1643 et
752 1611 918 1651 confessis,
933 1622 968 1643 ac
984 1614 1074 1644 sacra
1091 1622 1172 1645 com-

434 1663 587 1695 munione
614 1664 754 1704 resectis,
782 1664 834 1706 qui
860 1664 999 1707 aliquam
1017 1675 1053 1697 ex
1072 1666 1173 1698 eccle-

434 1715 490 1747 siis
517 1716 648 1748 fratrum
673 1716 747 1748 dicti
773 1716 911 1756 Ordinis,
933 1722 995 1749 tam
1017 1717 1171 1750 hactenus

435 1768 548 1800 erectis
562 1779 655 1811 qnam
670 1768 700 1800 in
720 1774 887 1811 posterum
903 1770 1172 1814 quandocumque

435 1819 605 1862 erigendis,
621 1826 653 1853 et
664 1821 860 1864 ubicumque
879 1823 1022 1855 locorum
1037 1823 1172 1855 existen-

435 1874 539 1913 tibus,
566 1874 616 1906 die
642 1885 664 1908 11
689 1875 815 1916 augusti
845 1885 861 1907 a
886 1875 999 1917 primis
1029 1876 1171 1918 vesperis

435 1937 536 1970 usque
562 1928 600 1959 ad
625 1937 772 1959 occasum
794 1927 871 1960 solis
898 1928 968 1960 sesti
984 1927 1171 1962 huiusmodi

435 1980 526 2012 annis
551 1980 687 2028 singulis
713 1980 827 2013 devote
853 1980 1063 2022 visitaverint,
1078 1987 1109 2014 et
1129 1982 1171 2014 ibi

435 2042 494 2074 pro
519 2033 771 2065 christianonnn
797 2033 978 2076 principum
991 2034 1170 2075 concordia,

435 2085 605 2118 haeresum
624 2085 847 2128 extirpatione,
866 2097 901 2118 ac
918 2091 1044 2119 sanctae
1065 2087 1171 2120 Matris

434 2137 595 2170 Ecclesiae
621 2138 812 2171 exaltatione
837 2138 905 2181 pias
925 2139 964 2171 ad
980 2139 1077 2171 Deum
1098 2151 1172 2183 pre-

434 2201 486 2223 ces
510 2189 704 2230 effiiderint,
729 2191 904 2234 plenariam
930 2192 1073 2225 omnium
1098 2204 1171 2236 pec-

434 2249 578 2276 catorum
603 2254 736 2276 suorum
754 2244 987 2287 indulgentiam
1006 2251 1037 2278 ct
1062 2247 1171 2280 remis·
1191 2262 1192 2266 ¹

433 2297 560 2330 sionem
585 2297 836 2331 misericorditer
867 2298 899 2330 in
924 2299 1058 2332 Domino
1095 2311 1170 2332 con·
1191 2327 1192 2332 ,

434 2349 598 2390 cediruus;
624 2350 848 2392 praesentibus
867 2352 1034 2394 perpetuis
1053 2352 1168 2385 suturis

436 2403 636 2445 temporibus
661 2403 816 2435 valituris.

480 2456 494 2497 ξ
526 2455 557 2487 ⁶3.
588 2455 742 2488 Volumus
768 2460 922 2488 autemut
944 2457 1169 2500 levraesentium

435 2508 616 2542 litterarum
647 2509 862 2552 transumptis
882 2537 890 2549 ,
917 2520 973 2543 seu
1001 2511 1167 2554 exemplis,

471 2626 481 2657 1
505 2624 578 2651 Nunc
598 2624 711 2660 primum
733 2625 873 2660 impressa.

1021 245 1197 268 lwtlAlllt'M
1225 246 1372 269 ttoittNltn

1218 293 1314 324 etiam
1344 293 1523 335 impressis,
1557 306 1651 327 maim
1677 296 1814 329 alieuius
1832 297 1950 329 notarii

1218 344 1339 386 publici
1359 346 1573 389 subscriptis,
1601 353 1633 379 et
1652 349 1762 390 sigillo
1786 360 1951 392 personae

1216 397 1248 429 in
1288 400 1512 433 ecclesiastiea
1553 401 1712 444 dignitate
1752 403 1951 436 constitutae

1217 451 1360 492 munitis,
1381 453 1494 485 eadem
1514 464 1652 496 prorsus
1670 454 1751 488 fidos
1778 456 1950 496 habeatur,

1216 514 1299 545 quae
1336 505 1518 537 haberetur
1549 507 1630 549 ipsis
1663 508 1897 551 praesentibus
1923 508 1950 542 si

1216 556 1325 589 l'orent
1350 557 1515 591 exhibitae
1541 561 1591 593 vel
1617 565 1783 593 ostensae.

1258 608 1372 641 Datum
1402 610 1538 651 Romae,
1565 613 1651 655 apud
1676 613 1707 646 S.
1734 614 1865 647 Mariam
1890 614 1953 648 Ma-

1214 660 1338 702 iorem,
1362 663 1420 694 sut)
1452 664 1573 697 annulo
1605 664 1796 706 Piscatoris,
1828 667 1880 700 die
1914 677 1951 700 111

1215 714 1357 746 octobris
1399 724 1526 748 MDCLxx
1549 742 1557 756 ‚
1598 717 1806 759 pontificatus
1848 718 1952 753 nostri

1214 776 1299 799 anno
1325 777 1348 800 1.

1610 821 1633 855 I.
1661 821 1697 856 G.
1720 822 1861 858 SLoqus.

1250 881 1310 907 Dat.
1328 880 1371 908 die
1386 881 1402 908 3
1418 881 1538 910 octubris
1555 883 1632 917 1670,
1649 884 1743 919 pontif.
1760 893 1831 912 anno
1846 891 1865 913 1.

1250 943 1418 976 Reqiseraea
1437 943 1471 970 in
1490 944 1657 973 secretaria
1686 946 1717 973 in
1743 946 1793 974 lib.
1813 947 1955 976 Brevium

1214 978 1321 1005 mensis
1340 979 1471 1006 octobris.

1516 1121 1649 1155 XXXIV.

1214 1198 1380 1231 Stalulum
1405 1200 1442 1232 in
1466 1210 1529 1243 quo
1553 1201 1741 1234 declaratur
1765 1213 1873 1235 omnes
1896 1214 1953 1247 qe-

1257 1251 1413 1284 neraliler
1436 1252 1556 1285 Montis
1580 1254 1720 1286 Pietatis
1740 1254 1895 1288 debitores
1919 1257 1956 1289 in

1257 1304 1362 1345 sormd
1379 1315 1524 1337 camerae
1544 1316 1607 1338 esse
1630 1307 1799 1350 obliyatos,
1824 1313 1851 1340 el
1877 1313 1956 1341 lam-

1258 1367 1359 1399 quam
1384 1357 1463 1390 tales
1488 1358 1530 1390 ad
1555 1359 1659 1392 eidem
1686 1360 1791 1393 Menti
1818 1362 1956 1405 satisfa-

1258 1410 1408 1443 ciendum
1434 1412 1547 1446 teneri.

1435 1492 1569 1519 Clemens
1589 1494 1668 1527 Papa
1687 1494 1711 1521 X
1724 1515 1732 1527 ,

1338 1537 1374 1563 ad
1389 1539 1566 1570 perpetuam
1581 1537 1626 1564 rei
1646 1538 1829 1566 memoriam.

1259 1606 1429 1650 AEquitatis
1454 1612 1485 1640 et
1509 1607 1648 1641 institiae
1675 1609 1756 1642 ratio
1783 1610 1895 1653 exigit,
1922 1617 1954 1645 et

1215 1660 1370 1702 plurimae
1389 1671 1470 1703 quae
1488 1671 1524 1693 ex
1543 1661 1647 1694 Monte
1665 1661 1792 1695 Pietatis
1811 1664 1849 1696 de
1867 1663 1952 1698 Urbe

1216 1713 1247 1744 in
1273 1713 1438 1756 publicum
1463 1714 1591 1746 assidue
1617 1715 1814 1757 proveniunt
1836 1717 1955 1750 utilita-

1217 1770 1262 1798 tes
1287 1766 1433 1803 suadent,
1450 1772 1483 1798 ut
1505 1767 1593 1799 illius
1618 1767 1834 1809 indemnitati,
1856 1780 1956 1813 quan-

1216 1824 1281 1851 tum
1307 1829 1381 1852 cum
1408 1819 1543 1852 Domino
1566 1830 1755 1863 possumus,
1782 1823 1953 1856 consulere

1215 1873 1412 1905 studeamus.

1258 1925 1272 1968 g
1296 1925 1327 1957 1.
1354 1925 1477 1968 Exponi
1499 1925 1660 1968 siquidem
1680 1926 1772 1959 nobis
1789 1937 1892 1972 nuper
1910 1929 2145 1985 se-Coffiffiuffiisus

1214 1983 1326 2011 cerunt
1350 1978 1456 2011 dilecti
1476 1978 1532 2011 tilii
1554 1979 1741 2022 provisores
1758 1985 1789 2013 et
1806 1981 1950 2024 deputati

1215 2031 1291 2063 dicti
1317 2031 1445 2071 Montis,
1468 2032 1564 2074 quod,
1582 2042 1618 2064 ex
1634 2032 1853 2075 ‹dispositione
1875 2045 1951 2077 qua-

1215 2084 1360 2116 rumdam
1398 2084 1503 2119 selicjs
1534 2085 1770 2118 recordationis
1803 2086 1951 2129 Gregorii

1214 2137 1317 2180 Papae
1343 2137 1408 2170 XIII
1433 2138 1695 2180 praedecessoris
1721 2139 1842 2180 nostri,
1866 2139 1954 2173 bona

1214 2192 1288 2224 dicti
1313 2192 1439 2232 Montis,
1458 2192 1496 2225 ad
1515 2192 1655 2225 savorem
1676 2193 1807 2226 illorum
1824 2193 1878 2237 qui
1896 2204 1953 2237 pe-

1213 2245 1322 2278 cunias
1340 2245 1372 2277 in
1394 2244 1495 2278 banco
1516 2244 1618 2288 ipsius
1636 2245 1749 2278 Montis
1771 2245 1949 2289 deponunt,

1212 2308 1272 2341 pro
1297 2297 1501 2332 restitutione
1526 2298 1748 2341 depositorum
1774 2298 1949 2332 efficaciter

1212 2352 1353 2394 obligata
1376 2356 1471 2391 sunt,
1496 2351 1631 2394 perinde
1660 2362 1695 2383 ac
1719 2352 1743 2383 si
1769 2362 1841 2384 cum
1866 2363 1948 2385 uuo—

1213 2414 1343 2447 quoqne
1368 2404 1536 2437 cameralis
1569 2403 1723 2447 obligatio
1748 2404 1949 2438 intercessis-

1212 2463 1273 2491 set.
1301 2458 1379 2491 Cum
1405 2462 1525 2498 autem,
1552 2457 1634 2491 sieut
1659 2458 1771 2491 eadem
1793 2458 1950 2501 expositio

1211 2511 1437 2554 subiungebat,
1464 2511 1627 2543 interdum
1652 2511 1789 2552 eveniat,
1809 2516 1844 2543 ut
1863 2511 1951 2544 Mou-

1212 2566 1251 2597 tis
1277 2564 1432 2608 praedicti
1458 2564 1622 2597 debitores
1643 2570 1832 2598 remaneant
1847 2564 1946 2608 aliqui

1211 2618 1335 2662 privati,
1362 2629 1397 2650 ac
1423 2619 1517 2651 etiam
1537 2619 1692 2651 nonnulla
1714 2620 1784 2653 loca
1808 2619 1876 2662 pia;
1896 2630 1947 2654 ac-

1961 249 2009 275 Λη.
2026 248 2055 276 C.
2078 249 2144 277 1670

1990 1623 2131 1646 Prooemium.
