2279 3260
175 265 227 294 An.
249 266 276 292 C.
295 266 356 294 1671

208 354 211 356 ¹
230 328 258 347 Αι,
283 331 358 346 mm<
413 314 427 357 ἓ
445 313 476 346 2.
495 312 815 356 Praecipicnt,‹·s‚sub
831 312 953 345 eisdem
972 312 1098 355 poeuis,

176 353 358 401 flss'c‘iarssffmmum
370 371 406 398 ut
422 366 536 398 fratres
562 366 672 404 exteri,
692 366 744 408 qni
760 366 791 397 in
818 365 940 397 eisdem
961 375 1103 396 conven-

371 419 466 458 tibus,
485 429 540 451 seu
566 428 677 451 eornm
692 419 804 457 altero,
827 428 950 452 moram
970 417 1104 459 quinde-

371 470 431 502 cim
461 471 585 502 dierum
610 471 749 513 spatium
786 470 915 502 traxisse
946 471 984 502 de
1013 479 1104 511 prae-

370 522 451 555 senti
476 523 691 566 reperiuntur,
714 523 819 554 statim
843 528 937 564 atque
954 532 1118 564 praesum.

370 580 417 608 tes
443 575 568 609 litterae
594 576 715 608 ibidem
747 576 932 619 publicatae
963 574 1102 612 suerint,

368 628 443 660 inde
471 629 638 661 discedant
672 629 711 661 ad
747 629 894 671 proprias
923 627 1104 670 provincias

367 681 544 713 reversuri.
572 680 661 718 Quod
697 681 723 713 si
748 680 879 723 negotia
904 676 1103 712 balnwrunt¹

368 744 450 776 quae
477 738 538 765 tam
565 733 627 767 cito
654 739 818 777 nequeant
843 733 1003 775 expediri,
1029 731 1126 770 scri-¹

367 791 479 828 pturas
501 786 556 819 itta
581 791 818 819 concernentes
843 785 1039 827 consignent
1060 784 1106 815 di·
1125 773 1126 798 l

368 839 451 871 lecto
476 838 543 872 filio
568 850 680 872 eorum
712 838 913 881 procuratori
942 835 1103 879 generali,

369 892 423 935 qui
450 893 562 925 eadem
589 892 719 935 negotia
751 893 865 925 sedulo
890 889 1102 934 pertractari,
1124 916 1126 932 z

369 949 408 985 et,
432 945 669 988 quamprimum
693 944 763 977 {ieri
788 944 929 987 poterit,
961 942 1103 985 expediri
1124 941 1126 957 ⁴

369 1003 471 1030 curet.

413 1051 427 1093 ἓ
452 1049 483 1083 3.
511 1050 622 1089 Porro,
655 1050 680 1082 si
706 1049 777 1092 quis
801 1053 1005 1092 praesentem
1031 1057 1105 1090 pro-

370 1102 561 1135 hibitionem
594 1103 725 1135 eludere
757 1102 942 1141 tentaverit,
967 1101 1004 1134 ad
1031 1110 1106 1132 con-

369 1160 484 1188 ventus
503 1160 592 1188 extra
603 1155 723 1188 Urbem
742 1155 899 1197 tantisper
912 1153 1103 1191 secedendo,

370 1214 402 1241 et
418 1208 450 1240 in
468 1209 616 1241 eamdem
629 1208 748 1241 Urbem
766 1207 994 1250 regrediendo,
1012 1205 1105 1248 quasi

369 1262 428 1294 sibi
464 1263 497 1294 in
527 1262 737 1295 conventibus
770 1261 924 1304 praefatis
962 1271 1018 1292 seu
1051 1270 1106 1292 eo*

368 1325 441 1347 rum
474 1316 576 1348 altero
614 1325 673 1357 per
707 1315 786 1347 alios
819 1314 1003 1356 quindecim
1038 1313 1106 1345 dies

370 1368 565 1400 commorari
591 1368 705 1407 liceat,
726 1372 790 1399 tam
809 1367 887 1410 ipse,
906 1376 1000 1409 quam
1015 1376 1107 1408 guar-

370 1420 470 1460 diani,
489 1431 544 1453 seu
561 1421 745 1464 superiores
770 1419 936 1463 praedicti,
957 1419 1008 1462 qui
1029 1419 1107 1451 eius-

369 1474 455 1507 modi
480 1474 627 1507 elusoriis
646 1473 813 1506 conatibus
832 1483 897 1505 non
915 1472 1106 1511 obstiterint,

371 1527 486 1570 poenis
511 1526 704 1570 supradictis
730 1525 862 1558 omnino
887 1525 1083 1558 subiaceant.

418 1579 444 1621 ἓ.
472 1578 503 1611 4.
531 1579 748 1611 Deccrnentes
770 1578 899 1610 easdem
920 1583 1110 1620 praesentes

374 1631 499 1664 litteras
524 1631 639 1671 firmas,
673 1631 793 1664 validas
819 1636 850 1663 et
875 1628 1020 1663 efficaces
1045 1630 1111 1662 cxi-

376 1689 462 1716 stere
480 1689 511 1716 et
536 1684 622 1723 sore,
649 1694 789 1726 suosque
815 1683 982 1726 plenarios
1007 1688 1038 1715 et
1063 1683 1112 1714 in-

373 1742 483 1778 tegros
509 1736 642 1769 effectus
673 1736 781 1768 sortiri
815 1741 846 1767 et
877 1736 1049 1775 obtinere,
1077 1746 1113 1767 ac

373 1790 451 1830 illis,
472 1791 511 1822 ad
544 1801 624 1832 quos
657 1794 783 1832 spectat
814 1795 845 1821 et
875 1799 934 1832 pro
967 1794 1112 1831 tempore

376 1843 647 1885 quandocumque
673 1841 855 1884 spectabit,
885 1841 1114 1874 inviolabiliter

378 1895 556 1927 observari.

423 1947 437 1990 ἓ
462 1947 493 1979 5.
521 1947 636 1989 Sicque
663 1947 694 1979 in
716 1947 901 1990 praemissis
929 1957 988 1990 per
1021 1957 1116 1990 quos-

378 2010 516 2043 cumque
542 1992 664 2032 iudices
689 2000 870 2032 ordinarios
889 2005 920 2032 et
940 2001 1116 2042 delegatos,

380 2053 476 2086 etiam
495 2063 660 2085 causarum
680 2053 790 2095 palatii
809 2053 977 2095 apostolici
996 2053 1118 2085 audito-

379 2115 443 2145 res,
469 2104 605 2137 iudicari
639 2111 670 2137 et
695 2105 820 2137 definiri
842 2105 979 2145 debere,
997 2106 1120 2138 acirri-

380 2164 446 2190 tum
473 2163 503 2190 et
529 2158 624 2190 inane
651 2158 676 2191 si
702 2169 794 2191 secus
820 2160 986 2201 superbis
1004 2170 1021 2191 a
1042 2170 1120 2201 quo—

382 2222 489 2254 quam,
521 2211 632 2253 quavis
659 2212 845 2244 auctoritate
864 2239 871 2252 ‚
897 2213 1039 2245 scienter
1071 2214 1120 2245 vel

383 2265 582 2307 ignoranter,
603 2265 774 2307 contigerit
798 2265 959 2297 attentari.

428 2318 488 2359 §tii
512 2317 580 2349 Non
603 2318 804 2350 obstantibus
838 2318 1121 2351 constitutionilms

221 1060 359 1084 Etndenubus

178 1087 284 1108 decretum
309 1093 359 1113 poe·

177 1119 214 1135 nas
230 1114 297 1134 addit..

206 1587 318 1608 Decretum
337 1587 363 1607 ir·

181 1615 255 1634 citans.

211 1956 310 1977 Clausuta
323 1955 368 1975 sub-

186 1983 234 2005 tuta.

261 2325 375 2349 nei-ugano

191 2352 353 2373 contrariorum.

991 263 1133 288 CLEMENS
1154 264 1173 287 X
1197 261 1245 287 ΡῬ.

1146 318 1207 343 tate
1233 310 1295 344 alia
1314 311 1486 348 roboratis,
1507 311 1635 342 statutis
1662 316 1688 341 et
1710 316 1880 342 eonsuetu-

1145 364 1284 401 dinibus,
1308 363 1488 406 privilegiis¹
1516 374 1655 405 quoque,
1684 363 1816 394 indultis
1842 367 1879 393 ·s·.t

1145 416 1260 449 litteris
1285 415 1471 458 apostolicis
1501 415 1532 447 in
1563 415 1756 447 contrarium
1786 426 1879 456 praw-

1145 467 1574 510 missorumquomodolibet
1602 466 1778 504 concessis,
1806 477 1880 497 con-

1146 520 1278 552 tirmatis
1310 526 1342 552 et
1370 520 1554 558 innovatis;
1587 519 1700 561 quibus
1730 519 1877 550 omnibus

1146 578 1178 605 ct
1195 573 1339 614 singuliS,
1358 572 1484 605 illorum
1505 577 1634 603 tenores
1654 570 1878 613 praesentibus

1146 637 1203 669 pro
1229 628 1324 669 plene
1350 631 1382 659 et
1413 625 1615 657 sut'ticienter
1648 623 1811 666 expressis
1848 628 1879 653 et

1147 680 1184 710 ad
1212 679 1342 711 verbum
1369 678 1501 710 insertis
1521 678 1691 716 habentes,
1717 676 1779 708 illis
1801 675 1878 707 alias

1146 732 1178 763 in
1204 742 1261 764 suo
1294 732 1414 763 robore
1448 730 1686 773 permansuris,
1722 730 1759 760 ad
1787 738 1880 771 prae-

1147 784 1322 816 missorum
1367 782 1543 822 effectum,
1581 783 1641 814 hac
1683 781 1752 813 viee
1788 781 1880 811 dum-

1147 841 1243 875 taxat,
1272 835 1460 878 specialiter
1485 839 1517 866 et
1550 845 1704 877 expresse
1742 834 1879 874 deroga-

1146 899 1238 928 mus;
1258 888 1443 930 ceterisque
1470 887 1643 920 contrariis
1670 886 1880 929 quibuscum-

1147 952 1222 984 que.

1188 994 1301 1026 Datum
1326 993 1464 1032 Romae,
1497 992 1581 1035 apud
1607 992 1637 1024 S.
1664 992 1793 1023 Mariam
1820 991 1883 1023 Ma-

1147 1047 1258 1086 iorem,
1276 1047 1334 1079 sub
1365 1047 1486 1078 annulo
1511 1045 1763 1083 Piscat01·is‚die
1798 1054 1881 1076 xxvn

1147 1100 1216 1133 iulii
1230 1109 1380 1139 MDCLxxi,
1395 1098 1601 1142 pontificatus
1624 1097 1725 1129 nostri
1743 1107 1826 1129 anno
1844 1106 1879 1129 11.

1182 1161 1240 1188 Dat.
1258 1161 1300 1187 die
1314 1161 1347 1187 27
1364 1160 1422 1187 iulii
1443 1160 1521 1193 1671,
1538 1158 1634 1194 pontif.
1653 1166 1723 1185 anno
1740 1164 1767 1184 11.

1460 1302 1579 1335 LXXV.

1152 1383 1242 1423 Quod
1266 1383 1429 1415 electiones
1457 1382 1626 1425 priorum,
1661 1379 1883 1423 subpriorum,

1193 1436 1403 1468 sctcristarum
1431 1439 1459 1467 et
1483 1438 1730 1477 yffocm‘ntorum
1751 1433 1886 1466 Ordinis

1194 1490 1233 1521 B.
1261 1489 1303 1520 M.
1329 1488 1367 1520 de
1392 1487 1499 1521 Monte
1525 1487 1671 1520 Cormeto
1703 1497 1722 1518 α
1747 1496 1886 1517 commu-

1195 1542 1356 1573 nitatibus
1365 1545 1576 1572 conventuum
1596 1539 1837 1581 provinciarum
1853 1538 1888 1568 in

1196 1595 1294 1626 Brevi
1305 1604 1531 1636 expressarum
1546 1603 1608 1624 non
1622 1592 1715 1633 fiant,
1731 1591 1783 1623 secl
1797 1592 1828 1622 in
1842 1590 1889 1621 cle-

1196 1646 1350 1687 fiuitoriis
1374 1645 1590 1688 capitulorum
1615 1643 1887 1687 provincialium,·

1197 1698 1446 1740 earumdemque
1487 1697 1675 1729 electionum
1702 1695 1886 1738 abroyatz'o-

1199 1762 1252 1784 nes
1277 1763 1295 1784 α
1318 1752 1428 1794 priore
1447 1751 1595 1794 [seneroti
1615 1750 1792 1792 approbari
1805 1748 1891 1781 debe-

1198 1815 1231 1836 re
1254 1804 1380 1837 statuit.

1156 1886 1269 1912 Dilecto
1283 1884 1345 1910 filio
1361 1883 1514 1910 Matthaeo
1535 1883 1672 1912 Orlando,
1693 1881 1784 1915 priori
1803 1889 1891 1915 qene-

1191 1930 1248 1956 rali
1269 1929 1386 1955 Ordinis
1408 1929 1437 1955 Β,
1455 1928 1565 1954 Mariae
1586 1929 1620 1953 de
1636 1928 1735 1953 Monte
1751 1927 1891 1957 Carmelo,

1375 1981 1510 2007 Clemens
1532 1981 1610 2013 Papa
1630 1980 1662 2005 X.

1429 2043 1543 2069 Dilecto
1563 2042 1622 2073 fili,

1194 2089 1324 2115 salutem
1344 2090 1375 2114 et
1394 2087 1587 2120 apostolicam
1610 2085 1859 2112 benedictionem.

1205 2159 1293 2198 Cum,
1318 2159 1401 2190 sicut
1424 2157 1519 2190 nobis
1544 2167 1650 2199 nuper
1675 2157 1793 2199 exponi
1812 2156 1893 2189 seci-
1931 2169 2020 2190 motiva.

1163 2213 1224 2251 sti,
1257 2216 1382 2254 septem
1412 2210 1599 2253 provinciae
1635 2210 1895 2242 ultramontanae

1165 2265 1207 2297 tui
1232 2264 1359 2296 Ordinis
1381 2264 1514 2296 fratrum
1540 2264 1573 2295 B.
1595 2263 1710 2295 Mariae
1735 2263 1773 2295 de
1790 2263 1896 2295 Monte

1165 2319 1320 2358 Carmelo,
1348 2328 1466 2359 nempe
1496 2317 1686 2349 Germaniae
1710 2317 1898 2357 interioris,

1167 2371 1377 2413 Aquitaniae,
1408 2369 1614 2408 Provinciae,
1639 2369 1773 2401 Tolosae
1791 2397 1798 2409 ‚
1824 2369 1901 2401 Ger-

386 2375 418 2402 et
427 2369 683 2402 ordinationibus
694 2370 888 2412 apostolicis,
904 2378 1121 2414 ac,quate11us

386 2433 466 2465 opus
487 2422 538 2462 sit,
563 2422 690 2455 Ordinis
716 2429 748 2455 et
772 2429 989 2456 conventuum
1015 2425 1124 2457 huius-

386 2475 483 2514 modi,
498 2475 608 2507 aliisve
619 2476 796 2518 quibusvis,
813 2476 908 2508 etiam
927 2476 1121 2517 iuramento,

387 2526 633 2560 confirmatione
648 2529 786 2571 apostoli
798 2531 835 2569 ta,
847 2530 897 2561 vel
910 2529 1020 2571 quavis
1033 2529 1125 2561 tirmi—

425 2641 439 2669 1
460 2641 554 2668 Potius
574 2642 631 2677 lege
651 2643 806 2671 habuerint
826 2643 924 2679 (εμπ).

1166 2422 1289 2454 maniae
1325 2422 1529 2465 Superioris,
1557 2421 1730 2454 Vaseoniae
1760 2427 1790 2453 ct
1813 2421 1903 2453 Flan-

1167 2476 1399 2518 dro-Belgicae,
1418 2480 1452 2506 ut
1470 2474 1663 2506 factionibus
1685 2474 1819 2516 aliisque
1837 2485 1903 2506 ma-

1168 2530 1217 2569 lis,
1243 2539 1324 2571 quae
1358 2539 1394 2561 ex
1433 2527 1648 2560 electionibus
1674 2527 1819 2569 priorum
1844 2537 1902 2569 per

1168 2582 1418 2614 communitates
1445 2585 1665 2612 conventuum
1698 2579 1767 2611 fieri
1797 2579 1900 2611 solitis

1168 2635 1201 2667 in
1226 2635 1459 2668 detrimentum
1486 2633 1706 2666 observantiae
1741 2633 1899 2675 regularis

1775 251 1838 286 942
1886 260 1935 286 An.
1955 258 1984 285 c.
2005 255 2067 285 1671
