<?xml version="1.0" encoding="UTF-8"?>
<!DOCTYPE html PUBLIC "-//W3C//DTD XHTML 1.0 Transitional//EN"
    "http://www.w3.org/TR/xhtml1/DTD/xhtml1-transitional.dtd">
<html xmlns="http://www.w3.org/1999/xhtml" xml:lang="en" lang="en">
 <head>
  <title>
</title>
<meta http-equiv="Content-Type" content="text/html;charset=utf-8" />
  <meta name='ocr-system' content='tesseract 3.04.00' />
  <meta name='ocr-capabilities' content='ocr_page ocr_carea ocr_par ocr_line ocrx_word'/>
</head>
<body>
  <div class='ocr_page' id='page_1' title='image "./bullarumdiplomat18cath_0112.png"; bbox 0 0 2279 3260; ppageno 0'>
   <div class='ocr_carea' id='block_1_1' title="bbox 253 256 526 292">
    <p class='ocr_par' dir='ltr' id='par_1_1' title="bbox 253 256 526 292">
     <span class='ocr_line' id='line_1_1' title="bbox 253 256 526 292; baseline -0.004 -3"><span class='ocrx_word' id='word_1_1' title='bbox 253 263 301 290; x_wconf 78' lang='grc' dir='ltr'>Αιι.</span> <span class='ocrx_word' id='word_1_2' title='bbox 323 264 351 291; x_wconf 85' lang='lat' dir='ltr'>c.</span> <span class='ocrx_word' id='word_1_3' title='bbox 372 265 439 292; x_wconf 75' lang='lat'>¹670</span> <span class='ocrx_word' id='word_1_4' title='bbox 485 256 526 288; x_wconf 73' lang='grc' dir='ltr'>Ἡ</span> 
     </span>
    </p>
   </div>
   <div class='ocr_carea' id='block_1_2' title="bbox 442 313 1188 2042">
    <p class='ocr_par' dir='ltr' id='par_1_2' title="bbox 442 313 1188 2042">
     <span class='ocr_line' id='line_1_2' title="bbox 447 313 1185 355; baseline -0.001 -9"><span class='ocrx_word' id='word_1_5' title='bbox 447 313 548 346; x_wconf 80' lang='lat' dir='ltr'>odore</span> <span class='ocrx_word' id='word_1_6' title='bbox 575 313 690 346; x_wconf 80' lang='lat' dir='ltr'>imbuit</span> <span class='ocrx_word' id='word_1_7' title='bbox 715 313 894 355; x_wconf 68' lang='lat' dir='ltr'>fragrantia,</span> <span class='ocrx_word' id='word_1_8' title='bbox 920 318 956 345; x_wconf 89' lang='lat' dir='ltr'>ut</span> <span class='ocrx_word' id='word_1_9' title='bbox 980 324 1016 346; x_wconf 84' lang='lat' dir='ltr'>ex</span> <span class='ocrx_word' id='word_1_10' title='bbox 1043 313 1097 345; x_wconf 75' lang='lat' dir='ltr'>Dei</span> <span class='ocrx_word' id='word_1_11' title='bbox 1124 323 1185 345; x_wconf 90' lang='lat' dir='ltr'>scr-</span> 
     </span>
     <span class='ocr_line' id='line_1_3' title="bbox 448 365 1186 409; baseline 0.001 -12"><span class='ocrx_word' id='word_1_12' title='bbox 448 365 511 405; x_wconf 76' lang='lat' dir='ltr'>vis,</span> <span class='ocrx_word' id='word_1_13' title='bbox 539 377 618 409; x_wconf 86' lang='lat' dir='ltr'>quos</span> <span class='ocrx_word' id='word_1_14' title='bbox 651 368 871 400; x_wconf 73' lang='lat' dir='ltr'>occidentales</span> <span class='ocrx_word' id='word_1_15' title='bbox 904 368 1011 400; x_wconf 83' lang='lat' dir='ltr'>Indiae</span> <span class='ocrx_word' id='word_1_16' title='bbox 1044 367 1186 409; x_wconf 87' lang='lat' dir='ltr'>protule-</span> 
     </span>
     <span class='ocr_line' id='line_1_4' title="bbox 447 420 1187 463; baseline 0 -13"><span class='ocrx_word' id='word_1_17' title='bbox 447 424 544 458; x_wconf 83' lang='lat' dir='ltr'>runt,</span> <span class='ocrx_word' id='word_1_18' title='bbox 575 420 677 463; x_wconf 90' lang='lat' dir='ltr'>prima</span> <span class='ocrx_word' id='word_1_19' title='bbox 703 420 825 462; x_wconf 78' lang='lat' dir='ltr'>publici</span> <span class='ocrx_word' id='word_1_20' title='bbox 851 421 956 452; x_wconf 85' lang='lat' dir='ltr'>cultus</span> <span class='ocrx_word' id='word_1_21' title='bbox 983 420 1104 452; x_wconf 78' lang='lat' dir='ltr'>honore</span> <span class='ocrx_word' id='word_1_22' title='bbox 1129 428 1187 461; x_wconf 82' lang='lat' dir='ltr'>per</span> 
     </span>
     <span class='ocr_line' id='line_1_5' title="bbox 447 471 1184 510; baseline -0.003 -7"><span class='ocrx_word' id='word_1_23' title='bbox 447 471 531 504; x_wconf 82' lang='lat' dir='ltr'>hanc</span> <span class='ocrx_word' id='word_1_24' title='bbox 556 479 696 505; x_wconf 85' lang='lat' dir='ltr'>sanctam</span> <span class='ocrx_word' id='word_1_25' title='bbox 713 473 828 505; x_wconf 75' lang='lat' dir='ltr'>Sedem</span> <span class='ocrx_word' id='word_1_26' title='bbox 847 473 992 505; x_wconf 69' lang='lat' dir='ltr'>decorari</span> <span class='ocrx_word' id='word_1_27' title='bbox 1017 471 1184 510; x_wconf 85' lang='lat' dir='ltr'>meruerit,</span> 
     </span>
     <span class='ocr_line' id='line_1_6' title="bbox 447 522 1187 563; baseline -0.004 -7"><span class='ocrx_word' id='word_1_28' title='bbox 447 525 665 557; x_wconf 79' lang='lat' dir='ltr'>venerationis</span> <span class='ocrx_word' id='word_1_29' title='bbox 683 526 736 557; x_wconf 79' lang='lat' dir='ltr'>liat</span> <span class='ocrx_word' id='word_1_30' title='bbox 761 525 912 563; x_wconf 76' lang='lat' dir='ltr'>accessio,</span> <span class='ocrx_word' id='word_1_31' title='bbox 932 530 963 556; x_wconf 82' lang='lat' dir='ltr'>et</span> <span class='ocrx_word' id='word_1_32' title='bbox 984 534 1019 556; x_wconf 78' lang='lat' dir='ltr'>ex</span> <span class='ocrx_word' id='word_1_33' title='bbox 1038 523 1125 555; x_wconf 89' lang='lat' dir='ltr'>illius</span> <span class='ocrx_word' id='word_1_34' title='bbox 1143 522 1187 554; x_wconf 87' lang='lat' dir='ltr'>in-</span> 
     </span>
     <span class='ocr_line' id='line_1_7' title="bbox 448 575 1187 620; baseline -0.003 -12"><span class='ocrx_word' id='word_1_35' title='bbox 448 578 644 610; x_wconf 88' lang='lat' dir='ltr'>tercessione</span> <span class='ocrx_word' id='word_1_36' title='bbox 663 583 751 609; x_wconf 88' lang='lat' dir='ltr'>tauto</span> <span class='ocrx_word' id='word_1_37' title='bbox 777 577 941 620; x_wconf 87' lang='lat' dir='ltr'>potentius</span> <span class='ocrx_word' id='word_1_38' title='bbox 962 576 1100 619; x_wconf 86' lang='lat' dir='ltr'>partium</span> <span class='ocrx_word' id='word_1_39' title='bbox 1119 575 1187 607; x_wconf 89' lang='lat' dir='ltr'>illa-</span> 
     </span>
     <span class='ocr_line' id='line_1_8' title="bbox 448 630 1185 673; baseline -0.003 -12"><span class='ocrx_word' id='word_1_40' title='bbox 448 639 517 662; x_wconf 92' lang='lat' dir='ltr'>rum</span> <span class='ocrx_word' id='word_1_41' title='bbox 534 630 646 673; x_wconf 91' lang='lat' dir='ltr'>populi</span> <span class='ocrx_word' id='word_1_42' title='bbox 664 630 882 673; x_wconf 80' lang='lat' dir='ltr'>patrocinium</span> <span class='ocrx_word' id='word_1_43' title='bbox 906 633 1046 672; x_wconf 85' lang='lat' dir='ltr'>sperent,</span> <span class='ocrx_word' id='word_1_44' title='bbox 1065 632 1185 670; x_wconf 82' lang='lat' dir='ltr'>quanto</span> 
     </span>
     <span class='ocr_line' id='line_1_9' title="bbox 447 680 1184 725; baseline -0.004 -11"><span class='ocrx_word' id='word_1_45' title='bbox 447 683 561 724; x_wconf 90' lang='lat' dir='ltr'>populi</span> <span class='ocrx_word' id='word_1_46' title='bbox 586 682 647 725; x_wconf 87' lang='lat' dir='ltr'>ipsi</span> <span class='ocrx_word' id='word_1_47' title='bbox 672 682 759 715; x_wconf 85' lang='lat' dir='ltr'>illam</span> <span class='ocrx_word' id='word_1_48' title='bbox 787 681 944 714; x_wconf 78' lang='lat' dir='ltr'>crebriori</span> <span class='ocrx_word' id='word_1_49' title='bbox 972 680 1184 722; x_wconf 87' lang='lat' dir='ltr'>interiorique</span> 
     </span>
     <span class='ocr_line' id='line_1_10' title="bbox 448 734 1187 777; baseline -0.003 -11"><span class='ocrx_word' id='word_1_50' title='bbox 448 735 618 768; x_wconf 87' lang='lat' dir='ltr'>devotione</span> <span class='ocrx_word' id='word_1_51' title='bbox 654 736 761 767; x_wconf 84' lang='lat' dir='ltr'>colere</span> <span class='ocrx_word' id='word_1_52' title='bbox 798 740 894 777; x_wconf 85' lang='lat' dir='ltr'>atque</span> <span class='ocrx_word' id='word_1_53' title='bbox 930 734 1093 766; x_wconf 84' lang='lat' dir='ltr'>honorare</span> <span class='ocrx_word' id='word_1_54' title='bbox 1122 738 1187 765; x_wconf 88' lang='lat' dir='ltr'>stu-</span> 
     </span>
     <span class='ocr_line' id='line_1_11' title="bbox 447 787 1186 831; baseline -0.003 -12"><span class='ocrx_word' id='word_1_55' title='bbox 447 788 597 829; x_wconf 87' lang='lat' dir='ltr'>duerint)</span> <span class='ocrx_word' id='word_1_56' title='bbox 627 788 728 831; x_wconf 83' lang='lat' dir='ltr'>ipsam</span> <span class='ocrx_word' id='word_1_57' title='bbox 755 788 789 820; x_wconf 66' lang='lat' dir='ltr'>B«.</span> <span class='ocrx_word' id='word_1_58' title='bbox 818 788 934 820; x_wconf 76' lang='lat' dir='ltr'>llosam</span> <span class='ocrx_word' id='word_1_59' title='bbox 959 787 990 819; x_wconf 92' lang='lat' dir='ltr'>in</span> <span class='ocrx_word' id='word_1_60' title='bbox 1016 792 1186 829; x_wconf 82' lang='lat' dir='ltr'>patronam</span> 
     </span>
     <span class='ocr_line' id='line_1_12' title="bbox 446 840 1184 884; baseline -0.001 -12"><span class='ocrx_word' id='word_1_61' title='bbox 446 840 710 884; x_wconf 80' lang='lat' dir='ltr'>principaliorem</span> <span class='ocrx_word' id='word_1_62' title='bbox 744 841 881 873; x_wconf 76' lang='lat' dir='ltr'>civitatis</span> <span class='ocrx_word' id='word_1_63' title='bbox 913 841 1087 880; x_wconf 79' lang='lat' dir='ltr'>Liuianae,</span> <span class='ocrx_word' id='word_1_64' title='bbox 1126 850 1184 871; x_wconf 89' lang='lat' dir='ltr'>seu</span> 
     </span>
     <span class='ocr_line' id='line_1_13' title="bbox 447 891 1186 936; baseline -0.003 -11"><span class='ocrx_word' id='word_1_65' title='bbox 447 892 582 935; x_wconf 75' lang='lat' dir='ltr'>Regum,</span> <span class='ocrx_word' id='word_1_66' title='bbox 599 894 762 936; x_wconf 86' lang='lat' dir='ltr'>totiusque</span> <span class='ocrx_word' id='word_1_67' title='bbox 789 893 880 935; x_wconf 74' lang='lat' dir='ltr'>regni</span> <span class='ocrx_word' id='word_1_68' title='bbox 899 892 1037 925; x_wconf 82' lang='lat' dir='ltr'>Pcruani</span> <span class='ocrx_word' id='word_1_69' title='bbox 1061 891 1137 934; x_wconf 79' lang='lat' dir='ltr'>eligi</span> <span class='ocrx_word' id='word_1_70' title='bbox 1154 896 1186 924; x_wconf 86' lang='lat' dir='ltr'>et</span> 
     </span>
     <span class='ocr_line' id='line_1_14' title="bbox 448 944 1184 988; baseline -0.003 -11"><span class='ocrx_word' id='word_1_71' title='bbox 448 945 604 978; x_wconf 80' lang='lat' dir='ltr'>declarari</span> <span class='ocrx_word' id='word_1_72' title='bbox 639 955 845 988; x_wconf 89' lang='lat' dir='ltr'>summopere</span> <span class='ocrx_word' id='word_1_73' title='bbox 880 944 1080 977; x_wconf 73' lang='lat' dir='ltr'>desiderent:</span> <span class='ocrx_word' id='word_1_74' title='bbox 1105 953 1184 982; x_wconf 83' lang='lat' dir='ltr'>nos,</span> 
     </span>
     <span class='ocr_line' id='line_1_15' title="bbox 447 996 1186 1040; baseline 0 -12"><span class='ocrx_word' id='word_1_75' title='bbox 447 998 590 1040; x_wconf 77' lang='lat' dir='ltr'>‹piamvis</span> <span class='ocrx_word' id='word_1_76' title='bbox 608 998 858 1031; x_wconf 69' lang='lat' dir='ltr'>constitutiones</span> <span class='ocrx_word' id='word_1_77' title='bbox 875 997 1072 1040; x_wconf 82' lang='lat' dir='ltr'>apostolicae</span> <span class='ocrx_word' id='word_1_78' title='bbox 1089 1002 1118 1028; x_wconf 88' lang='lat' dir='ltr'>et</span> <span class='ocrx_word' id='word_1_79' title='bbox 1135 996 1186 1028; x_wconf 84' lang='lat' dir='ltr'>dc-</span> 
     </span>
     <span class='ocr_line' id='line_1_16' title="bbox 448 1049 1186 1093; baseline -0.003 -11"><span class='ocrx_word' id='word_1_80' title='bbox 448 1055 535 1083; x_wconf 85' lang='lat' dir='ltr'>creta</span> <span class='ocrx_word' id='word_1_81' title='bbox 561 1051 826 1093; x_wconf 71' lang='lat' dir='ltr'>congregationis</span> <span class='ocrx_word' id='word_1_82' title='bbox 860 1050 1093 1083; x_wconf 82' lang='lat' dir='ltr'>venerabilium</span> <span class='ocrx_word' id='word_1_83' title='bbox 1128 1049 1186 1081; x_wconf 85' lang='lat' dir='ltr'>sra-</span> 
     </span>
     <span class='ocr_line' id='line_1_17' title="bbox 448 1100 1185 1135; baseline 0 -2"><span class='ocrx_word' id='word_1_84' title='bbox 448 1107 532 1134; x_wconf 89' lang='lat' dir='ltr'>trum</span> <span class='ocrx_word' id='word_1_85' title='bbox 558 1109 744 1135; x_wconf 88' lang='lat' dir='ltr'>nostrorum</span> <span class='ocrx_word' id='word_1_86' title='bbox 777 1102 808 1135; x_wconf 82' lang='lat' dir='ltr'>S.</span> <span class='ocrx_word' id='word_1_87' title='bbox 844 1102 879 1134; x_wconf 81' lang='lat' dir='ltr'>R.</span> <span class='ocrx_word' id='word_1_88' title='bbox 911 1102 945 1134; x_wconf 84' lang='lat' dir='ltr'>E.</span> <span class='ocrx_word' id='word_1_89' title='bbox 976 1100 1185 1134; x_wconf 80' lang='lat' dir='ltr'>cardinalium</span> 
     </span>
     <span class='ocr_line' id='line_1_18' title="bbox 447 1154 1186 1198; baseline -0.001 -12"><span class='ocrx_word' id='word_1_90' title='bbox 447 1155 547 1188; x_wconf 89' lang='lat' dir='ltr'>sacris</span> <span class='ocrx_word' id='word_1_91' title='bbox 564 1154 678 1188; x_wconf 88' lang='lat' dir='ltr'>ritibus</span> <span class='ocrx_word' id='word_1_92' title='bbox 699 1155 961 1198; x_wconf 79' lang='lat' dir='ltr'>praepositorum</span> <span class='ocrx_word' id='word_1_93' title='bbox 978 1159 1088 1187; x_wconf 86' lang='lat' dir='ltr'>vetent</span> <span class='ocrx_word' id='word_1_94' title='bbox 1110 1154 1186 1186; x_wconf 88' lang='lat' dir='ltr'>bea-</span> 
     </span>
     <span class='ocr_line' id='line_1_19' title="bbox 445 1207 1185 1241; baseline 0 -2"><span class='ocrx_word' id='word_1_95' title='bbox 445 1212 552 1241; x_wconf 85' lang='lat' dir='ltr'>torum</span> <span class='ocrx_word' id='word_1_96' title='bbox 566 1208 752 1241; x_wconf 88' lang='lat' dir='ltr'>huiusmodi</span> <span class='ocrx_word' id='word_1_97' title='bbox 763 1209 904 1241; x_wconf 89' lang='lat' dir='ltr'>nondum</span> <span class='ocrx_word' id='word_1_98' title='bbox 921 1207 1185 1240; x_wconf 87' lang='lat' dir='ltr'>canonizatorum</span> 
     </span>
     <span class='ocr_line' id='line_1_20' title="bbox 446 1261 1185 1305; baseline 0 -13"><span class='ocrx_word' id='word_1_99' title='bbox 446 1261 622 1294; x_wconf 75' lang='lat' dir='ltr'>electiones</span> <span class='ocrx_word' id='word_1_100' title='bbox 643 1261 675 1294; x_wconf 91' lang='lat' dir='ltr'>in</span> <span class='ocrx_word' id='word_1_101' title='bbox 692 1267 846 1305; x_wconf 85' lang='lat' dir='ltr'>patronos</span> <span class='ocrx_word' id='word_1_102' title='bbox 872 1261 1134 1305; x_wconf 72' lang='lat' dir='ltr'>principaliores,</span> <span class='ocrx_word' id='word_1_103' title='bbox 1151 1270 1185 1292; x_wconf 86' lang='lat' dir='ltr'>ac</span> 
     </span>
     <span class='ocr_line' id='line_1_21' title="bbox 446 1313 1186 1357; baseline 0 -12"><span class='ocrx_word' id='word_1_104' title='bbox 446 1313 603 1356; x_wconf 82' lang='lat' dir='ltr'>requisita</span> <span class='ocrx_word' id='word_1_105' title='bbox 628 1314 814 1347; x_wconf 85' lang='lat' dir='ltr'>necessaria</span> <span class='ocrx_word' id='word_1_106' title='bbox 846 1325 904 1357; x_wconf 90' lang='lat' dir='ltr'>pro</span> <span class='ocrx_word' id='word_1_107' title='bbox 937 1314 1094 1346; x_wconf 90' lang='lat' dir='ltr'>eiusmodi</span> <span class='ocrx_word' id='word_1_108' title='bbox 1121 1314 1186 1345; x_wconf 86' lang='lat' dir='ltr'>ele-</span> 
     </span>
     <span class='ocr_line' id='line_1_22' title="bbox 446 1365 1183 1407; baseline 0 -10"><span class='ocrx_word' id='word_1_109' title='bbox 446 1365 553 1398; x_wconf 85' lang='lat' dir='ltr'>ctione</span> <span class='ocrx_word' id='word_1_110' title='bbox 578 1366 683 1399; x_wconf 83' lang='lat' dir='ltr'>valida</span> <span class='ocrx_word' id='word_1_111' title='bbox 708 1366 832 1407; x_wconf 85' lang='lat' dir='ltr'>desint·,</span> <span class='ocrx_word' id='word_1_112' title='bbox 859 1366 1072 1399; x_wconf 83' lang='lat' dir='ltr'>nihilominus</span> <span class='ocrx_word' id='word_1_113' title='bbox 1088 1392 1095 1405; x_wconf 92' lang='lat'>,</span> <span class='ocrx_word' id='word_1_114' title='bbox 1122 1365 1183 1407; x_wconf 85' lang='lat' dir='ltr'>piis</span> 
     </span>
     <span class='ocr_line' id='line_1_23' title="bbox 447 1418 1184 1461; baseline -0.001 -11"><span class='ocrx_word' id='word_1_115' title='bbox 447 1418 613 1461; x_wconf 82' lang='lat' dir='ltr'>enixisque</span> <span class='ocrx_word' id='word_1_116' title='bbox 635 1419 824 1451; x_wconf 91' lang='lat' dir='ltr'>eorumdem</span> <span class='ocrx_word' id='word_1_117' title='bbox 845 1418 949 1452; x_wconf 87' lang='lat' dir='ltr'>Caroli</span> <span class='ocrx_word' id='word_1_118' title='bbox 970 1418 1055 1460; x_wconf 77' lang='lat' dir='ltr'>regis</span> <span class='ocrx_word' id='word_1_119' title='bbox 1073 1424 1104 1450; x_wconf 86' lang='lat' dir='ltr'>et</span> <span class='ocrx_word' id='word_1_120' title='bbox 1123 1418 1184 1450; x_wconf 84' lang='lat' dir='ltr'>Ma-</span> 
     </span>
     <span class='ocr_line' id='line_1_24' title="bbox 446 1471 1183 1514; baseline 0 -10"><span class='ocrx_word' id='word_1_121' title='bbox 446 1471 580 1504; x_wconf 79' lang='lat' dir='ltr'>riannae</span> <span class='ocrx_word' id='word_1_122' title='bbox 606 1471 760 1514; x_wconf 80' lang='lat' dir='ltr'>reginae,</span> <span class='ocrx_word' id='word_1_123' title='bbox 794 1482 912 1514; x_wconf 77' lang='lat' dir='ltr'>magno</span> <span class='ocrx_word' id='word_1_124' title='bbox 945 1471 977 1503; x_wconf 94' lang='lat' dir='ltr'>in</span> <span class='ocrx_word' id='word_1_125' title='bbox 1014 1471 1183 1504; x_wconf 83' lang='lat' dir='ltr'>ecclesiam</span> 
     </span>
     <span class='ocr_line' id='line_1_25' title="bbox 445 1524 1181 1567; baseline -0.001 -10"><span class='ocrx_word' id='word_1_126' title='bbox 445 1524 503 1557; x_wconf 88' lang='lat' dir='ltr'>Dei</span> <span class='ocrx_word' id='word_1_127' title='bbox 529 1524 719 1557; x_wconf 87' lang='lat' dir='ltr'>meritorum</span> <span class='ocrx_word' id='word_1_128' title='bbox 754 1525 930 1567; x_wconf 80' lang='lat' dir='ltr'>splendore</span> <span class='ocrx_word' id='word_1_129' title='bbox 967 1524 1181 1566; x_wconf 76' lang='lat' dir='ltr'>fulgentium,</span> 
     </span>
     <span class='ocr_line' id='line_1_26' title="bbox 442 1573 1186 1621; baseline -0.001 -11"><span class='ocrx_word' id='word_1_130' title='bbox 442 1573 606 1621; x_wconf 80' lang='lat' dir='ltr'>precibus,</span> <span class='ocrx_word' id='word_1_131' title='bbox 625 1578 719 1611; x_wconf 88' lang='lat' dir='ltr'>nobis</span> <span class='ocrx_word' id='word_1_132' title='bbox 737 1588 834 1621; x_wconf 88' lang='lat' dir='ltr'>super</span> <span class='ocrx_word' id='word_1_133' title='bbox 852 1578 914 1610; x_wconf 90' lang='lat' dir='ltr'>hoc</span> <span class='ocrx_word' id='word_1_134' title='bbox 932 1577 1098 1610; x_wconf 88' lang='lat' dir='ltr'>humiliter</span> <span class='ocrx_word' id='word_1_135' title='bbox 1112 1588 1186 1621; x_wconf 90' lang='lat' dir='ltr'>por-</span> 
     </span>
     <span class='ocr_line' id='line_1_27' title="bbox 445 1630 1185 1674; baseline -0.001 -11"><span class='ocrx_word' id='word_1_136' title='bbox 445 1630 550 1670; x_wconf 80' lang='lat' dir='ltr'>rectis,</span> <span class='ocrx_word' id='word_1_137' title='bbox 566 1641 625 1674; x_wconf 92' lang='lat' dir='ltr'>pro</span> <span class='ocrx_word' id='word_1_138' title='bbox 643 1631 818 1674; x_wconf 86' lang='lat' dir='ltr'>praecipuo</span> <span class='ocrx_word' id='word_1_139' title='bbox 836 1636 989 1674; x_wconf 83' lang='lat' dir='ltr'>pateruae</span> <span class='ocrx_word' id='word_1_140' title='bbox 1009 1636 1138 1663; x_wconf 82' lang='lat' dir='ltr'>nostrae</span> <span class='ocrx_word' id='word_1_141' title='bbox 1153 1631 1185 1663; x_wconf 94' lang='lat' dir='ltr'>in</span> 
     </span>
     <span class='ocr_line' id='line_1_28' title="bbox 448 1682 1186 1715; baseline -0.001 0"><span class='ocrx_word' id='word_1_142' title='bbox 448 1693 504 1715; x_wconf 92' lang='lat' dir='ltr'>eos</span> <span class='ocrx_word' id='word_1_143' title='bbox 528 1683 694 1715; x_wconf 87' lang='lat' dir='ltr'>charitatis</span> <span class='ocrx_word' id='word_1_144' title='bbox 719 1682 833 1715; x_wconf 77' lang='lat' dir='ltr'>aflectu</span> <span class='ocrx_word' id='word_1_145' title='bbox 871 1682 1018 1715; x_wconf 79' lang='lat' dir='ltr'>duximus</span> <span class='ocrx_word' id='word_1_146' title='bbox 1043 1693 1186 1715; x_wconf 87' lang='lat' dir='ltr'>annuen-</span> 
     </span>
     <span class='ocr_line' id='line_1_29' title="bbox 447 1735 1184 1778; baseline 0 -10"><span class='ocrx_word' id='word_1_147' title='bbox 447 1737 535 1769; x_wconf 88' lang='lat' dir='ltr'>dum.</span> <span class='ocrx_word' id='word_1_148' title='bbox 562 1736 672 1778; x_wconf 82' lang='lat' dir='ltr'>Itaque</span> <span class='ocrx_word' id='word_1_149' title='bbox 698 1741 908 1768; x_wconf 82' lang='lat' dir='ltr'>memoratam</span> <span class='ocrx_word' id='word_1_150' title='bbox 938 1736 972 1768; x_wconf 89' lang='grc' dir='ltr'>Β.</span> <span class='ocrx_word' id='word_1_151' title='bbox 1002 1735 1120 1768; x_wconf 89' lang='lat' dir='ltr'>Rosam</span> <span class='ocrx_word' id='word_1_152' title='bbox 1146 1736 1184 1768; x_wconf 87' lang='lat' dir='ltr'>de</span> 
     </span>
     <span class='ocr_line' id='line_1_30' title="bbox 447 1788 1187 1831; baseline 0 -10"><span class='ocrx_word' id='word_1_153' title='bbox 447 1788 478 1822; x_wconf 84' lang='lat' dir='ltr'>S.</span> <span class='ocrx_word' id='word_1_154' title='bbox 506 1788 604 1821; x_wconf 81' lang='lat' dir='ltr'>Maria</span> <span class='ocrx_word' id='word_1_155' title='bbox 621 1788 652 1820; x_wconf 78' lang='lat' dir='ltr'>in</span> <span class='ocrx_word' id='word_1_156' title='bbox 670 1793 840 1831; x_wconf 85' lang='lat' dir='ltr'>patronam</span> <span class='ocrx_word' id='word_1_157' title='bbox 858 1788 1123 1831; x_wconf 73' lang='lat' dir='ltr'>principaliorem</span> <span class='ocrx_word' id='word_1_158' title='bbox 1143 1789 1187 1821; x_wconf 87' lang='lat' dir='ltr'>ci-</span> 
     </span>
     <span class='ocr_line' id='line_1_31' title="bbox 447 1841 1188 1884; baseline 0.001 -11"><span class='ocrx_word' id='word_1_159' title='bbox 447 1841 551 1874; x_wconf 80' lang='lat' dir='ltr'>vitatis</span> <span class='ocrx_word' id='word_1_160' title='bbox 570 1841 705 1884; x_wconf 77' lang='lat' dir='ltr'>Regum,</span> <span class='ocrx_word' id='word_1_161' title='bbox 725 1852 780 1874; x_wconf 88' lang='lat' dir='ltr'>seu</span> <span class='ocrx_word' id='word_1_162' title='bbox 798 1841 957 1882; x_wconf 77' lang='lat' dir='ltr'>Limanae,</span> <span class='ocrx_word' id='word_1_163' title='bbox 976 1847 1007 1874; x_wconf 92' lang='lat' dir='ltr'>et</span> <span class='ocrx_word' id='word_1_164' title='bbox 1025 1842 1121 1874; x_wconf 88' lang='lat' dir='ltr'>totius</span> <span class='ocrx_word' id='word_1_165' title='bbox 1139 1853 1188 1875; x_wconf 89' lang='lat' dir='ltr'>re-</span> 
     </span>
     <span class='ocr_line' id='line_1_32' title="bbox 449 1894 1188 1937; baseline 0 -11"><span class='ocrx_word' id='word_1_166' title='bbox 449 1894 502 1936; x_wconf 79' lang='lat' dir='ltr'>gni</span> <span class='ocrx_word' id='word_1_167' title='bbox 527 1894 663 1926; x_wconf 82' lang='lat' dir='ltr'>Peruani</span> <span class='ocrx_word' id='word_1_168' title='bbox 687 1894 932 1937; x_wconf 82' lang='lat' dir='ltr'>praedictorum,</span> <span class='ocrx_word' id='word_1_169' title='bbox 950 1904 1021 1926; x_wconf 88' lang='lat' dir='ltr'>cum</span> <span class='ocrx_word' id='word_1_170' title='bbox 1039 1894 1188 1927; x_wconf 90' lang='lat' dir='ltr'>omnibus</span> 
     </span>
     <span class='ocr_line' id='line_1_33' title="bbox 449 1947 1188 1990; baseline 0.001 -11"><span class='ocrx_word' id='word_1_171' title='bbox 449 1947 680 1990; x_wconf 81' lang='lat' dir='ltr'>praerogativis</span> <span class='ocrx_word' id='word_1_172' title='bbox 709 1957 791 1990; x_wconf 87' lang='lat' dir='ltr'>quae</span> <span class='ocrx_word' id='word_1_173' title='bbox 815 1947 958 1990; x_wconf 85' lang='lat' dir='ltr'>patronis</span> <span class='ocrx_word' id='word_1_174' title='bbox 982 1947 1188 1990; x_wconf 84' lang='lat' dir='ltr'>principalio-</span> 
     </span>
     <span class='ocr_line' id='line_1_34' title="bbox 449 1999 1187 2042; baseline 0.001 -11"><span class='ocrx_word' id='word_1_175' title='bbox 449 1999 539 2032; x_wconf 84' lang='lat' dir='ltr'>ribus</span> <span class='ocrx_word' id='word_1_176' title='bbox 572 1999 750 2039; x_wconf 84' lang='lat' dir='ltr'>debentur,</span> <span class='ocrx_word' id='word_1_177' title='bbox 781 1999 971 2032; x_wconf 81' lang='lat' dir='ltr'>auetoritate</span> <span class='ocrx_word' id='word_1_178' title='bbox 997 2000 1187 2042; x_wconf 79' lang='lat' dir='ltr'>apostolica,</span> 
     </span>
    </p>
   </div>
   <div class='ocr_carea' id='block_1_3' title="bbox 449 2052 1210 2095">
    <p class='ocr_par' dir='ltr' id='par_1_3' title="bbox 449 2052 1210 2095">
     <span class='ocr_line' id='line_1_35' title="bbox 449 2052 1210 2095; baseline 0.003 -11"><span class='ocrx_word' id='word_1_179' title='bbox 449 2057 561 2085; x_wconf 87' lang='lat' dir='ltr'>tenore</span> <span class='ocrx_word' id='word_1_180' title='bbox 577 2052 808 2095; x_wconf 86' lang='lat' dir='ltr'>praesentium,</span> <span class='ocrx_word' id='word_1_181' title='bbox 823 2052 973 2095; x_wconf 78' lang='lat' dir='ltr'>eligimus</span> <span class='ocrx_word' id='word_1_182' title='bbox 993 2058 1025 2085; x_wconf 90' lang='lat' dir='ltr'>et</span> <span class='ocrx_word' id='word_1_183' title='bbox 1048 2053 1190 2086; x_wconf 88' lang='lat' dir='ltr'>declara-</span> <span class='ocrx_word' id='word_1_184' title='bbox 1208 2064 1210 2074; x_wconf 67' lang='lat'><em>¹</em></span> 
     </span>
    </p>
   </div>
   <div class='ocr_carea' id='block_1_4' title="bbox 449 2105 1191 2589">
    <p class='ocr_par' dir='ltr' id='par_1_4' title="bbox 449 2105 1191 2519">
     <span class='ocr_line' id='line_1_36' title="bbox 449 2105 1190 2148; baseline 0 -10"><span class='ocrx_word' id='word_1_185' title='bbox 449 2116 537 2147; x_wconf 83' lang='lat' dir='ltr'>mus;</span> <span class='ocrx_word' id='word_1_186' title='bbox 563 2105 727 2148; x_wconf 84' lang='lat' dir='ltr'>ipsiusque</span> <span class='ocrx_word' id='word_1_187' title='bbox 753 2106 787 2138; x_wconf 90' lang='lat' dir='ltr'>B.</span> <span class='ocrx_word' id='word_1_188' title='bbox 807 2105 908 2138; x_wconf 89' lang='lat' dir='ltr'>Rosae</span> <span class='ocrx_word' id='word_1_189' title='bbox 935 2105 1049 2138; x_wconf 81' lang='lat' dir='ltr'>festum</span> <span class='ocrx_word' id='word_1_190' title='bbox 1071 2106 1103 2138; x_wconf 90' lang='lat' dir='ltr'>in</span> <span class='ocrx_word' id='word_1_191' title='bbox 1120 2107 1190 2139; x_wconf 86' lang='lat' dir='ltr'>uni-</span> 
     </span>
     <span class='ocr_line' id='line_1_37' title="bbox 449 2156 1189 2201; baseline 0.001 -11"><span class='ocrx_word' id='word_1_192' title='bbox 449 2168 543 2191; x_wconf 83' lang='lat' dir='ltr'>verso</span> <span class='ocrx_word' id='word_1_193' title='bbox 571 2168 673 2200; x_wconf 83' lang='lat' dir='ltr'>regno</span> <span class='ocrx_word' id='word_1_194' title='bbox 699 2157 880 2191; x_wconf 88' lang='lat' dir='ltr'>huiusmodi</span> <span class='ocrx_word' id='word_1_195' title='bbox 907 2156 962 2190; x_wconf 86' lang='lat' dir='ltr'>ut¹</span> <span class='ocrx_word' id='word_1_196' title='bbox 989 2158 1027 2190; x_wconf 91' lang='lat' dir='ltr'>de</span> <span class='ocrx_word' id='word_1_197' title='bbox 1052 2161 1189 2201; x_wconf 77' lang='lat' dir='ltr'>patrona</span> 
     </span>
     <span class='ocr_line' id='line_1_38' title="bbox 449 2211 1188 2255; baseline 0.001 -11"><span class='ocrx_word' id='word_1_198' title='bbox 449 2211 673 2255; x_wconf 79' lang='lat' dir='ltr'>principaliori</span> <span class='ocrx_word' id='word_1_199' title='bbox 692 2212 732 2243; x_wconf 84' lang='lat' dir='ltr'>ab</span> <span class='ocrx_word' id='word_1_200' title='bbox 750 2211 900 2244; x_wconf 90' lang='lat' dir='ltr'>omnibus</span> <span class='ocrx_word' id='word_1_201' title='bbox 912 2211 1081 2255; x_wconf 88' lang='lat' dir='ltr'>utriusque</span> <span class='ocrx_word' id='word_1_202' title='bbox 1095 2222 1188 2245; x_wconf 78' lang='lat' dir='ltr'>sexus</span> 
     </span>
     <span class='ocr_line' id='line_1_39' title="bbox 450 2264 1190 2308; baseline 0 -11"><span class='ocrx_word' id='word_1_203' title='bbox 450 2264 714 2298; x_wconf 78' lang='lat' dir='ltr'>christifidelibus</span> <span class='ocrx_word' id='word_1_204' title='bbox 739 2264 806 2297; x_wconf 86' lang='lat' dir='ltr'>illic</span> <span class='ocrx_word' id='word_1_205' title='bbox 831 2264 1022 2306; x_wconf 80' lang='lat' dir='ltr'>degentibus</span> <span class='ocrx_word' id='word_1_206' title='bbox 1040 2264 1078 2297; x_wconf 91' lang='lat' dir='ltr'>de</span> <span class='ocrx_word' id='word_1_207' title='bbox 1096 2275 1190 2308; x_wconf 88' lang='lat' dir='ltr'>prae-</span> 
     </span>
     <span class='ocr_line' id='line_1_40' title="bbox 450 2317 1190 2360; baseline -0.003 -8"><span class='ocrx_word' id='word_1_208' title='bbox 450 2323 545 2360; x_wconf 79' lang='lat' dir='ltr'>cepto</span> <span class='ocrx_word' id='word_1_209' title='bbox 563 2317 694 2356; x_wconf 89' lang='lat' dir='ltr'>servari,</span> <span class='ocrx_word' id='word_1_210' title='bbox 713 2322 744 2350; x_wconf 91' lang='lat' dir='ltr'>et</span> <span class='ocrx_word' id='word_1_211' title='bbox 761 2317 846 2349; x_wconf 87' lang='lat' dir='ltr'>sicut</span> <span class='ocrx_word' id='word_1_212' title='bbox 866 2317 928 2350; x_wconf 88' lang='lat' dir='ltr'>alia</span> <span class='ocrx_word' id='word_1_213' title='bbox 945 2317 1025 2349; x_wconf 84' lang='lat' dir='ltr'>festa</span> <span class='ocrx_word' id='word_1_214' title='bbox 1043 2317 1081 2350; x_wconf 88' lang='lat' dir='ltr'>de</span> <span class='ocrx_word' id='word_1_215' title='bbox 1102 2329 1190 2360; x_wconf 85' lang='lat' dir='ltr'>prae-</span> 
     </span>
     <span class='ocr_line' id='line_1_41' title="bbox 451 2369 1189 2413; baseline -0.003 -10"><span class='ocrx_word' id='word_1_216' title='bbox 451 2375 548 2413; x_wconf 83' lang='lat' dir='ltr'>cepte</span> <span class='ocrx_word' id='word_1_217' title='bbox 584 2369 764 2410; x_wconf 84' lang='lat' dir='ltr'>celebrari,</span> <span class='ocrx_word' id='word_1_218' title='bbox 799 2369 930 2412; x_wconf 85' lang='lat' dir='ltr'>eiusque</span> <span class='ocrx_word' id='word_1_219' title='bbox 967 2369 1112 2402; x_wconf 82' lang='lat' dir='ltr'>osticium</span> <span class='ocrx_word' id='word_1_220' title='bbox 1149 2372 1189 2403; x_wconf 84' lang='lat' dir='ltr'>ab</span> 
     </span>
     <span class='ocr_line' id='line_1_42' title="bbox 451 2423 1189 2466; baseline 0 -10"><span class='ocrx_word' id='word_1_221' title='bbox 451 2424 601 2456; x_wconf 79' lang='lat' dir='ltr'>universo</span> <span class='ocrx_word' id='word_1_222' title='bbox 620 2424 718 2463; x_wconf 85' lang='lat' dir='ltr'>clero,</span> <span class='ocrx_word' id='word_1_223' title='bbox 745 2429 810 2456; x_wconf 89' lang='lat' dir='ltr'>tum</span> <span class='ocrx_word' id='word_1_224' title='bbox 835 2423 994 2456; x_wconf 83' lang='lat' dir='ltr'>saeculari</span> <span class='ocrx_word' id='word_1_225' title='bbox 1013 2428 1078 2455; x_wconf 89' lang='lat' dir='ltr'>tum</span> <span class='ocrx_word' id='word_1_226' title='bbox 1096 2434 1189 2466; x_wconf 74' lang='lat' dir='ltr'>regu-</span> 
     </span>
     <span class='ocr_line' id='line_1_43' title="bbox 451 2475 1191 2519; baseline 0.001 -10"><span class='ocrx_word' id='word_1_227' title='bbox 451 2476 522 2517; x_wconf 83' lang='lat' dir='ltr'>lari,</span> <span class='ocrx_word' id='word_1_228' title='bbox 550 2475 604 2508; x_wconf 75' lang='lat' dir='ltr'>ut²</span> <span class='ocrx_word' id='word_1_229' title='bbox 629 2476 668 2509; x_wconf 89' lang='lat' dir='ltr'>de</span> <span class='ocrx_word' id='word_1_230' title='bbox 693 2475 918 2519; x_wconf 77' lang='lat' dir='ltr'>principaliori</span> <span class='ocrx_word' id='word_1_231' title='bbox 943 2478 1080 2519; x_wconf 78' lang='lat' dir='ltr'>patrona</span> <span class='ocrx_word' id='word_1_232' title='bbox 1106 2476 1191 2510; x_wconf 83' lang='lat' dir='ltr'>iuxta</span> 
     </span>
    </p>

    <p class='ocr_par' dir='ltr' id='par_1_5' title="bbox 488 2554 1187 2589">
     <span class='ocr_line' id='line_1_44' title="bbox 488 2554 1187 2589; baseline 0.001 -8"><span class='ocrx_word' id='word_1_233' title='bbox 488 2558 498 2581; x_wconf 77' lang='lat'><strong>1</strong></span> <span class='ocrx_word' id='word_1_234' title='bbox 520 2555 679 2582; x_wconf 79' lang='lat' dir='ltr'>Particulam</span> <span class='ocrx_word' id='word_1_235' title='bbox 692 2558 722 2582; x_wconf 80' lang='lat' dir='ltr'>ue</span> <span class='ocrx_word' id='word_1_236' title='bbox 732 2554 855 2581; x_wconf 88' lang='lat' dir='ltr'>addimus</span> <span class='ocrx_word' id='word_1_237' title='bbox 866 2562 897 2581; x_wconf 87' lang='lat' dir='ltr'>ex</span> <span class='ocrx_word' id='word_1_238' title='bbox 909 2554 951 2581; x_wconf 84' lang='lat' dir='ltr'>ed.</span> <span class='ocrx_word' id='word_1_239' title='bbox 963 2554 1081 2582; x_wconf 84' lang='lat' dir='ltr'>Cherub.</span> <span class='ocrx_word' id='word_1_240' title='bbox 1094 2556 1132 2585; x_wconf 74' lang='lat' dir='ltr'>(a.</span> <span class='ocrx_word' id='word_1_241' title='bbox 1141 2557 1187 2589; x_wconf 79' lang='lat' dir='ltr'>r.).</span> 
     </span>
    </p>
   </div>
   <div class='ocr_carea' id='block_1_5' title="bbox 451 2598 1190 2680">
    <p class='ocr_par' dir='ltr' id='par_1_6' title="bbox 451 2598 1190 2680">
     <span class='ocr_line' id='line_1_45' title="bbox 486 2598 1190 2635; baseline 0.001 -9"><span class='ocrx_word' id='word_1_242' title='bbox 486 2599 502 2626; x_wconf 73' lang='lat'>2</span> <span class='ocrx_word' id='word_1_243' title='bbox 518 2600 618 2626; x_wconf 89' lang='lat' dir='ltr'>lterum</span> <span class='ocrx_word' id='word_1_244' title='bbox 634 2599 792 2635; x_wconf 85' lang='lat' dir='ltr'>particulam</span> <span class='ocrx_word' id='word_1_245' title='bbox 808 2602 838 2628; x_wconf 77' lang='grc' dir='ltr'>ιιι</span> <span class='ocrx_word' id='word_1_246' title='bbox 857 2598 980 2626; x_wconf 85' lang='lat' dir='ltr'>addimus</span> <span class='ocrx_word' id='word_1_247' title='bbox 995 2607 1026 2626; x_wconf 82' lang='lat' dir='ltr'>ex</span> <span class='ocrx_word' id='word_1_248' title='bbox 1040 2598 1104 2626; x_wconf 86' lang='lat' dir='ltr'>edit.</span> <span class='ocrx_word' id='word_1_249' title='bbox 1120 2599 1190 2627; x_wconf 83' lang='lat' dir='ltr'>Che-</span> 
     </span>
     <span class='ocr_line' id='line_1_46' title="bbox 451 2644 672 2680; baseline 0 -9"><span class='ocrx_word' id='word_1_250' title='bbox 451 2644 551 2673; x_wconf 87' lang='lat' dir='ltr'>rubinii</span> <span class='ocrx_word' id='word_1_251' title='bbox 566 2650 606 2678; x_wconf 69' lang='lat' dir='ltr'>(n.</span> <span class='ocrx_word' id='word_1_252' title='bbox 623 2644 672 2680; x_wconf 87' lang='grc' dir='ltr'>τ.).</span> 
     </span>
    </p>
   </div>
   <div class='ocr_carea' id='block_1_6' title="bbox 1038 265 1394 289">
    <p class='ocr_par' dir='ltr' id='par_1_7' title="bbox 1038 265 1394 289">
     <span class='ocr_line' id='line_1_47' title="bbox 1038 265 1394 289; baseline 0 0"><span class='ocrx_word' id='word_1_253' title='bbox 1038 265 1217 289; x_wconf 57' lang='lat' dir='ltr'>numanum</span> <span class='ocrx_word' id='word_1_254' title='bbox 1243 265 1394 289; x_wconf 60' lang='lat' dir='ltr'>noatxut&#39;u</span> 
     </span>
    </p>
   </div>
   <div class='ocr_carea' id='block_1_7' title="bbox 1206 313 1969 1082">
    <p class='ocr_par' dir='ltr' id='par_1_8' title="bbox 1206 313 1969 1082">
     <span class='ocr_line' id='line_1_48' title="bbox 1228 313 1964 355; baseline 0.005 -12"><span class='ocrx_word' id='word_1_255' title='bbox 1228 313 1370 345; x_wconf 74' lang='lat' dir='ltr'>rubricas</span> <span class='ocrx_word' id='word_1_256' title='bbox 1396 314 1543 347; x_wconf 82' lang='lat' dir='ltr'>breviarii</span> <span class='ocrx_word' id='word_1_257' title='bbox 1566 315 1701 348; x_wconf 80' lang='lat' dir='ltr'>Romani</span> <span class='ocrx_word' id='word_1_258' title='bbox 1727 315 1806 348; x_wconf 85' lang='lat' dir='ltr'>inibi</span> <span class='ocrx_word' id='word_1_259' title='bbox 1825 315 1964 355; x_wconf 80' lang='lat' dir='ltr'>recitari,</span> 
     </span>
     <span class='ocr_line' id='line_1_49' title="bbox 1229 365 1966 410; baseline 0.005 -14"><span class='ocrx_word' id='word_1_260' title='bbox 1229 365 1416 398; x_wconf 84' lang='lat' dir='ltr'>auctoritate</span> <span class='ocrx_word' id='word_1_261' title='bbox 1442 372 1473 399; x_wconf 86' lang='lat' dir='ltr'>et</span> <span class='ocrx_word' id='word_1_262' title='bbox 1496 371 1607 400; x_wconf 85' lang='lat' dir='ltr'>tenore</span> <span class='ocrx_word' id='word_1_263' title='bbox 1632 367 1808 410; x_wconf 80' lang='lat' dir='ltr'>praedietis</span> <span class='ocrx_word' id='word_1_264' title='bbox 1834 368 1966 400; x_wconf 88' lang='lat' dir='ltr'>manda-</span> 
     </span>
     <span class='ocr_line' id='line_1_50' title="bbox 1229 418 1966 463; baseline 0.005 -14"><span class='ocrx_word' id='word_1_265' title='bbox 1229 428 1310 450; x_wconf 86' lang='lat' dir='ltr'>mus.</span> <span class='ocrx_word' id='word_1_266' title='bbox 1330 418 1397 451; x_wconf 83' lang='lat' dir='ltr'>Non</span> <span class='ocrx_word' id='word_1_267' title='bbox 1415 419 1619 452; x_wconf 85' lang='lat' dir='ltr'>obstantibus</span> <span class='ocrx_word' id='word_1_268' title='bbox 1644 420 1808 463; x_wconf 87' lang='lat' dir='ltr'>quibusvis</span> <span class='ocrx_word' id='word_1_269' title='bbox 1826 420 1966 453; x_wconf 85' lang='lat' dir='ltr'>decretis</span> 
     </span>
     <span class='ocr_line' id='line_1_51' title="bbox 1206 471 1968 505; baseline 0.005 -4"><span class='ocrx_word' id='word_1_270' title='bbox 1206 478 1207 492; x_wconf 63' lang='lat'>¹</span> <span class='ocrx_word' id='word_1_271' title='bbox 1230 480 1265 501; x_wconf 89' lang='lat' dir='ltr'>ac</span> <span class='ocrx_word' id='word_1_272' title='bbox 1289 471 1572 504; x_wconf 86' lang='lat' dir='ltr'>constitutionibus</span> <span class='ocrx_word' id='word_1_273' title='bbox 1597 478 1629 504; x_wconf 90' lang='lat' dir='ltr'>et</span> <span class='ocrx_word' id='word_1_274' title='bbox 1653 472 1912 505; x_wconf 81' lang='lat' dir='ltr'>ordinationibus</span> <span class='ocrx_word' id='word_1_275' title='bbox 1936 484 1968 505; x_wconf 84' lang='lat' dir='ltr'>a-</span> 
     </span>
     <span class='ocr_line' id='line_1_52' title="bbox 1230 523 1968 566; baseline 0.004 -12"><span class='ocrx_word' id='word_1_276' title='bbox 1230 523 1405 564; x_wconf 83' lang='lat' dir='ltr'>postolicis,</span> <span class='ocrx_word' id='word_1_277' title='bbox 1431 523 1609 566; x_wconf 83' lang='lat' dir='ltr'>ceterisque</span> <span class='ocrx_word' id='word_1_278' title='bbox 1636 524 1667 557; x_wconf 93' lang='lat' dir='ltr'>in</span> <span class='ocrx_word' id='word_1_279' title='bbox 1693 525 1890 557; x_wconf 85' lang='lat' dir='ltr'>contrarium</span> <span class='ocrx_word' id='word_1_280' title='bbox 1917 525 1968 557; x_wconf 83' lang='lat' dir='ltr'>sa-</span> 
     </span>
     <span class='ocr_line' id='line_1_53' title="bbox 1229 574 1968 619; baseline 0.007 -14"><span class='ocrx_word' id='word_1_281' title='bbox 1229 574 1388 607; x_wconf 82' lang='lat' dir='ltr'>cientibus</span> <span class='ocrx_word' id='word_1_282' title='bbox 1402 575 1669 619; x_wconf 83' lang='lat' dir='ltr'>quibuscumque.</span> <span class='ocrx_word' id='word_1_283' title='bbox 1690 577 1844 610; x_wconf 85' lang='lat' dir='ltr'>Volumus</span> <span class='ocrx_word' id='word_1_284' title='bbox 1859 582 1968 611; x_wconf 87' lang='lat' dir='ltr'>autem</span> 
     </span>
     <span class='ocr_line' id='line_1_54' title="bbox 1228 628 1968 670; baseline 0.005 -12"><span class='ocrx_word' id='word_1_285' title='bbox 1228 632 1263 659; x_wconf 91' lang='lat' dir='ltr'>ut</span> <span class='ocrx_word' id='word_1_286' title='bbox 1295 628 1481 659; x_wconf 81' lang='lat' dir='ltr'>earumdem</span> <span class='ocrx_word' id='word_1_287' title='bbox 1528 628 1746 670; x_wconf 84' lang='lat' dir='ltr'>praesentium</span> <span class='ocrx_word' id='word_1_288' title='bbox 1785 629 1968 662; x_wconf 87' lang='lat' dir='ltr'>litterarum</span> 
     </span>
     <span class='ocr_line' id='line_1_55' title="bbox 1229 679 1969 726; baseline 0.004 -16"><span class='ocrx_word' id='word_1_289' title='bbox 1229 679 1448 721; x_wconf 79' lang='lat' dir='ltr'>transumptis,</span> <span class='ocrx_word' id='word_1_290' title='bbox 1466 690 1519 711; x_wconf 90' lang='lat' dir='ltr'>seu</span> <span class='ocrx_word' id='word_1_291' title='bbox 1539 680 1703 723; x_wconf 71' lang='lat' dir='ltr'>exemplis,</span> <span class='ocrx_word' id='word_1_292' title='bbox 1723 680 1817 713; x_wconf 87' lang='lat' dir='ltr'>etiam</span> <span class='ocrx_word' id='word_1_293' title='bbox 1836 681 1969 726; x_wconf 86' lang='lat' dir='ltr'>impres-</span> 
     </span>
     <span class='ocr_line' id='line_1_56' title="bbox 1228 731 1968 776; baseline 0.004 -14"><span class='ocrx_word' id='word_1_294' title='bbox 1228 731 1287 772; x_wconf 87' lang='lat' dir='ltr'>sis,</span> <span class='ocrx_word' id='word_1_295' title='bbox 1314 742 1408 763; x_wconf 86' lang='lat' dir='ltr'>mauu</span> <span class='ocrx_word' id='word_1_296' title='bbox 1440 731 1574 764; x_wconf 88' lang='lat' dir='ltr'>alicuius</span> <span class='ocrx_word' id='word_1_297' title='bbox 1607 732 1723 764; x_wconf 84' lang='lat' dir='ltr'>notarii</span> <span class='ocrx_word' id='word_1_298' title='bbox 1748 733 1869 776; x_wconf 85' lang='lat' dir='ltr'>publici</span> <span class='ocrx_word' id='word_1_299' title='bbox 1893 734 1968 766; x_wconf 91' lang='lat' dir='ltr'>sub-</span> 
     </span>
     <span class='ocr_line' id='line_1_57' title="bbox 1228 784 1968 828; baseline 0.003 -13"><span class='ocrx_word' id='word_1_300' title='bbox 1228 784 1364 828; x_wconf 81' lang='lat' dir='ltr'>scriptis,</span> <span class='ocrx_word' id='word_1_301' title='bbox 1384 789 1415 817; x_wconf 89' lang='lat' dir='ltr'>et</span> <span class='ocrx_word' id='word_1_302' title='bbox 1439 784 1545 827; x_wconf 83' lang='lat' dir='ltr'>sigillo</span> <span class='ocrx_word' id='word_1_303' title='bbox 1571 795 1733 828; x_wconf 85' lang='lat' dir='ltr'>personae</span> <span class='ocrx_word' id='word_1_304' title='bbox 1758 785 1791 818; x_wconf 95' lang='lat' dir='ltr'>in</span> <span class='ocrx_word' id='word_1_305' title='bbox 1816 785 1968 819; x_wconf 85' lang='lat' dir='ltr'>ecclesia-</span> 
     </span>
     <span class='ocr_line' id='line_1_58' title="bbox 1227 837 1965 879; baseline 0.001 -10"><span class='ocrx_word' id='word_1_306' title='bbox 1227 837 1306 869; x_wconf 74' lang='lat' dir='ltr'>stica</span> <span class='ocrx_word' id='word_1_307' title='bbox 1320 837 1474 879; x_wconf 75' lang='lat' dir='ltr'>dignitate</span> <span class='ocrx_word' id='word_1_308' title='bbox 1490 837 1680 870; x_wconf 86' lang='lat' dir='ltr'>constitutae</span> <span class='ocrx_word' id='word_1_309' title='bbox 1697 837 1838 878; x_wconf 90' lang='lat' dir='ltr'>munitis,</span> <span class='ocrx_word' id='word_1_310' title='bbox 1852 839 1965 871; x_wconf 85' lang='lat' dir='ltr'>eadem</span> 
     </span>
     <span class='ocr_line' id='line_1_59' title="bbox 1227 890 1967 933; baseline 0 -11"><span class='ocrx_word' id='word_1_311' title='bbox 1227 901 1361 933; x_wconf 86' lang='lat' dir='ltr'>prorsus</span> <span class='ocrx_word' id='word_1_312' title='bbox 1386 890 1464 922; x_wconf 85' lang='lat' dir='ltr'>fides</span> <span class='ocrx_word' id='word_1_313' title='bbox 1479 891 1517 922; x_wconf 84' lang='lat' dir='ltr'>ab</span> <span class='ocrx_word' id='word_1_314' title='bbox 1537 890 1684 923; x_wconf 90' lang='lat' dir='ltr'>omnibus</span> <span class='ocrx_word' id='word_1_315' title='bbox 1710 895 1742 922; x_wconf 88' lang='lat' dir='ltr'>et</span> <span class='ocrx_word' id='word_1_316' title='bbox 1763 890 1885 933; x_wconf 88' lang='lat' dir='ltr'>ubique</span> <span class='ocrx_word' id='word_1_317' title='bbox 1902 894 1967 922; x_wconf 84' lang='lat' dir='ltr'>tam</span> 
     </span>
     <span class='ocr_line' id='line_1_60' title="bbox 1227 942 1965 986; baseline 0 -12"><span class='ocrx_word' id='word_1_318' title='bbox 1227 943 1259 975; x_wconf 89' lang='lat' dir='ltr'>in</span> <span class='ocrx_word' id='word_1_319' title='bbox 1284 942 1403 975; x_wconf 85' lang='lat' dir='ltr'>iudicio</span> <span class='ocrx_word' id='word_1_320' title='bbox 1430 953 1526 986; x_wconf 86' lang='lat' dir='ltr'>quam</span> <span class='ocrx_word' id='word_1_321' title='bbox 1551 948 1640 976; x_wconf 87' lang='lat' dir='ltr'>extra</span> <span class='ocrx_word' id='word_1_322' title='bbox 1672 942 1752 976; x_wconf 86' lang='lat' dir='ltr'>illud</span> <span class='ocrx_word' id='word_1_323' title='bbox 1784 942 1942 976; x_wconf 86' lang='lat' dir='ltr'>habeatur</span> <span class='ocrx_word' id='word_1_324' title='bbox 1958 969 1965 983; x_wconf 89' lang='grc'>,</span> 
     </span>
     <span class='ocr_line' id='line_1_61' title="bbox 1228 995 1967 1039; baseline 0 -12"><span class='ocrx_word' id='word_1_325' title='bbox 1228 1007 1308 1039; x_wconf 84' lang='lat' dir='ltr'>quae</span> <span class='ocrx_word' id='word_1_326' title='bbox 1330 996 1451 1029; x_wconf 88' lang='lat' dir='ltr'>eisdem</span> <span class='ocrx_word' id='word_1_327' title='bbox 1480 995 1711 1039; x_wconf 88' lang='lat' dir='ltr'>praesentibus</span> <span class='ocrx_word' id='word_1_328' title='bbox 1738 996 1914 1029; x_wconf 81' lang='lat' dir='ltr'>haberetur</span> <span class='ocrx_word' id='word_1_329' title='bbox 1940 995 1967 1027; x_wconf 89' lang='lat' dir='ltr'>si</span> 
     </span>
     <span class='ocr_line' id='line_1_62' title="bbox 1228 1049 1773 1082; baseline 0 -1"><span class='ocrx_word' id='word_1_330' title='bbox 1228 1049 1333 1082; x_wconf 81' lang='lat' dir='ltr'>forent</span> <span class='ocrx_word' id='word_1_331' title='bbox 1357 1049 1519 1082; x_wconf 81' lang='lat' dir='ltr'>exhibitae</span> <span class='ocrx_word' id='word_1_332' title='bbox 1543 1050 1592 1082; x_wconf 83' lang='lat' dir='ltr'>vel</span> <span class='ocrx_word' id='word_1_333' title='bbox 1610 1054 1773 1082; x_wconf 86' lang='lat' dir='ltr'>ostensae.</span> 
     </span>
    </p>
   </div>
   <div class='ocr_carea' id='block_1_8' title="bbox 1227 1109 1968 1225">
    <p class='ocr_par' dir='ltr' id='par_1_9' title="bbox 1227 1109 1968 1225">
     <span class='ocr_line' id='line_1_63' title="bbox 1262 1109 1968 1146; baseline -0.001 -9"><span class='ocrx_word' id='word_1_334' title='bbox 1262 1110 1356 1137; x_wconf 86' lang='lat' dir='ltr'>Datum</span> <span class='ocrx_word' id='word_1_335' title='bbox 1371 1111 1486 1144; x_wconf 83' lang='lat' dir='ltr'>Romae,</span> <span class='ocrx_word' id='word_1_336' title='bbox 1503 1110 1574 1146; x_wconf 83' lang='lat' dir='ltr'>apud</span> <span class='ocrx_word' id='word_1_337' title='bbox 1588 1110 1613 1137; x_wconf 94' lang='lat' dir='ltr'>S.</span> <span class='ocrx_word' id='word_1_338' title='bbox 1630 1110 1745 1137; x_wconf 81' lang='lat' dir='ltr'>Mariam</span> <span class='ocrx_word' id='word_1_339' title='bbox 1760 1110 1902 1143; x_wconf 85' lang='lat' dir='ltr'>Maiorem,</span> <span class='ocrx_word' id='word_1_340' title='bbox 1917 1109 1968 1137; x_wconf 80' lang='lat' dir='ltr'>sub</span> 
     </span>
     <span class='ocr_line' id='line_1_64' title="bbox 1227 1149 1965 1189; baseline -0.001 -8"><span class='ocrx_word' id='word_1_341' title='bbox 1227 1154 1325 1181; x_wconf 86' lang='lat' dir='ltr'>annulo</span> <span class='ocrx_word' id='word_1_342' title='bbox 1346 1154 1498 1187; x_wconf 68' lang='lat' dir='ltr'>piscatoris,</span> <span class='ocrx_word' id='word_1_343' title='bbox 1519 1154 1562 1180; x_wconf 86' lang='lat' dir='ltr'>die</span> <span class='ocrx_word' id='word_1_344' title='bbox 1588 1161 1607 1180; x_wconf 94' lang='lat'>11</span> <span class='ocrx_word' id='word_1_345' title='bbox 1622 1154 1735 1180; x_wconf 85' lang='lat' dir='ltr'>ianuarii</span> <span class='ocrx_word' id='word_1_346' title='bbox 1755 1161 1882 1189; x_wconf 72' lang='lat' dir='ltr'>unctxix,</span> <span class='ocrx_word' id='word_1_347' title='bbox 1903 1149 1965 1189; x_wconf 62' lang='lat' dir='ltr'>pon&#39;-</span> 
     </span>
     <span class='ocr_line' id='line_1_65' title="bbox 1229 1198 1587 1225; baseline 0 -1"><span class='ocrx_word' id='word_1_348' title='bbox 1229 1198 1343 1224; x_wconf 78' lang='lat' dir='ltr'>titicatus</span> <span class='ocrx_word' id='word_1_349' title='bbox 1362 1198 1446 1224; x_wconf 86' lang='lat' dir='ltr'>nostri</span> <span class='ocrx_word' id='word_1_350' title='bbox 1467 1206 1536 1225; x_wconf 89' lang='lat' dir='ltr'>anno</span> <span class='ocrx_word' id='word_1_351' title='bbox 1557 1205 1587 1224; x_wconf 89' lang='lat'>11.</span> 
     </span>
    </p>
   </div>
   <div class='ocr_carea' id='block_1_9' title="bbox 1203 313 1210 1155">
    <p class='ocr_par' dir='ltr' id='par_1_10' title="bbox 1203 313 1210 1155">
     <span class='ocr_line' id='line_1_66' title="bbox 1203 313 1210 1155; baseline 0 0"><span class='ocrx_word' id='word_1_352' title='bbox 1203 313 1210 1155; x_wconf 95' lang='lat' dir='ltr'> </span> 
     </span>
    </p>
   </div>
   <div class='ocr_carea' id='block_1_10' title="bbox 1209 1259 1975 2572">
    <p class='ocr_par' dir='ltr' id='par_1_11' title="bbox 1209 1259 1975 2572">
     <span class='ocr_line' id='line_1_67' title="bbox 1271 1259 1966 1303; baseline 0.001 -11"><span class='ocrx_word' id='word_1_353' title='bbox 1271 1260 1285 1302; x_wconf 60' lang='grc' dir='ltr'><strong>ἓ</strong></span> <span class='ocrx_word' id='word_1_354' title='bbox 1302 1259 1333 1293; x_wconf 79' lang='lat'>3.</span> <span class='ocrx_word' id='word_1_355' title='bbox 1354 1259 1431 1292; x_wconf 88' lang='lat' dir='ltr'>Cum</span> <span class='ocrx_word' id='word_1_356' title='bbox 1450 1264 1568 1301; x_wconf 85' lang='lat' dir='ltr'>autem,</span> <span class='ocrx_word' id='word_1_357' title='bbox 1586 1259 1667 1292; x_wconf 88' lang='lat' dir='ltr'>sieut</span> <span class='ocrx_word' id='word_1_358' title='bbox 1685 1260 1869 1303; x_wconf 85' lang='lat' dir='ltr'>praedictus</span> <span class='ocrx_word' id='word_1_359' title='bbox 1887 1270 1966 1293; x_wconf 85' lang='lat' dir='ltr'>mar-</span> 
     </span>
     <span class='ocr_line' id='line_1_68' title="bbox 1227 1313 1966 1356; baseline 0.001 -11"><span class='ocrx_word' id='word_1_360' title='bbox 1227 1313 1301 1345; x_wconf 82' lang='lat' dir='ltr'>chio</span> <span class='ocrx_word' id='word_1_361' title='bbox 1327 1313 1365 1345; x_wconf 91' lang='lat' dir='ltr'>de</span> <span class='ocrx_word' id='word_1_362' title='bbox 1387 1313 1531 1355; x_wconf 81' lang='lat' dir='ltr'>Astorga,</span> <span class='ocrx_word' id='word_1_363' title='bbox 1552 1313 1627 1345; x_wconf 88' lang='lat' dir='ltr'>dicti</span> <span class='ocrx_word' id='word_1_364' title='bbox 1645 1313 1749 1346; x_wconf 89' lang='lat' dir='ltr'>Caroli</span> <span class='ocrx_word' id='word_1_365' title='bbox 1775 1313 1861 1355; x_wconf 75' lang='lat' dir='ltr'>regis</span> <span class='ocrx_word' id='word_1_366' title='bbox 1886 1324 1966 1356; x_wconf 84' lang='lat' dir='ltr'>pari-</span> 
     </span>
     <span class='ocr_line' id='line_1_69' title="bbox 1228 1365 1967 1409; baseline 0.003 -12"><span class='ocrx_word' id='word_1_367' title='bbox 1228 1371 1277 1398; x_wconf 85' lang='lat' dir='ltr'>ter</span> <span class='ocrx_word' id='word_1_368' title='bbox 1312 1366 1398 1409; x_wconf 88' lang='lat' dir='ltr'>apud</span> <span class='ocrx_word' id='word_1_369' title='bbox 1434 1376 1493 1398; x_wconf 90' lang='lat' dir='ltr'>nos</span> <span class='ocrx_word' id='word_1_370' title='bbox 1535 1371 1566 1398; x_wconf 87' lang='lat' dir='ltr'>et</span> <span class='ocrx_word' id='word_1_371' title='bbox 1601 1365 1716 1399; x_wconf 87' lang='lat' dir='ltr'>Sedem</span> <span class='ocrx_word' id='word_1_372' title='bbox 1748 1366 1967 1409; x_wconf 85' lang='lat' dir='ltr'>Apostolicam</span> 
     </span>
     <span class='ocr_line' id='line_1_70' title="bbox 1227 1418 1969 1461; baseline 0 -9"><span class='ocrx_word' id='word_1_373' title='bbox 1227 1424 1349 1458; x_wconf 90' lang='lat' dir='ltr'>orator,</span> <span class='ocrx_word' id='word_1_374' title='bbox 1377 1419 1565 1451; x_wconf 84' lang='lat' dir='ltr'>eorumdem</span> <span class='ocrx_word' id='word_1_375' title='bbox 1596 1418 1701 1451; x_wconf 88' lang='lat' dir='ltr'>Caroli</span> <span class='ocrx_word' id='word_1_376' title='bbox 1737 1419 1822 1461; x_wconf 84' lang='lat' dir='ltr'>regis</span> <span class='ocrx_word' id='word_1_377' title='bbox 1851 1424 1883 1452; x_wconf 86' lang='lat' dir='ltr'>et</span> <span class='ocrx_word' id='word_1_378' title='bbox 1906 1420 1969 1452; x_wconf 88' lang='lat' dir='ltr'>Ma-</span> 
     </span>
     <span class='ocr_line' id='line_1_71' title="bbox 1226 1472 1968 1514; baseline 0.001 -10"><span class='ocrx_word' id='word_1_379' title='bbox 1226 1472 1358 1505; x_wconf 84' lang='lat' dir='ltr'>riannae</span> <span class='ocrx_word' id='word_1_380' title='bbox 1392 1472 1526 1514; x_wconf 75' lang='lat' dir='ltr'>reginae</span> <span class='ocrx_word' id='word_1_381' title='bbox 1559 1472 1674 1505; x_wconf 88' lang='lat' dir='ltr'>viduae</span> <span class='ocrx_word' id='word_1_382' title='bbox 1708 1472 1841 1505; x_wconf 89' lang='lat' dir='ltr'>nomine</span> <span class='ocrx_word' id='word_1_383' title='bbox 1874 1472 1968 1505; x_wconf 91' lang='lat' dir='ltr'>nobis</span> 
     </span>
     <span class='ocr_line' id='line_1_72' title="bbox 1227 1524 1967 1569; baseline 0.001 -12"><span class='ocrx_word' id='word_1_384' title='bbox 1227 1536 1333 1569; x_wconf 87' lang='lat' dir='ltr'>nuper</span> <span class='ocrx_word' id='word_1_385' title='bbox 1358 1525 1475 1568; x_wconf 82' lang='lat' dir='ltr'>exponi</span> <span class='ocrx_word' id='word_1_386' title='bbox 1501 1525 1591 1565; x_wconf 74' lang='lat' dir='ltr'>feeit,</span> <span class='ocrx_word' id='word_1_387' title='bbox 1618 1524 1726 1569; x_wconf 85' lang='lat' dir='ltr'>quod¹</span> <span class='ocrx_word' id='word_1_388' title='bbox 1751 1525 1811 1569; x_wconf 91' lang='lat' dir='ltr'>ipsi</span> <span class='ocrx_word' id='word_1_389' title='bbox 1836 1525 1967 1559; x_wconf 86' lang='lat' dir='ltr'>Carolus</span> 
     </span>
     <span class='ocr_line' id='line_1_73' title="bbox 1226 1578 1969 1621; baseline -0.001 -10"><span class='ocrx_word' id='word_1_390' title='bbox 1226 1589 1281 1611; x_wconf 81' lang='lat' dir='ltr'>rex</span> <span class='ocrx_word' id='word_1_391' title='bbox 1300 1584 1331 1611; x_wconf 89' lang='lat' dir='ltr'>et</span> <span class='ocrx_word' id='word_1_392' title='bbox 1348 1578 1510 1610; x_wconf 65' lang='lat' dir='ltr'>‚llarianna</span> <span class='ocrx_word' id='word_1_393' title='bbox 1527 1578 1648 1621; x_wconf 81' lang='lat' dir='ltr'>regina,</span> <span class='ocrx_word' id='word_1_394' title='bbox 1668 1578 1826 1611; x_wconf 82' lang='lat' dir='ltr'>fovendae</span> <span class='ocrx_word' id='word_1_395' title='bbox 1844 1582 1877 1610; x_wconf 87' lang='lat' dir='ltr'>et</span> <span class='ocrx_word' id='word_1_396' title='bbox 1893 1588 1969 1621; x_wconf 87' lang='lat' dir='ltr'>pro-</span> 
     </span>
     <span class='ocr_line' id='line_1_74' title="bbox 1227 1630 1970 1675; baseline -0.001 -11"><span class='ocrx_word' id='word_1_397' title='bbox 1227 1631 1394 1675; x_wconf 78' lang='lat' dir='ltr'>pagandae</span> <span class='ocrx_word' id='word_1_398' title='bbox 1417 1631 1559 1664; x_wconf 81' lang='lat' dir='ltr'>fidelium</span> <span class='ocrx_word' id='word_1_399' title='bbox 1585 1641 1662 1673; x_wconf 79' lang='lat' dir='ltr'>erga</span> <span class='ocrx_word' id='word_1_400' title='bbox 1687 1631 1835 1663; x_wconf 89' lang='lat' dir='ltr'>eamdem</span> <span class='ocrx_word' id='word_1_401' title='bbox 1853 1631 1888 1664; x_wconf 89' lang='lat' dir='ltr'>B.</span> <span class='ocrx_word' id='word_1_402' title='bbox 1908 1630 1970 1664; x_wconf 84' lang='lat' dir='ltr'>Ro-</span> 
     </span>
     <span class='ocr_line' id='line_1_75' title="bbox 1227 1683 1970 1727; baseline -0.001 -11"><span class='ocrx_word' id='word_1_403' title='bbox 1227 1695 1295 1717; x_wconf 88' lang='lat' dir='ltr'>sam</span> <span class='ocrx_word' id='word_1_404' title='bbox 1321 1683 1485 1717; x_wconf 86' lang='lat' dir='ltr'>devotioni</span> <span class='ocrx_word' id='word_1_405' title='bbox 1512 1683 1668 1717; x_wconf 86' lang='lat' dir='ltr'>laudabili</span> <span class='ocrx_word' id='word_1_406' title='bbox 1693 1683 1815 1727; x_wconf 82' lang='lat' dir='ltr'>pietate</span> <span class='ocrx_word' id='word_1_407' title='bbox 1840 1683 1970 1716; x_wconf 88' lang='lat' dir='ltr'>studen-</span> 
     </span>
     <span class='ocr_line' id='line_1_76' title="bbox 1229 1736 1970 1780; baseline -0.003 -10"><span class='ocrx_word' id='word_1_408' title='bbox 1229 1743 1285 1776; x_wconf 89' lang='lat' dir='ltr'>tes,</span> <span class='ocrx_word' id='word_1_409' title='bbox 1300 1738 1519 1780; x_wconf 88' lang='lat' dir='ltr'>praeinsertas</span> <span class='ocrx_word' id='word_1_410' title='bbox 1544 1736 1717 1769; x_wconf 85' lang='lat' dir='ltr'>Clementis</span> <span class='ocrx_word' id='word_1_411' title='bbox 1741 1737 1970 1779; x_wconf 86' lang='lat' dir='ltr'>praedecesso-</span> 
     </span>
     <span class='ocr_line' id='line_1_77' title="bbox 1229 1789 1970 1823; baseline -0.001 -1"><span class='ocrx_word' id='word_1_412' title='bbox 1229 1790 1272 1822; x_wconf 91' lang='lat' dir='ltr'>ris</span> <span class='ocrx_word' id='word_1_413' title='bbox 1297 1790 1421 1823; x_wconf 82' lang='lat' dir='ltr'>litteras</span> <span class='ocrx_word' id='word_1_414' title='bbox 1447 1790 1486 1822; x_wconf 85' lang='lat' dir='ltr'>ad</span> <span class='ocrx_word' id='word_1_415' title='bbox 1511 1789 1662 1822; x_wconf 85' lang='lat' dir='ltr'>universa</span> <span class='ocrx_word' id='word_1_416' title='bbox 1684 1789 1848 1822; x_wconf 84' lang='lat' dir='ltr'>Americae</span> <span class='ocrx_word' id='word_1_417' title='bbox 1870 1794 1902 1821; x_wconf 87' lang='lat' dir='ltr'>et</span> <span class='ocrx_word' id='word_1_418' title='bbox 1925 1789 1970 1821; x_wconf 91' lang='lat' dir='ltr'>In-</span> 
     </span>
     <span class='ocr_line' id='line_1_78' title="bbox 1230 1842 1969 1885; baseline -0.003 -9"><span class='ocrx_word' id='word_1_419' title='bbox 1230 1844 1355 1877; x_wconf 87' lang='lat' dir='ltr'>diarum</span> <span class='ocrx_word' id='word_1_420' title='bbox 1390 1844 1460 1876; x_wconf 78' lang='lat' dir='ltr'>loca</span> <span class='ocrx_word' id='word_1_421' title='bbox 1485 1854 1501 1875; x_wconf 86' lang='lat' dir='ltr'>a</span> <span class='ocrx_word' id='word_1_422' title='bbox 1522 1843 1616 1875; x_wconf 88' lang='lat' dir='ltr'>nobis</span> <span class='ocrx_word' id='word_1_423' title='bbox 1641 1843 1769 1876; x_wconf 79' lang='lat' dir='ltr'>extendi</span> <span class='ocrx_word' id='word_1_424' title='bbox 1795 1842 1969 1885; x_wconf 90' lang='lat' dir='ltr'>plurimum</span> 
     </span>
     <span class='ocr_line' id='line_1_79' title="bbox 1230 1895 1971 1938; baseline -0.003 -9"><span class='ocrx_word' id='word_1_425' title='bbox 1230 1896 1430 1929; x_wconf 85' lang='lat' dir='ltr'>desiderent:</span> <span class='ocrx_word' id='word_1_426' title='bbox 1448 1906 1517 1935; x_wconf 89' lang='lat' dir='ltr'>nos,</span> <span class='ocrx_word' id='word_1_427' title='bbox 1532 1895 1692 1938; x_wconf 82' lang='lat' dir='ltr'>gloriosae</span> <span class='ocrx_word' id='word_1_428' title='bbox 1709 1895 1743 1928; x_wconf 91' lang='lat' dir='ltr'>B.</span> <span class='ocrx_word' id='word_1_429' title='bbox 1761 1895 1865 1928; x_wconf 85' lang='lat' dir='ltr'>Rosae</span> <span class='ocrx_word' id='word_1_430' title='bbox 1882 1904 1971 1938; x_wconf 83' lang='lat' dir='ltr'>prae-</span> 
     </span>
     <span class='ocr_line' id='line_1_80' title="bbox 1230 1947 1969 1992; baseline -0.003 -11"><span class='ocrx_word' id='word_1_431' title='bbox 1230 1949 1344 1989; x_wconf 78' lang='lat' dir='ltr'>dictae,</span> <span class='ocrx_word' id='word_1_432' title='bbox 1366 1959 1447 1992; x_wconf 84' lang='lat' dir='ltr'>quae</span> <span class='ocrx_word' id='word_1_433' title='bbox 1472 1947 1650 1981; x_wconf 84' lang='lat' dir='ltr'>Ecclesiam</span> <span class='ocrx_word' id='word_1_434' title='bbox 1675 1947 1860 1980; x_wconf 85' lang='lat' dir='ltr'>universam</span> <span class='ocrx_word' id='word_1_435' title='bbox 1881 1947 1969 1980; x_wconf 90' lang='lat' dir='ltr'>bono</span> 
     </span>
     <span class='ocr_line' id='line_1_81' title="bbox 1230 1999 1968 2043; baseline -0.004 -9"><span class='ocrx_word' id='word_1_436' title='bbox 1230 2001 1348 2034; x_wconf 87' lang='lat' dir='ltr'>Christi</span> <span class='ocrx_word' id='word_1_437' title='bbox 1374 2001 1475 2034; x_wconf 87' lang='lat' dir='ltr'>odore</span> <span class='ocrx_word' id='word_1_438' title='bbox 1501 2002 1598 2043; x_wconf 80' lang='lat' dir='ltr'>longe</span> <span class='ocrx_word' id='word_1_439' title='bbox 1636 2001 1762 2043; x_wconf 80' lang='lat' dir='ltr'>lateque</span> <span class='ocrx_word' id='word_1_440' title='bbox 1788 1999 1968 2043; x_wconf 84' lang='lat' dir='ltr'>perfundit,</span> 
     </span>
     <span class='ocr_line' id='line_1_82' title="bbox 1231 2052 1968 2096; baseline -0.003 -10"><span class='ocrx_word' id='word_1_441' title='bbox 1231 2055 1345 2087; x_wconf 81' lang='lat' dir='ltr'>merita</span> <span class='ocrx_word' id='word_1_442' title='bbox 1370 2064 1486 2096; x_wconf 77' lang='lat' dir='ltr'>magno</span> <span class='ocrx_word' id='word_1_443' title='bbox 1511 2063 1584 2086; x_wconf 88' lang='lat' dir='ltr'>cum</span> <span class='ocrx_word' id='word_1_444' title='bbox 1609 2052 1768 2096; x_wconf 84' lang='lat' dir='ltr'>spirituali</span> <span class='ocrx_word' id='word_1_445' title='bbox 1798 2052 1895 2085; x_wconf 86' lang='lat' dir='ltr'>animi</span> <span class='ocrx_word' id='word_1_446' title='bbox 1914 2063 1968 2085; x_wconf 89' lang='lat' dir='ltr'>no-</span> 
     </span>
     <span class='ocr_line' id='line_1_83' title="bbox 1231 2105 1972 2150; baseline -0.003 -10"><span class='ocrx_word' id='word_1_447' title='bbox 1231 2108 1288 2140; x_wconf 88' lang='lat' dir='ltr'>stri</span> <span class='ocrx_word' id='word_1_448' title='bbox 1315 2107 1432 2150; x_wconf 84' lang='lat' dir='ltr'>gaudio</span> <span class='ocrx_word' id='word_1_449' title='bbox 1451 2106 1639 2145; x_wconf 83' lang='lat' dir='ltr'>recolentes,</span> <span class='ocrx_word' id='word_1_450' title='bbox 1655 2105 1781 2148; x_wconf 85' lang='lat' dir='ltr'>piisque</span> <span class='ocrx_word' id='word_1_451' title='bbox 1800 2110 1831 2138; x_wconf 86' lang='lat' dir='ltr'>et</span> <span class='ocrx_word' id='word_1_452' title='bbox 1849 2105 1972 2138; x_wconf 81' lang='lat' dir='ltr'>devotis</span> 
     </span>
     <span class='ocr_line' id='line_1_84' title="bbox 1233 2158 1973 2201; baseline -0.004 -8"><span class='ocrx_word' id='word_1_453' title='bbox 1233 2161 1393 2193; x_wconf 86' lang='lat' dir='ltr'>dictorum</span> <span class='ocrx_word' id='word_1_454' title='bbox 1418 2158 1523 2192; x_wconf 84' lang='lat' dir='ltr'>Caroli</span> <span class='ocrx_word' id='word_1_455' title='bbox 1548 2158 1634 2201; x_wconf 80' lang='lat' dir='ltr'>regis</span> <span class='ocrx_word' id='word_1_456' title='bbox 1661 2163 1692 2191; x_wconf 87' lang='lat' dir='ltr'>et</span> <span class='ocrx_word' id='word_1_457' title='bbox 1715 2158 1897 2191; x_wconf 85' lang='lat' dir='ltr'>Mariannae</span> <span class='ocrx_word' id='word_1_458' title='bbox 1922 2169 1973 2191; x_wconf 83' lang='lat' dir='ltr'>re.-</span> 
     </span>
     <span class='ocr_line' id='line_1_85' title="bbox 1209 2210 1972 2256; baseline -0.004 -10"><span class='ocrx_word' id='word_1_459' title='bbox 1209 2226 1210 2245; x_wconf 77' lang='grc'><strong>;</strong></span> <span class='ocrx_word' id='word_1_460' title='bbox 1232 2213 1326 2256; x_wconf 75' lang='lat' dir='ltr'>ginae</span> <span class='ocrx_word' id='word_1_461' title='bbox 1351 2211 1642 2255; x_wconf 83' lang='lat' dir='ltr'>supplicationibus</span> <span class='ocrx_word' id='word_1_462' title='bbox 1667 2210 1760 2243; x_wconf 88' lang='lat' dir='ltr'>nobis</span> <span class='ocrx_word' id='word_1_463' title='bbox 1786 2221 1886 2254; x_wconf 89' lang='lat' dir='ltr'>super</span> <span class='ocrx_word' id='word_1_464' title='bbox 1911 2211 1972 2244; x_wconf 91' lang='lat' dir='ltr'>hoc</span> 
     </span>
     <span class='ocr_line' id='line_1_86' title="bbox 1232 2263 1973 2307; baseline -0.001 -9"><span class='ocrx_word' id='word_1_465' title='bbox 1232 2265 1399 2298; x_wconf 89' lang='lat' dir='ltr'>humiliter</span> <span class='ocrx_word' id='word_1_466' title='bbox 1414 2263 1575 2307; x_wconf 85' lang='lat' dir='ltr'>porrectis</span> <span class='ocrx_word' id='word_1_467' title='bbox 1596 2263 1816 2296; x_wconf 80' lang='lat' dir='ltr'>favorabiliter</span> <span class='ocrx_word' id='word_1_468' title='bbox 1829 2274 1973 2297; x_wconf 82' lang='lat' dir='ltr'>annuere</span> 
     </span>
     <span class='ocr_line' id='line_1_87' title="bbox 1232 2316 1974 2361; baseline -0.001 -11"><span class='ocrx_word' id='word_1_469' title='bbox 1232 2317 1412 2361; x_wconf 84' lang='lat' dir='ltr'>cupientes,</span> <span class='ocrx_word' id='word_1_470' title='bbox 1435 2327 1470 2349; x_wconf 89' lang='lat' dir='ltr'>ae</span> <span class='ocrx_word' id='word_1_471' title='bbox 1495 2316 1662 2349; x_wconf 89' lang='lat' dir='ltr'>memorati</span> <span class='ocrx_word' id='word_1_472' title='bbox 1681 2316 1855 2349; x_wconf 85' lang='lat' dir='ltr'>Clementis</span> <span class='ocrx_word' id='word_1_473' title='bbox 1881 2327 1974 2360; x_wconf 83' lang='lat' dir='ltr'>prae-</span> 
     </span>
     <span class='ocr_line' id='line_1_88' title="bbox 1232 2369 1972 2412; baseline -0.001 -9"><span class='ocrx_word' id='word_1_474' title='bbox 1232 2370 1408 2403; x_wconf 70' lang='lat' dir='ltr'>decessoris</span> <span class='ocrx_word' id='word_1_475' title='bbox 1422 2369 1564 2412; x_wconf 70' lang='lat' dir='ltr'>vestigiis</span> <span class='ocrx_word' id='word_1_476' title='bbox 1582 2369 1802 2408; x_wconf 84' lang='lat' dir='ltr'>inhaerentes,</span> <span class='ocrx_word' id='word_1_477' title='bbox 1826 2370 1972 2402; x_wconf 83' lang='lat' dir='ltr'>eamdem</span> 
     </span>
     <span class='ocr_line' id='line_1_89' title="bbox 1233 2422 1975 2456; baseline 0 0"><span class='ocrx_word' id='word_1_478' title='bbox 1233 2424 1266 2456; x_wconf 86' lang='lat' dir='ltr'>B.</span> <span class='ocrx_word' id='word_1_479' title='bbox 1294 2423 1409 2456; x_wconf 87' lang='lat' dir='ltr'>Rosam</span> <span class='ocrx_word' id='word_1_480' title='bbox 1436 2423 1474 2455; x_wconf 87' lang='lat' dir='ltr'>de</span> <span class='ocrx_word' id='word_1_481' title='bbox 1499 2422 1529 2454; x_wconf 85' lang='lat' dir='ltr'>S.</span> <span class='ocrx_word' id='word_1_482' title='bbox 1557 2422 1652 2455; x_wconf 79' lang='lat' dir='ltr'>Maria</span> <span class='ocrx_word' id='word_1_483' title='bbox 1677 2422 1709 2455; x_wconf 88' lang='lat' dir='ltr'>in</span> <span class='ocrx_word' id='word_1_484' title='bbox 1734 2423 1918 2456; x_wconf 83' lang='lat' dir='ltr'>universam</span> <span class='ocrx_word' id='word_1_485' title='bbox 1943 2429 1975 2456; x_wconf 90' lang='lat' dir='ltr'>et</span> 
     </span>
     <span class='ocr_line' id='line_1_90' title="bbox 1233 2475 1974 2519; baseline 0.001 -11"><span class='ocrx_word' id='word_1_486' title='bbox 1233 2475 1497 2519; x_wconf 87' lang='lat' dir='ltr'>principaliorem</span> <span class='ocrx_word' id='word_1_487' title='bbox 1515 2481 1684 2518; x_wconf 86' lang='lat' dir='ltr'>patronam</span> <span class='ocrx_word' id='word_1_488' title='bbox 1703 2476 1848 2509; x_wconf 87' lang='lat' dir='ltr'>omnium</span> <span class='ocrx_word' id='word_1_489' title='bbox 1867 2477 1974 2509; x_wconf 90' lang='lat' dir='ltr'>etsin-</span> 
     </span>
     <span class='ocr_line' id='line_1_91' title="bbox 1233 2528 1974 2572; baseline 0.001 -11"><span class='ocrx_word' id='word_1_490' title='bbox 1233 2531 1378 2572; x_wconf 82' lang='lat' dir='ltr'>gularum</span> <span class='ocrx_word' id='word_1_491' title='bbox 1403 2528 1655 2572; x_wconf 68' lang='lat' dir='ltr'>lwovinciarum,</span> <span class='ocrx_word' id='word_1_492' title='bbox 1680 2539 1864 2572; x_wconf 81' lang='lat' dir='ltr'>regnorum,</span> <span class='ocrx_word' id='word_1_493' title='bbox 1890 2529 1974 2562; x_wconf 90' lang='lat' dir='ltr'>insu-</span> 
     </span>
    </p>
   </div>
   <div class='ocr_carea' id='block_1_11' title="bbox 1204 1311 1212 2122">
    <p class='ocr_par' dir='ltr' id='par_1_12' title="bbox 1204 1311 1212 2122">
     <span class='ocr_line' id='line_1_92' title="bbox 1204 1311 1212 2122; baseline 0 0"><span class='ocrx_word' id='word_1_494' title='bbox 1204 1311 1212 2122; x_wconf 95' lang='lat' dir='ltr'> </span> 
     </span>
    </p>
   </div>
   <div class='ocr_carea' id='block_1_12' title="bbox 1272 2642 1773 2679">
    <p class='ocr_par' dir='ltr' id='par_1_13' title="bbox 1272 2642 1773 2679">
     <span class='ocr_line' id='line_1_93' title="bbox 1272 2642 1773 2679; baseline 0 -8"><span class='ocrx_word' id='word_1_495' title='bbox 1272 2645 1281 2671; x_wconf 81' lang='lat' dir='ltr'>l</span> <span class='ocrx_word' id='word_1_496' title='bbox 1302 2643 1434 2671; x_wconf 84' lang='lat' dir='ltr'>Particula</span> <span class='ocrx_word' id='word_1_497' title='bbox 1450 2643 1525 2678; x_wconf 76' lang='lat' dir='ltr'>quod</span> <span class='ocrx_word' id='word_1_498' title='bbox 1541 2642 1657 2670; x_wconf 86' lang='lat' dir='ltr'>delenda</span> <span class='ocrx_word' id='word_1_499' title='bbox 1671 2643 1707 2679; x_wconf 76' lang='lat' dir='ltr'>(n.</span> <span class='ocrx_word' id='word_1_500' title='bbox 1724 2643 1773 2678; x_wconf 84' lang='grc' dir='ltr'>τ.).</span> 
     </span>
    </p>
   </div>
   <div class='ocr_carea' id='block_1_13' title="bbox 1971 265 2159 303">
    <p class='ocr_par' dir='ltr' id='par_1_14' title="bbox 1971 265 2159 303">
     <span class='ocr_line' id='line_1_94' title="bbox 1971 265 2159 303; baseline 0.005 -10"><span class='ocrx_word' id='word_1_501' title='bbox 1971 265 2022 294; x_wconf 67' lang='lat' dir='ltr'>An.</span> <span class='ocrx_word' id='word_1_502' title='bbox 2043 265 2073 294; x_wconf 85' lang='lat' dir='ltr'>c.</span> <span class='ocrx_word' id='word_1_503' title='bbox 2089 265 2159 303; x_wconf 74' lang='lat'>¹⁶⁷0</span> 
     </span>
    </p>
   </div>
   <div class='ocr_carea' id='block_1_14' title="bbox 2002 1271 2159 1293">
    <p class='ocr_par' dir='ltr' id='par_1_15' title="bbox 2002 1271 2159 1293">
     <span class='ocr_line' id='line_1_95' title="bbox 2002 1271 2159 1293; baseline -0.006 -1"><span class='ocrx_word' id='word_1_504' title='bbox 2002 1272 2028 1293; x_wconf 75' lang='lat' dir='ltr'>Et</span> <span class='ocrx_word' id='word_1_505' title='bbox 2043 1272 2105 1292; x_wconf 69' lang='lat' dir='ltr'>modo</span> <span class='ocrx_word' id='word_1_506' title='bbox 2123 1271 2159 1292; x_wconf 82' lang='lat' dir='ltr'>hic</span> 
     </span>
    </p>
   </div>
   <div class='ocr_carea' id='block_1_15' title="bbox 1948 1298 2160 1319">
    <p class='ocr_par' dir='ltr' id='par_1_16' title="bbox 1948 1298 2160 1319">
     <span class='ocr_line' id='line_1_96' title="bbox 1948 1298 2160 1319; baseline -0.005 0"><span class='ocrx_word' id='word_1_507' title='bbox 1948 1313 1954 1319; x_wconf 93' lang='lat'>.</span> <span class='ocrx_word' id='word_1_508' title='bbox 1976 1298 2071 1319; x_wconf 67' lang='lat' dir='ltr'>k’onusux</span> <span class='ocrx_word' id='word_1_509' title='bbox 2085 1298 2160 1318; x_wconf 74' lang='lat' dir='ltr'>contir-</span> 
     </span>
    </p>
   </div>
   <div class='ocr_carea' id='block_1_16' title="bbox 1976 1326 2160 1372">
    <p class='ocr_par' dir='ltr' id='par_1_17' title="bbox 1976 1326 2160 1372">
     <span class='ocr_line' id='line_1_97' title="bbox 1976 1326 2160 1350; baseline -0.005 -4"><span class='ocrx_word' id='word_1_510' title='bbox 1976 1328 2019 1346; x_wconf 86' lang='lat' dir='ltr'>mat</span> <span class='ocrx_word' id='word_1_511' title='bbox 2047 1326 2110 1350; x_wconf 83' lang='lat' dir='ltr'>prout.</span> <span class='ocrx_word' id='word_1_512' title='bbox 2138 1329 2160 1345; x_wconf 79' lang='lat' dir='ltr'>m</span> 
     </span>
     <span class='ocr_line' id='line_1_98' title="bbox 1976 1352 2070 1372; baseline -0.011 0"><span class='ocrx_word' id='word_1_513' title='bbox 1976 1352 2070 1372; x_wconf 70' lang='lat' dir='ltr'>rubrica,</span> 
     </span>
    </p>
   </div>
  </div>
 </body>
</html>
