<?xml version="1.0" encoding="UTF-8"?>
<!DOCTYPE html PUBLIC "-//W3C//DTD XHTML 1.0 Transitional//EN"
    "http://www.w3.org/TR/xhtml1/DTD/xhtml1-transitional.dtd">
<html xmlns="http://www.w3.org/1999/xhtml" xml:lang="en" lang="en">
 <head>
  <title>
</title>
<meta http-equiv="Content-Type" content="text/html;charset=utf-8" />
  <meta name='ocr-system' content='tesseract 3.04.00' />
  <meta name='ocr-capabilities' content='ocr_page ocr_carea ocr_par ocr_line ocrx_word'/>
</head>
<body>
  <div class='ocr_page' id='page_1' title='image "./bullarumdiplomat18cath_0481.png"; bbox 0 0 2279 3260; ppageno 0'>
   <div class='ocr_carea' id='block_1_1' title="bbox 174 236 362 266">
    <p class='ocr_par' dir='ltr' id='par_1_1' title="bbox 174 236 362 266">
     <span class='ocr_line' id='line_1_1' title="bbox 174 236 362 266; baseline 0 0"><span class='ocrx_word' id='word_1_1' title='bbox 174 239 224 266; x_wconf 80' lang='lat' dir='ltr'>An.</span> <span class='ocrx_word' id='word_1_2' title='bbox 242 239 271 266; x_wconf 89' lang='lat' dir='ltr'>C.</span> <span class='ocrx_word' id='word_1_3' title='bbox 295 236 362 266; x_wconf 76' lang='lat'><strong>1673</strong></span> 
     </span>
    </p>
   </div>
   <div class='ocr_carea' id='block_1_2' title="bbox 176 509 360 561">
    <p class='ocr_par' dir='ltr' id='par_1_2' title="bbox 176 509 360 561">
     <span class='ocr_line' id='line_1_2' title="bbox 242 509 360 529; baseline 0 0"><span class='ocrx_word' id='word_1_4' title='bbox 242 509 360 529; x_wconf 74' lang='lat' dir='ltr'>Contrariis</span> 
     </span>
     <span class='ocr_line' id='line_1_3' title="bbox 176 535 272 561; baseline 0.01 -6"><span class='ocrx_word' id='word_1_5' title='bbox 176 535 208 555; x_wconf 73' lang='lat' dir='ltr'>dm</span> <span class='ocrx_word' id='word_1_6' title='bbox 229 538 272 561; x_wconf 73' lang='lat' dir='ltr'>gat.</span> 
     </span>
    </p>
   </div>
   <div class='ocr_carea' id='block_1_3' title="bbox 992 237 1247 264">
    <p class='ocr_par' dir='ltr' id='par_1_3' title="bbox 992 237 1247 264">
     <span class='ocr_line' id='line_1_4' title="bbox 992 237 1247 264; baseline -0.004 0"><span class='ocrx_word' id='word_1_7' title='bbox 992 237 1133 264; x_wconf 69' lang='lat' dir='ltr'>CLEMENS</span> <span class='ocrx_word' id='word_1_8' title='bbox 1156 241 1174 263; x_wconf 78' lang='grc' dir='ltr'>Χ</span> <span class='ocrx_word' id='word_1_9' title='bbox 1199 239 1247 263; x_wconf 77' lang='grc' dir='ltr'>ΡΡ.</span> 
     </span>
    </p>
   </div>
   <div class='ocr_carea' id='block_1_4' title="bbox 370 288 1108 490">
    <p class='ocr_par' dir='ltr' id='par_1_4' title="bbox 370 288 1108 490">
     <span class='ocr_line' id='line_1_5' title="bbox 370 288 1106 331; baseline -0.005 -9"><span class='ocrx_word' id='word_1_10' title='bbox 370 290 529 331; x_wconf 83' lang='lat' dir='ltr'>ctoritate,</span> <span class='ocrx_word' id='word_1_11' title='bbox 555 290 690 322; x_wconf 80' lang='lat' dir='ltr'>iudicari</span> <span class='ocrx_word' id='word_1_12' title='bbox 709 294 739 322; x_wconf 88' lang='lat' dir='ltr'>et</span> <span class='ocrx_word' id='word_1_13' title='bbox 758 288 883 322; x_wconf 84' lang='lat' dir='ltr'>definiri</span> <span class='ocrx_word' id='word_1_14' title='bbox 910 288 1048 328; x_wconf 86' lang='lat' dir='ltr'>debere,</span> <span class='ocrx_word' id='word_1_15' title='bbox 1071 298 1106 320; x_wconf 88' lang='lat' dir='ltr'>ae</span> 
     </span>
     <span class='ocr_line' id='line_1_6' title="bbox 370 341 1106 384; baseline -0.005 -9"><span class='ocrx_word' id='word_1_16' title='bbox 370 343 496 375; x_wconf 89' lang='lat' dir='ltr'>irritum</span> <span class='ocrx_word' id='word_1_17' title='bbox 522 347 554 375; x_wconf 88' lang='lat' dir='ltr'>et</span> <span class='ocrx_word' id='word_1_18' title='bbox 579 342 674 375; x_wconf 84' lang='lat' dir='ltr'>inane</span> <span class='ocrx_word' id='word_1_19' title='bbox 706 342 731 375; x_wconf 88' lang='lat' dir='ltr'>si</span> <span class='ocrx_word' id='word_1_20' title='bbox 766 352 857 374; x_wconf 88' lang='lat' dir='ltr'>secus</span> <span class='ocrx_word' id='word_1_21' title='bbox 891 351 990 384; x_wconf 84' lang='lat' dir='ltr'>super</span> <span class='ocrx_word' id='word_1_22' title='bbox 1014 341 1064 373; x_wconf 86' lang='lat' dir='ltr'>his</span> <span class='ocrx_word' id='word_1_23' title='bbox 1090 351 1106 372; x_wconf 88' lang='lat' dir='ltr'>a</span> 
     </span>
     <span class='ocr_line' id='line_1_7' title="bbox 371 394 1108 439; baseline 0 -14"><span class='ocrx_word' id='word_1_24' title='bbox 371 406 531 439; x_wconf 86' lang='lat' dir='ltr'>quoquam</span> <span class='ocrx_word' id='word_1_25' title='bbox 548 422 555 435; x_wconf 89' lang='lat'>,</span> <span class='ocrx_word' id='word_1_26' title='bbox 583 395 692 438; x_wconf 84' lang='lat' dir='ltr'>quavis</span> <span class='ocrx_word' id='word_1_27' title='bbox 722 394 933 434; x_wconf 86' lang='lat' dir='ltr'>anctoritate,</span> <span class='ocrx_word' id='word_1_28' title='bbox 968 394 1108 426; x_wconf 76' lang='lat' dir='ltr'>scienter</span> 
     </span>
     <span class='ocr_line' id='line_1_8' title="bbox 370 447 1016 490; baseline -0.005 -9"><span class='ocrx_word' id='word_1_29' title='bbox 370 449 420 481; x_wconf 88' lang='lat' dir='ltr'>vel</span> <span class='ocrx_word' id='word_1_30' title='bbox 439 449 635 490; x_wconf 68' lang='lat' dir='ltr'><strong>ignoranter,</strong></span> <span class='ocrx_word' id='word_1_31' title='bbox 655 448 830 490; x_wconf 78' lang='lat' dir='ltr'>contigerit</span> <span class='ocrx_word' id='word_1_32' title='bbox 855 447 1016 479; x_wconf 88' lang='lat' dir='ltr'>attentari.</span> 
     </span>
    </p>
   </div>
   <div class='ocr_carea' id='block_1_5' title="bbox 415 499 1133 552">
    <p class='ocr_par' dir='ltr' id='par_1_5' title="bbox 415 499 1133 552">
     <span class='ocr_line' id='line_1_9' title="bbox 415 499 1133 552; baseline -0.006 -18"><span class='ocrx_word' id='word_1_33' title='bbox 415 501 474 544; x_wconf 53' lang='lat'>§42</span> <span class='ocrx_word' id='word_1_34' title='bbox 494 501 562 535; x_wconf 87' lang='lat' dir='ltr'>Non</span> <span class='ocrx_word' id='word_1_35' title='bbox 579 501 783 534; x_wconf 84' lang='lat' dir='ltr'>obstantibus</span> <span class='ocrx_word' id='word_1_36' title='bbox 807 500 1003 543; x_wconf 83' lang='lat' dir='ltr'>apostolicis,</span> <span class='ocrx_word' id='word_1_37' title='bbox 1022 510 1056 532; x_wconf 68' lang='lat' dir='ltr'>ac</span> <span class='ocrx_word' id='word_1_38' title='bbox 1076 499 1106 530; x_wconf 88' lang='lat' dir='ltr'>in</span> <span class='ocrx_word' id='word_1_39' title='bbox 1124 518 1133 552; x_wconf 56' lang='lat'>4</span> 
     </span>
    </p>
   </div>
   <div class='ocr_carea' id='block_1_6' title="bbox 371 553 1134 1755">
    <p class='ocr_par' dir='ltr' id='par_1_6' title="bbox 371 553 1134 1755">
     <span class='ocr_line' id='line_1_10' title="bbox 372 553 1128 593; baseline -0.007 -6"><span class='ocrx_word' id='word_1_40' title='bbox 372 554 518 587; x_wconf 87' lang='lat' dir='ltr'>conciliis</span> <span class='ocrx_word' id='word_1_41' title='bbox 543 554 638 586; x_wconf 90' lang='lat' dir='ltr'>etiam</span> <span class='ocrx_word' id='word_1_42' title='bbox 663 553 896 586; x_wconf 84' lang='lat' dir='ltr'>universalibus</span> <span class='ocrx_word' id='word_1_43' title='bbox 921 553 1035 591; x_wconf 86' lang='lat' dir='ltr'>editis,</span> <span class='ocrx_word' id='word_1_44' title='bbox 1055 559 1128 593; x_wconf 50' lang='lat' dir='ltr'>giu*</span> 
     </span>
     <span class='ocr_line' id='line_1_11' title="bbox 371 604 1129 650; baseline -0.005 -10"><span class='ocrx_word' id='word_1_45' title='bbox 371 606 537 640; x_wconf 86' lang='lat' dir='ltr'>neralibus</span> <span class='ocrx_word' id='word_1_46' title='bbox 562 608 612 639; x_wconf 89' lang='lat' dir='ltr'>vel</span> <span class='ocrx_word' id='word_1_47' title='bbox 638 606 851 650; x_wconf 80' lang='lat' dir='ltr'>specialibus,</span> <span class='ocrx_word' id='word_1_48' title='bbox 875 604 1129 639; x_wconf 76' lang='lat' dir='ltr'>constitutioni-⁴</span> 
     </span>
     <span class='ocr_line' id='line_1_12' title="bbox 371 657 1130 699; baseline -0.004 -8"><span class='ocrx_word' id='word_1_49' title='bbox 371 659 429 691; x_wconf 85' lang='lat' dir='ltr'>bus</span> <span class='ocrx_word' id='word_1_50' title='bbox 455 665 486 692; x_wconf 92' lang='lat' dir='ltr'>et</span> <span class='ocrx_word' id='word_1_51' title='bbox 510 659 782 699; x_wconf 72' lang='lat' dir='ltr'>ordinationibus,</span> <span class='ocrx_word' id='word_1_52' title='bbox 803 669 930 692; x_wconf 89' lang='lat' dir='ltr'>necnon</span> <span class='ocrx_word' id='word_1_53' title='bbox 958 657 1032 690; x_wconf 76' lang='lat' dir='ltr'>dicti</span> <span class='ocrx_word' id='word_1_54' title='bbox 1059 657 1108 689; x_wconf 86' lang='lat' dir='ltr'>lu-</span> <span class='ocrx_word' id='word_1_55' title='bbox 1128 671 1130 679; x_wconf 54' lang='grc' dir='ltr'><em>ν</em></span> 
     </span>
     <span class='ocr_line' id='line_1_13' title="bbox 372 710 1107 755; baseline -0.001 -13"><span class='ocrx_word' id='word_1_56' title='bbox 372 711 555 755; x_wconf 86' lang='lat' dir='ltr'>quisitionis</span> <span class='ocrx_word' id='word_1_57' title='bbox 571 711 680 751; x_wconf 69' lang='lat' dir='ltr'>Officii,</span> <span class='ocrx_word' id='word_1_58' title='bbox 698 712 807 744; x_wconf 86' lang='lat' dir='ltr'>aliisve</span> <span class='ocrx_word' id='word_1_59' title='bbox 823 711 997 753; x_wconf 79' lang='lat' dir='ltr'>quibusvis,</span> <span class='ocrx_word' id='word_1_60' title='bbox 1013 710 1107 743; x_wconf 87' lang='lat' dir='ltr'>etiam</span> 
     </span>
     <span class='ocr_line' id='line_1_14' title="bbox 372 762 1107 805; baseline -0.004 -9"><span class='ocrx_word' id='word_1_61' title='bbox 372 764 566 803; x_wconf 86' lang='lat' dir='ltr'>iuramento,</span> <span class='ocrx_word' id='word_1_62' title='bbox 589 764 835 797; x_wconf 67' lang='lat' dir='ltr'>confirmatione</span> <span class='ocrx_word' id='word_1_63' title='bbox 851 763 1039 805; x_wconf 79' lang='lat' dir='ltr'>apostolica,</span> <span class='ocrx_word' id='word_1_64' title='bbox 1060 762 1107 794; x_wconf 80' lang='lat' dir='ltr'>vel</span> 
     </span>
     <span class='ocr_line' id='line_1_15' title="bbox 373 815 1110 860; baseline -0.004 -12"><span class='ocrx_word' id='word_1_65' title='bbox 373 816 483 860; x_wconf 87' lang='lat' dir='ltr'>quavis</span> <span class='ocrx_word' id='word_1_66' title='bbox 500 816 649 849; x_wconf 70' lang='lat' dir='ltr'>firmitate</span> <span class='ocrx_word' id='word_1_67' title='bbox 668 817 728 849; x_wconf 74' lang='lat' dir='ltr'>alia</span> <span class='ocrx_word' id='word_1_68' title='bbox 745 816 914 855; x_wconf 81' lang='lat' dir='ltr'>roboratis,</span> <span class='ocrx_word' id='word_1_69' title='bbox 933 815 1060 847; x_wconf 86' lang='lat' dir='ltr'>statutis</span> <span class='ocrx_word' id='word_1_70' title='bbox 1079 819 1110 846; x_wconf 90' lang='lat' dir='ltr'>et</span> 
     </span>
     <span class='ocr_line' id='line_1_16' title="bbox 373 867 1110 912; baseline -0.004 -10"><span class='ocrx_word' id='word_1_71' title='bbox 373 870 679 906; x_wconf 75' lang='lat' dir='ltr'>consuetudinibus,</span> <span class='ocrx_word' id='word_1_72' title='bbox 698 869 875 912; x_wconf 80' lang='lat' dir='ltr'>privilegiis</span> <span class='ocrx_word' id='word_1_73' title='bbox 900 878 1041 911; x_wconf 85' lang='lat' dir='ltr'>quoqne,</span> <span class='ocrx_word' id='word_1_74' title='bbox 1062 867 1110 899; x_wconf 90' lang='lat' dir='ltr'>in-</span> 
     </span>
     <span class='ocr_line' id='line_1_17' title="bbox 374 919 1110 964; baseline -0.005 -10"><span class='ocrx_word' id='word_1_75' title='bbox 374 922 469 955; x_wconf 87' lang='lat' dir='ltr'>dultis</span> <span class='ocrx_word' id='word_1_76' title='bbox 486 928 517 955; x_wconf 86' lang='lat' dir='ltr'>et</span> <span class='ocrx_word' id='word_1_77' title='bbox 534 923 650 955; x_wconf 87' lang='lat' dir='ltr'>litteris</span> <span class='ocrx_word' id='word_1_78' title='bbox 670 922 857 964; x_wconf 86' lang='lat' dir='ltr'>apostolicis</span> <span class='ocrx_word' id='word_1_79' title='bbox 878 921 984 953; x_wconf 89' lang='lat' dir='ltr'>eidem</span> <span class='ocrx_word' id='word_1_80' title='bbox 1005 919 1110 962; x_wconf 81' lang='lat' dir='ltr'>Inqui-</span> 
     </span>
     <span class='ocr_line' id='line_1_18' title="bbox 373 972 1107 1016; baseline -0.004 -10"><span class='ocrx_word' id='word_1_81' title='bbox 373 974 497 1006; x_wconf 86' lang='lat' dir='ltr'>sitionis</span> <span class='ocrx_word' id='word_1_82' title='bbox 522 974 641 1013; x_wconf 75' lang='lat' dir='ltr'>Officio,</span> <span class='ocrx_word' id='word_1_83' title='bbox 671 974 823 1016; x_wconf 87' lang='lat' dir='ltr'>illiusque</span> <span class='ocrx_word' id='word_1_84' title='bbox 850 972 1107 1016; x_wconf 74' lang='lat' dir='ltr'>inquisitoribus,</span> 
     </span>
     <span class='ocr_line' id='line_1_19' title="bbox 373 1025 1107 1066; baseline -0.003 -8"><span class='ocrx_word' id='word_1_85' title='bbox 373 1027 620 1066; x_wconf 85' lang='lat' dir='ltr'>commissariis,</span> <span class='ocrx_word' id='word_1_86' title='bbox 655 1026 844 1059; x_wconf 81' lang='lat' dir='ltr'>officialibus</span> <span class='ocrx_word' id='word_1_87' title='bbox 869 1031 901 1058; x_wconf 85' lang='lat' dir='ltr'>et</span> <span class='ocrx_word' id='word_1_88' title='bbox 934 1025 1107 1064; x_wconf 89' lang='lat' dir='ltr'>ministris,</span> 
     </span>
     <span class='ocr_line' id='line_1_20' title="bbox 373 1076 1110 1121; baseline -0.003 -11"><span class='ocrx_word' id='word_1_89' title='bbox 373 1078 509 1121; x_wconf 82' lang='lat' dir='ltr'>aliisque</span> <span class='ocrx_word' id='word_1_90' title='bbox 541 1078 688 1121; x_wconf 85' lang='lat' dir='ltr'>personis</span> <span class='ocrx_word' id='word_1_91' title='bbox 713 1078 921 1121; x_wconf 78' lang='lat' dir='ltr'>quibuslibet,</span> <span class='ocrx_word' id='word_1_92' title='bbox 955 1077 1014 1109; x_wconf 87' lang='lat' dir='ltr'>sub</span> <span class='ocrx_word' id='word_1_93' title='bbox 1040 1076 1110 1119; x_wconf 92' lang='lat' dir='ltr'>qui-</span> 
     </span>
     <span class='ocr_line' id='line_1_21' title="bbox 373 1129 1111 1173; baseline -0.001 -11"><span class='ocrx_word' id='word_1_94' title='bbox 373 1130 573 1173; x_wconf 87' lang='lat' dir='ltr'>buscumque</span> <span class='ocrx_word' id='word_1_95' title='bbox 599 1131 771 1163; x_wconf 79' lang='lat' dir='ltr'>verborum</span> <span class='ocrx_word' id='word_1_96' title='bbox 799 1130 965 1162; x_wconf 89' lang='lat' dir='ltr'>tenoribus</span> <span class='ocrx_word' id='word_1_97' title='bbox 991 1134 1022 1162; x_wconf 90' lang='lat' dir='ltr'>et</span> <span class='ocrx_word' id='word_1_98' title='bbox 1046 1129 1111 1161; x_wconf 83' lang='lat' dir='ltr'>for-</span> 
     </span>
     <span class='ocr_line' id='line_1_22' title="bbox 375 1183 1111 1226; baseline 0 -11"><span class='ocrx_word' id='word_1_99' title='bbox 375 1183 447 1223; x_wconf 90' lang='lat' dir='ltr'>mis,</span> <span class='ocrx_word' id='word_1_100' title='bbox 468 1194 504 1215; x_wconf 87' lang='lat' dir='ltr'>ac</span> <span class='ocrx_word' id='word_1_101' title='bbox 528 1193 600 1215; x_wconf 89' lang='lat' dir='ltr'>cum</span> <span class='ocrx_word' id='word_1_102' title='bbox 626 1183 791 1226; x_wconf 88' lang='lat' dir='ltr'>quibusvis</span> <span class='ocrx_word' id='word_1_103' title='bbox 817 1183 912 1215; x_wconf 83' lang='lat' dir='ltr'>etiam</span> <span class='ocrx_word' id='word_1_104' title='bbox 938 1183 1111 1225; x_wconf 83' lang='lat' dir='ltr'>derogato-</span> 
     </span>
     <span class='ocr_line' id='line_1_23' title="bbox 375 1235 1111 1279; baseline 0 -12"><span class='ocrx_word' id='word_1_105' title='bbox 375 1235 493 1268; x_wconf 88' lang='lat' dir='ltr'>riarum</span> <span class='ocrx_word' id='word_1_106' title='bbox 519 1236 746 1278; x_wconf 85' lang='lat' dir='ltr'>derogatoriis,</span> <span class='ocrx_word' id='word_1_107' title='bbox 766 1236 900 1279; x_wconf 83' lang='lat' dir='ltr'>aliisque</span> <span class='ocrx_word' id='word_1_108' title='bbox 926 1235 1111 1268; x_wconf 82' lang='lat' dir='ltr'>efficaciori-</span> 
     </span>
     <span class='ocr_line' id='line_1_24' title="bbox 374 1287 1110 1329; baseline 0 -9"><span class='ocrx_word' id='word_1_109' title='bbox 374 1287 443 1328; x_wconf 85' lang='lat' dir='ltr'>bus,</span> <span class='ocrx_word' id='word_1_110' title='bbox 463 1288 711 1329; x_wconf 76' lang='lat' dir='ltr'>officacissnnis,</span> <span class='ocrx_word' id='word_1_111' title='bbox 730 1300 766 1322; x_wconf 83' lang='lat' dir='ltr'>ac</span> <span class='ocrx_word' id='word_1_112' title='bbox 786 1288 924 1321; x_wconf 87' lang='lat' dir='ltr'>insolitis</span> <span class='ocrx_word' id='word_1_113' title='bbox 951 1288 1110 1328; x_wconf 85' lang='lat' dir='ltr'>clausulis,</span> 
     </span>
     <span class='ocr_line' id='line_1_25' title="bbox 375 1335 1134 1384; baseline 0 -11"><span class='ocrx_word' id='word_1_114' title='bbox 375 1340 642 1384; x_wconf 85' lang='lat' dir='ltr'>irritantibusque</span> <span class='ocrx_word' id='word_1_115' title='bbox 676 1347 707 1374; x_wconf 92' lang='lat' dir='ltr'>et</span> <span class='ocrx_word' id='word_1_116' title='bbox 731 1342 801 1374; x_wconf 85' lang='lat' dir='ltr'>aliis</span> <span class='ocrx_word' id='word_1_117' title='bbox 831 1341 990 1380; x_wconf 78' lang='lat' dir='ltr'>decretis,</span> <span class='ocrx_word' id='word_1_118' title='bbox 1016 1341 1111 1374; x_wconf 84' lang='lat' dir='ltr'>etiam</span> <span class='ocrx_word' id='word_1_119' title='bbox 1133 1335 1134 1342; x_wconf 48' lang='lat'>¹</span> 
     </span>
     <span class='ocr_line' id='line_1_26' title="bbox 375 1394 1108 1438; baseline 0.001 -13"><span class='ocrx_word' id='word_1_120' title='bbox 375 1399 463 1426; x_wconf 89' lang='lat' dir='ltr'>motu</span> <span class='ocrx_word' id='word_1_121' title='bbox 486 1394 620 1437; x_wconf 87' lang='lat' dir='ltr'>proprio</span> <span class='ocrx_word' id='word_1_122' title='bbox 637 1421 644 1434; x_wconf 87' lang='lat'>,</span> <span class='ocrx_word' id='word_1_123' title='bbox 670 1400 702 1427; x_wconf 92' lang='lat' dir='ltr'>et</span> <span class='ocrx_word' id='word_1_124' title='bbox 727 1394 766 1427; x_wconf 91' lang='lat' dir='ltr'>de</span> <span class='ocrx_word' id='word_1_125' title='bbox 791 1394 989 1438; x_wconf 86' lang='lat' dir='ltr'>apostolieae</span> <span class='ocrx_word' id='word_1_126' title='bbox 1014 1400 1108 1437; x_wconf 89' lang='lat' dir='ltr'>pote-</span> 
     </span>
     <span class='ocr_line' id='line_1_27' title="bbox 377 1447 1111 1490; baseline 0 -11"><span class='ocrx_word' id='word_1_127' title='bbox 377 1447 465 1479; x_wconf 80' lang='lat' dir='ltr'>statis</span> <span class='ocrx_word' id='word_1_128' title='bbox 482 1447 693 1490; x_wconf 82' lang='lat' dir='ltr'>plenitudine,</span> <span class='ocrx_word' id='word_1_129' title='bbox 713 1458 769 1480; x_wconf 88' lang='lat' dir='ltr'>seu</span> <span class='ocrx_word' id='word_1_130' title='bbox 785 1447 822 1479; x_wconf 89' lang='lat' dir='ltr'>ad</span> <span class='ocrx_word' id='word_1_131' title='bbox 838 1458 1111 1490; x_wconf 80' lang='lat' dir='ltr'>quarumcumque</span> 
     </span>
     <span class='ocr_line' id='line_1_28' title="bbox 376 1500 1113 1543; baseline -0.001 -11"><span class='ocrx_word' id='word_1_132' title='bbox 376 1510 601 1543; x_wconf 83' lang='lat' dir='ltr'>personarum,</span> <span class='ocrx_word' id='word_1_133' title='bbox 618 1500 713 1533; x_wconf 85' lang='lat' dir='ltr'>etiam</span> <span class='ocrx_word' id='word_1_134' title='bbox 733 1500 822 1542; x_wconf 79' lang='lat' dir='ltr'>regia</span> <span class='ocrx_word' id='word_1_135' title='bbox 846 1500 947 1532; x_wconf 77' lang='lat' dir='ltr'>aliave</span> <span class='ocrx_word' id='word_1_136' title='bbox 969 1500 1113 1543; x_wconf 87' lang='lat' dir='ltr'>qualibet</span> 
     </span>
     <span class='ocr_line' id='line_1_29' title="bbox 377 1553 1113 1595; baseline 0.001 -11"><span class='ocrx_word' id='word_1_137' title='bbox 377 1554 540 1585; x_wconf 77' lang='lat' dir='ltr'>mundana</span> <span class='ocrx_word' id='word_1_138' title='bbox 558 1554 607 1586; x_wconf 80' lang='lat' dir='ltr'>vel</span> <span class='ocrx_word' id='word_1_139' title='bbox 631 1553 851 1586; x_wconf 72' lang='lat' dir='ltr'>ecclesiastica</span> <span class='ocrx_word' id='word_1_140' title='bbox 875 1558 1033 1595; x_wconf 76' lang='lat' dir='ltr'>potestate</span> <span class='ocrx_word' id='word_1_141' title='bbox 1053 1554 1113 1586; x_wconf 84' lang='lat' dir='ltr'>l&#39;ul-</span> 
     </span>
     <span class='ocr_line' id='line_1_30' title="bbox 378 1605 1111 1648; baseline -0.001 -10"><span class='ocrx_word' id='word_1_142' title='bbox 378 1605 535 1648; x_wconf 80' lang='lat' dir='ltr'>gentium,</span> <span class='ocrx_word' id='word_1_143' title='bbox 562 1605 759 1646; x_wconf 79' lang='lat' dir='ltr'>instantiam,</span> <span class='ocrx_word' id='word_1_144' title='bbox 778 1611 809 1638; x_wconf 89' lang='lat' dir='ltr'>et.</span> <span class='ocrx_word' id='word_1_145' title='bbox 829 1606 906 1637; x_wconf 71' lang='lat' dir='ltr'>alias</span> <span class='ocrx_word' id='word_1_146' title='bbox 932 1606 1111 1648; x_wconf 89' lang='lat' dir='ltr'>quomodo·</span> 
     </span>
     <span class='ocr_line' id='line_1_31' title="bbox 378 1658 1112 1701; baseline -0.001 -10"><span class='ocrx_word' id='word_1_147' title='bbox 378 1658 458 1691; x_wconf 88' lang='lat' dir='ltr'>libet</span> <span class='ocrx_word' id='word_1_148' title='bbox 494 1658 526 1690; x_wconf 91' lang='lat' dir='ltr'>in</span> <span class='ocrx_word' id='word_1_149' title='bbox 563 1658 762 1691; x_wconf 82' lang='lat' dir='ltr'>contrarium</span> <span class='ocrx_word' id='word_1_150' title='bbox 795 1658 1045 1701; x_wconf 83' lang='lat' dir='ltr'>praemissorum</span> <span class='ocrx_word' id='word_1_151' title='bbox 1082 1659 1112 1690; x_wconf 89' lang='lat' dir='ltr'>in</span> 
     </span>
     <span class='ocr_line' id='line_1_32' title="bbox 379 1712 1114 1755; baseline -0.001 -11"><span class='ocrx_word' id='word_1_152' title='bbox 379 1721 498 1753; x_wconf 83' lang='lat' dir='ltr'>genere</span> <span class='ocrx_word' id='word_1_153' title='bbox 524 1713 573 1745; x_wconf 87' lang='lat' dir='ltr'>vel</span> <span class='ocrx_word' id='word_1_154' title='bbox 598 1712 631 1744; x_wconf 91' lang='lat' dir='ltr'>in</span> <span class='ocrx_word' id='word_1_155' title='bbox 657 1712 765 1755; x_wconf 87' lang='lat' dir='ltr'>specie</span> <span class='ocrx_word' id='word_1_156' title='bbox 790 1712 965 1752; x_wconf 80' lang='lat' dir='ltr'>concessis,</span> <span class='ocrx_word' id='word_1_157' title='bbox 985 1722 1021 1744; x_wconf 88' lang='lat' dir='ltr'>ae</span> <span class='ocrx_word' id='word_1_158' title='bbox 1046 1713 1114 1754; x_wconf 89' lang='lat' dir='ltr'>plu-</span> 
     </span>
    </p>
   </div>
   <div class='ocr_carea' id='block_1_7' title="bbox 1127 287 1137 1798">
    <p class='ocr_par' dir='ltr' id='par_1_7' title="bbox 1127 287 1137 1798">
     <span class='ocr_line' id='line_1_33' title="bbox 1127 287 1137 1798; baseline 0 0"><span class='ocrx_word' id='word_1_159' title='bbox 1127 287 1137 1798; x_wconf 95' lang='lat' dir='ltr'> </span> 
     </span>
    </p>
   </div>
   <div class='ocr_carea' id='block_1_8' title="bbox 379 1764 1116 2019">
    <p class='ocr_par' dir='ltr' id='par_1_8' title="bbox 379 1764 1116 2019">
     <span class='ocr_line' id='line_1_34' title="bbox 379 1764 1115 1808; baseline -0.003 -11"><span class='ocrx_word' id='word_1_160' title='bbox 379 1764 443 1797; x_wconf 83' lang='lat' dir='ltr'>ries</span> <span class='ocrx_word' id='word_1_161' title='bbox 477 1770 508 1797; x_wconf 90' lang='lat' dir='ltr'>et</span> <span class='ocrx_word' id='word_1_162' title='bbox 540 1765 808 1808; x_wconf 82' lang='lat' dir='ltr'>quantiscumque</span> <span class='ocrx_word' id='word_1_163' title='bbox 843 1764 963 1797; x_wconf 73' lang='lat' dir='ltr'>xicibus</span> <span class='ocrx_word' id='word_1_164' title='bbox 998 1764 1115 1797; x_wconf 79' lang='lat' dir='ltr'>contir-</span> 
     </span>
     <span class='ocr_line' id='line_1_35' title="bbox 380 1817 1115 1861; baseline 0.001 -11"><span class='ocrx_word' id='word_1_165' title='bbox 380 1817 489 1857; x_wconf 87' lang='lat' dir='ltr'>matis,</span> <span class='ocrx_word' id='word_1_166' title='bbox 520 1817 708 1861; x_wconf 84' lang='lat' dir='ltr'>approbatis</span> <span class='ocrx_word' id='word_1_167' title='bbox 735 1823 765 1850; x_wconf 89' lang='lat' dir='ltr'>et</span> <span class='ocrx_word' id='word_1_168' title='bbox 790 1817 972 1857; x_wconf 73' lang='lat' dir='ltr'>innovatis,</span> <span class='ocrx_word' id='word_1_169' title='bbox 1001 1818 1115 1860; x_wconf 85' lang='lat' dir='ltr'>quibus</span> 
     </span>
     <span class='ocr_line' id='line_1_36' title="bbox 382 1870 1116 1914; baseline 0.001 -12"><span class='ocrx_word' id='word_1_170' title='bbox 382 1870 535 1903; x_wconf 87' lang='lat' dir='ltr'>omnibus</span> <span class='ocrx_word' id='word_1_171' title='bbox 562 1876 593 1903; x_wconf 89' lang='lat' dir='ltr'>et</span> <span class='ocrx_word' id='word_1_172' title='bbox 618 1871 774 1913; x_wconf 81' lang='lat' dir='ltr'>singulis,</span> <span class='ocrx_word' id='word_1_173' title='bbox 798 1871 923 1903; x_wconf 85' lang='lat' dir='ltr'>etiamsi</span> <span class='ocrx_word' id='word_1_174' title='bbox 948 1881 1006 1914; x_wconf 88' lang='lat' dir='ltr'>pro</span> <span class='ocrx_word' id='word_1_175' title='bbox 1031 1872 1116 1904; x_wconf 83' lang='lat' dir='ltr'>suffi-</span> 
     </span>
     <span class='ocr_line' id='line_1_37' title="bbox 381 1923 1116 1967; baseline 0.001 -12"><span class='ocrx_word' id='word_1_176' title='bbox 381 1923 478 1956; x_wconf 85' lang='lat' dir='ltr'>cienti</span> <span class='ocrx_word' id='word_1_177' title='bbox 504 1923 714 1965; x_wconf 81' lang='lat' dir='ltr'>derogatione</span> <span class='ocrx_word' id='word_1_178' title='bbox 733 1924 771 1955; x_wconf 86' lang='lat' dir='ltr'>de</span> <span class='ocrx_word' id='word_1_179' title='bbox 794 1924 856 1956; x_wconf 88' lang='lat' dir='ltr'>illis</span> <span class='ocrx_word' id='word_1_180' title='bbox 876 1934 1054 1967; x_wconf 87' lang='lat' dir='ltr'>eorumque</span> <span class='ocrx_word' id='word_1_181' title='bbox 1074 1929 1116 1957; x_wconf 91' lang='lat' dir='ltr'>to-</span> 
     </span>
     <span class='ocr_line' id='line_1_38' title="bbox 380 1975 1112 2019; baseline 0.001 -11"><span class='ocrx_word' id='word_1_182' title='bbox 380 1976 420 2008; x_wconf 89' lang='lat' dir='ltr'>tis</span> <span class='ocrx_word' id='word_1_183' title='bbox 456 1975 624 2008; x_wconf 87' lang='lat' dir='ltr'>tenoribus</span> <span class='ocrx_word' id='word_1_184' title='bbox 656 1976 802 2019; x_wconf 79' lang='lat' dir='ltr'>specialis</span> <span class='ocrx_word' id='word_1_185' title='bbox 822 2003 829 2016; x_wconf 85' lang='lat'>,</span> <span class='ocrx_word' id='word_1_186' title='bbox 861 1976 1028 2019; x_wconf 81' lang='lat' dir='ltr'>specifica,</span> <span class='ocrx_word' id='word_1_187' title='bbox 1056 1988 1112 2009; x_wconf 82' lang='lat' dir='ltr'>ex-</span> 
     </span>
    </p>
   </div>
   <div class='ocr_carea' id='block_1_9' title="bbox 380 2028 1137 2072">
    <p class='ocr_par' dir='ltr' id='par_1_9' title="bbox 380 2028 1137 2072">
     <span class='ocr_line' id='line_1_39' title="bbox 380 2028 1137 2072; baseline 0.001 -11"><span class='ocrx_word' id='word_1_188' title='bbox 380 2039 493 2072; x_wconf 87' lang='lat' dir='ltr'>pressa</span> <span class='ocrx_word' id='word_1_189' title='bbox 518 2034 549 2061; x_wconf 86' lang='lat' dir='ltr'>et</span> <span class='ocrx_word' id='word_1_190' title='bbox 573 2028 749 2068; x_wconf 80' lang='lat' dir='ltr'>individua,</span> <span class='ocrx_word' id='word_1_191' title='bbox 768 2040 803 2061; x_wconf 85' lang='lat' dir='ltr'>ac</span> <span class='ocrx_word' id='word_1_192' title='bbox 821 2030 860 2061; x_wconf 87' lang='lat' dir='ltr'>de</span> <span class='ocrx_word' id='word_1_193' title='bbox 877 2030 973 2062; x_wconf 86' lang='lat' dir='ltr'>verbo</span> <span class='ocrx_word' id='word_1_194' title='bbox 992 2030 1030 2062; x_wconf 90' lang='lat' dir='ltr'>ad</span> <span class='ocrx_word' id='word_1_195' title='bbox 1048 2041 1116 2062; x_wconf 84' lang='lat' dir='ltr'>ver-</span> <span class='ocrx_word' id='word_1_196' title='bbox 1136 2054 1137 2057; x_wconf 20' lang='grc' dir='ltr'>η</span> 
     </span>
    </p>
   </div>
   <div class='ocr_carea' id='block_1_10' title="bbox 379 2080 1136 2655">
    <p class='ocr_par' dir='ltr' id='par_1_10' title="bbox 379 2080 1136 2655">
     <span class='ocr_line' id='line_1_40' title="bbox 379 2080 1136 2125; baseline 0.004 -12"><span class='ocrx_word' id='word_1_197' title='bbox 379 2080 466 2122; x_wconf 87' lang='lat' dir='ltr'>bum,</span> <span class='ocrx_word' id='word_1_198' title='bbox 485 2092 550 2114; x_wconf 91' lang='lat' dir='ltr'>non</span> <span class='ocrx_word' id='word_1_199' title='bbox 576 2087 681 2114; x_wconf 84' lang='lat' dir='ltr'>autem</span> <span class='ocrx_word' id='word_1_200' title='bbox 700 2092 760 2125; x_wconf 88' lang='lat' dir='ltr'>per</span> <span class='ocrx_word' id='word_1_201' title='bbox 773 2082 933 2115; x_wconf 84' lang='lat' dir='ltr'>clausulas</span> <span class='ocrx_word' id='word_1_202' title='bbox 948 2084 1116 2125; x_wconf 76' lang='lat' dir='ltr'>generales</span> <span class='ocrx_word' id='word_1_203' title='bbox 1133 2090 1136 2099; x_wconf 80' lang='lat'><em>&#39;</em></span> 
     </span>
     <span class='ocr_line' id='line_1_41' title="bbox 383 2134 1116 2179; baseline 0.004 -13"><span class='ocrx_word' id='word_1_204' title='bbox 383 2134 469 2167; x_wconf 86' lang='lat' dir='ltr'>idem</span> <span class='ocrx_word' id='word_1_205' title='bbox 498 2135 728 2177; x_wconf 86' lang='lat' dir='ltr'>importantes,</span> <span class='ocrx_word' id='word_1_206' title='bbox 758 2135 879 2167; x_wconf 82' lang='lat' dir='ltr'>mentio</span> <span class='ocrx_word' id='word_1_207' title='bbox 905 2146 960 2168; x_wconf 88' lang='lat' dir='ltr'>seu</span> <span class='ocrx_word' id='word_1_208' title='bbox 985 2137 1116 2179; x_wconf 84' lang='lat' dir='ltr'>quaevis</span> 
     </span>
     <span class='ocr_line' id='line_1_42' title="bbox 381 2187 1116 2232; baseline 0.003 -13"><span class='ocrx_word' id='word_1_209' title='bbox 381 2187 443 2219; x_wconf 84' lang='lat' dir='ltr'>alia</span> <span class='ocrx_word' id='word_1_210' title='bbox 461 2187 627 2230; x_wconf 79' lang='lat' dir='ltr'>expressio</span> <span class='ocrx_word' id='word_1_211' title='bbox 649 2188 800 2220; x_wconf 83' lang='lat' dir='ltr'>habenda</span> <span class='ocrx_word' id='word_1_212' title='bbox 818 2193 913 2230; x_wconf 79' lang='lat' dir='ltr'>atque</span> <span class='ocrx_word' id='word_1_213' title='bbox 932 2189 994 2220; x_wconf 82' lang='lat' dir='ltr'>alia</span> <span class='ocrx_word' id='word_1_214' title='bbox 1011 2190 1116 2232; x_wconf 70' lang='lat' dir='ltr'>exqui-</span> 
     </span>
     <span class='ocr_line' id='line_1_43' title="bbox 381 2240 1113 2281; baseline 0.004 -10"><span class='ocrx_word' id='word_1_215' title='bbox 381 2240 442 2272; x_wconf 88' lang='lat' dir='ltr'>sita</span> <span class='ocrx_word' id='word_1_216' title='bbox 466 2240 569 2272; x_wconf 83' lang='lat' dir='ltr'>forma</span> <span class='ocrx_word' id='word_1_217' title='bbox 594 2241 632 2273; x_wconf 85' lang='lat' dir='ltr'>ad</span> <span class='ocrx_word' id='word_1_218' title='bbox 659 2241 721 2273; x_wconf 89' lang='lat' dir='ltr'>hoc</span> <span class='ocrx_word' id='word_1_219' title='bbox 739 2242 896 2273; x_wconf 82' lang='lat' dir='ltr'>servanda</span> <span class='ocrx_word' id='word_1_220' title='bbox 912 2241 1005 2281; x_wconf 81' lang='lat' dir='ltr'>foret,</span> <span class='ocrx_word' id='word_1_221' title='bbox 1026 2248 1113 2275; x_wconf 88' lang='lat' dir='ltr'>teno-</span> 
     </span>
     <span class='ocr_line' id='line_1_44' title="bbox 380 2293 1114 2336; baseline 0.003 -11"><span class='ocrx_word' id='word_1_222' title='bbox 380 2303 430 2325; x_wconf 86' lang='lat' dir='ltr'>res</span> <span class='ocrx_word' id='word_1_223' title='bbox 451 2293 646 2333; x_wconf 87' lang='lat' dir='ltr'>huiusmodi,</span> <span class='ocrx_word' id='word_1_224' title='bbox 663 2304 699 2326; x_wconf 85' lang='lat' dir='ltr'>ac</span> <span class='ocrx_word' id='word_1_225' title='bbox 716 2294 741 2326; x_wconf 91' lang='lat' dir='ltr'>si</span> <span class='ocrx_word' id='word_1_226' title='bbox 755 2294 795 2327; x_wconf 84' lang='lat' dir='ltr'>de</span> <span class='ocrx_word' id='word_1_227' title='bbox 810 2295 906 2326; x_wconf 85' lang='lat' dir='ltr'>verbo</span> <span class='ocrx_word' id='word_1_228' title='bbox 922 2295 960 2327; x_wconf 87' lang='lat' dir='ltr'>ad</span> <span class='ocrx_word' id='word_1_229' title='bbox 974 2296 1114 2336; x_wconf 76' lang='lat' dir='ltr'>verbum,</span> 
     </span>
     <span class='ocr_line' id='line_1_45' title="bbox 379 2347 1115 2390; baseline 0.004 -12"><span class='ocrx_word' id='word_1_230' title='bbox 379 2347 462 2379; x_wconf 89' lang='lat' dir='ltr'>nihil</span> <span class='ocrx_word' id='word_1_231' title='bbox 488 2347 618 2390; x_wconf 89' lang='lat' dir='ltr'>penitus</span> <span class='ocrx_word' id='word_1_232' title='bbox 644 2347 780 2388; x_wconf 87' lang='lat' dir='ltr'>omisso,</span> <span class='ocrx_word' id='word_1_233' title='bbox 812 2353 843 2380; x_wconf 90' lang='lat' dir='ltr'>et</span> <span class='ocrx_word' id='word_1_234' title='bbox 869 2348 969 2380; x_wconf 77' lang='lat' dir='ltr'>forma</span> <span class='ocrx_word' id='word_1_235' title='bbox 994 2349 1026 2380; x_wconf 90' lang='lat' dir='ltr'>in</span> <span class='ocrx_word' id='word_1_236' title='bbox 1052 2349 1115 2382; x_wconf 89' lang='lat' dir='ltr'>illis</span> 
     </span>
     <span class='ocr_line' id='line_1_46' title="bbox 380 2399 1114 2444; baseline 0.004 -13"><span class='ocrx_word' id='word_1_237' title='bbox 380 2399 496 2432; x_wconf 75' lang='lat' dir='ltr'>tradita</span> <span class='ocrx_word' id='word_1_238' title='bbox 526 2400 693 2432; x_wconf 72' lang='lat' dir='ltr'>observata</span> <span class='ocrx_word' id='word_1_239' title='bbox 729 2401 988 2444; x_wconf 82' lang='lat' dir='ltr'>exprimerentur</span> <span class='ocrx_word' id='word_1_240' title='bbox 1012 2407 1043 2434; x_wconf 89' lang='lat' dir='ltr'>et</span> <span class='ocrx_word' id='word_1_241' title='bbox 1067 2402 1114 2434; x_wconf 94' lang='lat' dir='ltr'>in-</span> 
     </span>
     <span class='ocr_line' id='line_1_47' title="bbox 379 2454 1116 2497; baseline 0.004 -13"><span class='ocrx_word' id='word_1_242' title='bbox 379 2458 586 2494; x_wconf 85' lang='lat' dir='ltr'>sererentur,</span> <span class='ocrx_word' id='word_1_243' title='bbox 617 2454 844 2496; x_wconf 82' lang='lat' dir='ltr'>praesentibus</span> <span class='ocrx_word' id='word_1_244' title='bbox 870 2465 928 2497; x_wconf 89' lang='lat' dir='ltr'>pro</span> <span class='ocrx_word' id='word_1_245' title='bbox 960 2456 1057 2497; x_wconf 83' lang='lat' dir='ltr'>plene</span> <span class='ocrx_word' id='word_1_246' title='bbox 1085 2461 1116 2487; x_wconf 88' lang='lat' dir='ltr'>et</span> 
     </span>
     <span class='ocr_line' id='line_1_48' title="bbox 379 2505 1115 2549; baseline 0.004 -12"><span class='ocrx_word' id='word_1_247' title='bbox 379 2505 575 2538; x_wconf 78' lang='lat' dir='ltr'>sufficienter</span> <span class='ocrx_word' id='word_1_248' title='bbox 599 2506 757 2549; x_wconf 83' lang='lat' dir='ltr'>expressis</span> <span class='ocrx_word' id='word_1_249' title='bbox 790 2512 821 2540; x_wconf 89' lang='lat' dir='ltr'>et</span> <span class='ocrx_word' id='word_1_250' title='bbox 838 2507 968 2540; x_wconf 85' lang='lat' dir='ltr'>insertis</span> <span class='ocrx_word' id='word_1_251' title='bbox 994 2508 1115 2540; x_wconf 84' lang='lat' dir='ltr'>haben-</span> 
     </span>
     <span class='ocr_line' id='line_1_49' title="bbox 379 2558 1115 2603; baseline 0.003 -13"><span class='ocrx_word' id='word_1_252' title='bbox 379 2564 438 2598; x_wconf 88' lang='lat' dir='ltr'>tes,</span> <span class='ocrx_word' id='word_1_253' title='bbox 458 2558 521 2591; x_wconf 91' lang='lat' dir='ltr'>illis</span> <span class='ocrx_word' id='word_1_254' title='bbox 545 2559 623 2591; x_wconf 82' lang='lat' dir='ltr'>ali&#39;as</span> <span class='ocrx_word' id='word_1_255' title='bbox 643 2559 675 2591; x_wconf 92' lang='lat' dir='ltr'>in</span> <span class='ocrx_word' id='word_1_256' title='bbox 704 2570 761 2592; x_wconf 90' lang='lat' dir='ltr'>suo</span> <span class='ocrx_word' id='word_1_257' title='bbox 787 2561 904 2593; x_wconf 87' lang='lat' dir='ltr'>robore</span> <span class='ocrx_word' id='word_1_258' title='bbox 927 2571 1115 2603; x_wconf 87' lang='lat' dir='ltr'>permansu-</span> 
     </span>
     <span class='ocr_line' id='line_1_50' title="bbox 379 2611 1112 2655; baseline 0.005 -12"><span class='ocrx_word' id='word_1_259' title='bbox 379 2611 432 2652; x_wconf 90' lang='lat' dir='ltr'>ris,</span> <span class='ocrx_word' id='word_1_260' title='bbox 459 2612 496 2644; x_wconf 85' lang='lat' dir='ltr'>ad</span> <span class='ocrx_word' id='word_1_261' title='bbox 515 2612 767 2655; x_wconf 80' lang='lat' dir='ltr'>praemissorum</span> <span class='ocrx_word' id='word_1_262' title='bbox 786 2612 943 2654; x_wconf 67' lang='lat' dir='ltr'>effectum,</span> <span class='ocrx_word' id='word_1_263' title='bbox 963 2614 1021 2646; x_wconf 84' lang='lat' dir='ltr'>hac</span> <span class='ocrx_word' id='word_1_264' title='bbox 1047 2614 1112 2647; x_wconf 80' lang='lat' dir='ltr'>vice</span> 
     </span>
    </p>
   </div>
   <div class='ocr_carea' id='block_1_11' title="bbox 1149 287 1891 1067">
    <p class='ocr_par' dir='ltr' id='par_1_11' title="bbox 1149 287 1884 436">
     <span class='ocr_line' id='line_1_51' title="bbox 1149 287 1884 330; baseline 0 -11"><span class='ocrx_word' id='word_1_265' title='bbox 1149 288 1320 327; x_wconf 75' lang='lat' dir='ltr'>dumtaxat,</span> <span class='ocrx_word' id='word_1_266' title='bbox 1347 287 1533 330; x_wconf 82' lang='lat' dir='ltr'>specialiter</span> <span class='ocrx_word' id='word_1_267' title='bbox 1563 293 1593 320; x_wconf 88' lang='lat' dir='ltr'>et</span> <span class='ocrx_word' id='word_1_268' title='bbox 1618 298 1767 330; x_wconf 72' lang='lat' dir='ltr'>expresse</span> <span class='ocrx_word' id='word_1_269' title='bbox 1790 288 1884 319; x_wconf 82' lang='lat' dir='ltr'>dero-</span> 
     </span>
     <span class='ocr_line' id='line_1_52' title="bbox 1149 340 1882 383; baseline -0.001 -11"><span class='ocrx_word' id='word_1_270' title='bbox 1149 351 1285 383; x_wconf 81' lang='lat' dir='ltr'>gamus,</span> <span class='ocrx_word' id='word_1_271' title='bbox 1314 351 1348 373; x_wconf 88' lang='lat' dir='ltr'>ac</span> <span class='ocrx_word' id='word_1_272' title='bbox 1383 340 1574 381; x_wconf 73' lang='lat' dir='ltr'>derogatum</span> <span class='ocrx_word' id='word_1_273' title='bbox 1607 351 1677 371; x_wconf 80' lang='lat' dir='ltr'>esse</span> <span class='ocrx_word' id='word_1_274' title='bbox 1709 341 1882 378; x_wconf 79' lang='lat' dir='ltr'>volumus;</span> 
     </span>
     <span class='ocr_line' id='line_1_53' title="bbox 1149 393 1815 436; baseline 0 -11"><span class='ocrx_word' id='word_1_275' title='bbox 1149 393 1328 436; x_wconf 88' lang='lat' dir='ltr'>ceterisque</span> <span class='ocrx_word' id='word_1_276' title='bbox 1349 393 1518 425; x_wconf 84' lang='lat' dir='ltr'>contrariis</span> <span class='ocrx_word' id='word_1_277' title='bbox 1544 393 1815 435; x_wconf 82' lang='lat' dir='ltr'>quibuscumque.</span> 
     </span>
    </p>

    <p class='ocr_par' dir='ltr' id='par_1_12' title="bbox 1149 445 1890 899">
     <span class='ocr_line' id='line_1_54' title="bbox 1192 445 1262 487; baseline 0.014 -10"><span class='ocrx_word' id='word_1_278' title='bbox 1192 446 1206 487; x_wconf 64' lang='grc' dir='ltr'><strong>ἓ</strong></span> <span class='ocrx_word' id='word_1_279' title='bbox 1232 445 1262 478; x_wconf 82' lang='grc'>5.</span> 
     </span>
     <span class='ocr_line' id='line_1_55' title="bbox 1149 496 1884 540; baseline -0.003 -11"><span class='ocrx_word' id='word_1_280' title='bbox 1149 499 1369 540; x_wconf 85' lang='lat' dir='ltr'>praesentium</span> <span class='ocrx_word' id='word_1_281' title='bbox 1392 497 1571 530; x_wconf 87' lang='lat' dir='ltr'>litterarum</span> <span class='ocrx_word' id='word_1_282' title='bbox 1595 496 1812 539; x_wconf 79' lang='lat' dir='ltr'>transumptis,</span> <span class='ocrx_word' id='word_1_283' title='bbox 1830 507 1884 527; x_wconf 78' lang='lat' dir='ltr'>seu</span> 
     </span>
     <span class='ocr_line' id='line_1_56' title="bbox 1150 549 1886 593; baseline -0.005 -10"><span class='ocrx_word' id='word_1_284' title='bbox 1150 551 1316 593; x_wconf 76' lang='lat' dir='ltr'>exemplis,</span> <span class='ocrx_word' id='word_1_285' title='bbox 1333 551 1427 583; x_wconf 84' lang='lat' dir='ltr'>etiam</span> <span class='ocrx_word' id='word_1_286' title='bbox 1447 550 1625 593; x_wconf 83' lang='lat' dir='ltr'>impressis,</span> <span class='ocrx_word' id='word_1_287' title='bbox 1641 560 1734 582; x_wconf 80' lang='lat' dir='ltr'>manu</span> <span class='ocrx_word' id='word_1_288' title='bbox 1754 549 1886 581; x_wconf 73' lang='lat' dir='ltr'>alicuius</span> 
     </span>
     <span class='ocr_line' id='line_1_57' title="bbox 1150 602 1888 647; baseline -0.003 -12"><span class='ocrx_word' id='word_1_289' title='bbox 1150 604 1266 636; x_wconf 87' lang='lat' dir='ltr'>notarii</span> <span class='ocrx_word' id='word_1_290' title='bbox 1286 604 1407 647; x_wconf 85' lang='lat' dir='ltr'>publici</span> <span class='ocrx_word' id='word_1_291' title='bbox 1427 603 1626 645; x_wconf 79' lang='lat' dir='ltr'>subscriptis,</span> <span class='ocrx_word' id='word_1_292' title='bbox 1645 608 1676 635; x_wconf 80' lang='lat' dir='ltr'>et</span> <span class='ocrx_word' id='word_1_293' title='bbox 1693 602 1800 644; x_wconf 81' lang='lat' dir='ltr'>sigillo</span> <span class='ocrx_word' id='word_1_294' title='bbox 1822 612 1888 644; x_wconf 86' lang='lat' dir='ltr'>per-</span> 
     </span>
     <span class='ocr_line' id='line_1_58' title="bbox 1150 655 1888 699; baseline -0.004 -11"><span class='ocrx_word' id='word_1_295' title='bbox 1150 667 1245 689; x_wconf 83' lang='lat' dir='ltr'>sonae</span> <span class='ocrx_word' id='word_1_296' title='bbox 1272 658 1302 689; x_wconf 90' lang='lat' dir='ltr'>in</span> <span class='ocrx_word' id='word_1_297' title='bbox 1326 656 1542 689; x_wconf 63' lang='lat' dir='ltr'>ecclesiastica</span> <span class='ocrx_word' id='word_1_298' title='bbox 1564 656 1719 699; x_wconf 79' lang='lat' dir='ltr'>(lignitate</span> <span class='ocrx_word' id='word_1_299' title='bbox 1736 655 1888 687; x_wconf 81' lang='lat' dir='ltr'>constitu-</span> 
     </span>
     <span class='ocr_line' id='line_1_59' title="bbox 1151 707 1888 751; baseline -0.003 -11"><span class='ocrx_word' id='word_1_300' title='bbox 1151 714 1199 741; x_wconf 88' lang='lat' dir='ltr'>tae</span> <span class='ocrx_word' id='word_1_301' title='bbox 1225 709 1367 746; x_wconf 71' lang='lat' dir='ltr'>munitis,</span> <span class='ocrx_word' id='word_1_302' title='bbox 1391 709 1501 742; x_wconf 85' lang='lat' dir='ltr'>eadem</span> <span class='ocrx_word' id='word_1_303' title='bbox 1518 719 1649 751; x_wconf 83' lang='lat' dir='ltr'>prorsus</span> <span class='ocrx_word' id='word_1_304' title='bbox 1670 707 1748 740; x_wconf 78' lang='lat' dir='ltr'>tides</span> <span class='ocrx_word' id='word_1_305' title='bbox 1771 713 1831 739; x_wconf 86' lang='lat' dir='ltr'>tam</span> <span class='ocrx_word' id='word_1_306' title='bbox 1856 707 1888 739; x_wconf 90' lang='lat' dir='ltr'>in</span> 
     </span>
     <span class='ocr_line' id='line_1_60' title="bbox 1151 759 1890 803; baseline -0.001 -11"><span class='ocrx_word' id='word_1_307' title='bbox 1151 761 1270 793; x_wconf 85' lang='lat' dir='ltr'>iudicio</span> <span class='ocrx_word' id='word_1_308' title='bbox 1296 772 1390 803; x_wconf 86' lang='lat' dir='ltr'>quam</span> <span class='ocrx_word' id='word_1_309' title='bbox 1428 766 1515 793; x_wconf 74' lang='lat' dir='ltr'>extra</span> <span class='ocrx_word' id='word_1_310' title='bbox 1548 761 1626 793; x_wconf 85' lang='lat' dir='ltr'>illud</span> <span class='ocrx_word' id='word_1_311' title='bbox 1654 760 1773 803; x_wconf 81' lang='lat' dir='ltr'>ubique</span> <span class='ocrx_word' id='word_1_312' title='bbox 1799 759 1890 791; x_wconf 81' lang='lat' dir='ltr'>adhi-</span> 
     </span>
     <span class='ocr_line' id='line_1_61' title="bbox 1151 812 1890 856; baseline -0.003 -11"><span class='ocrx_word' id='word_1_313' title='bbox 1151 814 1274 853; x_wconf 84' lang='lat' dir='ltr'>beatur,</span> <span class='ocrx_word' id='word_1_314' title='bbox 1297 824 1376 856; x_wconf 88' lang='lat' dir='ltr'>quae</span> <span class='ocrx_word' id='word_1_315' title='bbox 1402 813 1479 856; x_wconf 88' lang='lat' dir='ltr'>ipsis</span> <span class='ocrx_word' id='word_1_316' title='bbox 1505 812 1730 856; x_wconf 86' lang='lat' dir='ltr'>praesentibus</span> <span class='ocrx_word' id='word_1_317' title='bbox 1756 812 1890 844; x_wconf 82' lang='lat' dir='ltr'>adhibe—</span> 
     </span>
     <span class='ocr_line' id='line_1_62' title="bbox 1151 866 1831 899; baseline 0 -2"><span class='ocrx_word' id='word_1_318' title='bbox 1151 871 1239 898; x_wconf 89' lang='lat' dir='ltr'>retur</span> <span class='ocrx_word' id='word_1_319' title='bbox 1259 866 1283 898; x_wconf 89' lang='lat' dir='ltr'>si</span> <span class='ocrx_word' id='word_1_320' title='bbox 1306 866 1413 899; x_wconf 83' lang='lat' dir='ltr'>serent</span> <span class='ocrx_word' id='word_1_321' title='bbox 1429 866 1567 899; x_wconf 75' lang='lat' dir='ltr'>exibitae</span> <span class='ocrx_word' id='word_1_322' title='bbox 1594 867 1643 899; x_wconf 87' lang='lat' dir='ltr'>vel</span> <span class='ocrx_word' id='word_1_323' title='bbox 1669 871 1831 899; x_wconf 83' lang='lat' dir='ltr'>ostensae.</span> 
     </span>
    </p>

    <p class='ocr_par' dir='ltr' id='par_1_13' title="bbox 1153 917 1891 1067">
     <span class='ocr_line' id='line_1_63' title="bbox 1195 917 1890 962; baseline -0.001 -11"><span class='ocrx_word' id='word_1_324' title='bbox 1195 919 1310 951; x_wconf 84' lang='lat' dir='ltr'>Datum</span> <span class='ocrx_word' id='word_1_325' title='bbox 1336 919 1469 959; x_wconf 82' lang='lat' dir='ltr'>Romae,</span> <span class='ocrx_word' id='word_1_326' title='bbox 1489 920 1572 962; x_wconf 91' lang='lat' dir='ltr'>apud</span> <span class='ocrx_word' id='word_1_327' title='bbox 1594 919 1624 951; x_wconf 83' lang='lat' dir='ltr'>S.</span> <span class='ocrx_word' id='word_1_328' title='bbox 1646 918 1774 951; x_wconf 84' lang='lat' dir='ltr'>Mariam</span> <span class='ocrx_word' id='word_1_329' title='bbox 1793 917 1890 950; x_wconf 84' lang='lat' dir='ltr'>Maio-</span> 
     </span>
     <span class='ocr_line' id='line_1_64' title="bbox 1153 970 1891 1011; baseline -0.003 -7"><span class='ocrx_word' id='word_1_330' title='bbox 1153 982 1231 1011; x_wconf 85' lang='lat' dir='ltr'>rem,</span> <span class='ocrx_word' id='word_1_331' title='bbox 1253 973 1310 1004; x_wconf 85' lang='lat' dir='ltr'>sub</span> <span class='ocrx_word' id='word_1_332' title='bbox 1336 973 1456 1004; x_wconf 86' lang='lat' dir='ltr'>annulo</span> <span class='ocrx_word' id='word_1_333' title='bbox 1477 972 1661 1011; x_wconf 81' lang='lat' dir='ltr'>piscatoris,</span> <span class='ocrx_word' id='word_1_334' title='bbox 1681 971 1733 1004; x_wconf 90' lang='lat' dir='ltr'>die</span> <span class='ocrx_word' id='word_1_335' title='bbox 1753 980 1817 1003; x_wconf 79' lang='lat' dir='ltr'>xxn</span> <span class='ocrx_word' id='word_1_336' title='bbox 1837 970 1891 1002; x_wconf 85' lang='lat' dir='ltr'>de-</span> 
     </span>
     <span class='ocr_line' id='line_1_65' title="bbox 1153 1021 1890 1067; baseline -0.005 -10"><span class='ocrx_word' id='word_1_337' title='bbox 1153 1024 1293 1056; x_wconf 90' lang='lat' dir='ltr'>cembris</span> <span class='ocrx_word' id='word_1_338' title='bbox 1328 1034 1512 1065; x_wconf 68' lang='lat' dir='ltr'>itineLxxm,</span> <span class='ocrx_word' id='word_1_339' title='bbox 1542 1023 1749 1067; x_wconf 83' lang='lat' dir='ltr'>pontificatus</span> <span class='ocrx_word' id='word_1_340' title='bbox 1787 1021 1890 1055; x_wconf 84' lang='lat' dir='ltr'>nostri</span> 
     </span>
    </p>
   </div>
   <div class='ocr_carea' id='block_1_12' title="bbox 1153 1086 1844 1153">
    <p class='ocr_par' dir='ltr' id='par_1_14' title="bbox 1153 1086 1844 1153">
     <span class='ocr_line' id='line_1_66' title="bbox 1153 1086 1305 1109; baseline 0 0"><span class='ocrx_word' id='word_1_341' title='bbox 1153 1087 1238 1109; x_wconf 84' lang='lat' dir='ltr'>anno</span> <span class='ocrx_word' id='word_1_342' title='bbox 1262 1086 1305 1109; x_wconf 84' lang='lat' dir='ltr'>iv.</span> 
     </span>
     <span class='ocr_line' id='line_1_67' title="bbox 1593 1119 1844 1153; baseline -0.004 -1"><span class='ocrx_word' id='word_1_343' title='bbox 1593 1120 1616 1153; x_wconf 88' lang='lat'>1.</span> <span class='ocrx_word' id='word_1_344' title='bbox 1643 1120 1679 1153; x_wconf 88' lang='lat' dir='ltr'>G.</span> <span class='ocrx_word' id='word_1_345' title='bbox 1704 1119 1844 1153; x_wconf 83' lang='lat' dir='ltr'>SLuqus.</span> 
     </span>
    </p>
   </div>
   <div class='ocr_carea' id='block_1_13' title="bbox 1189 1181 1890 1215">
    <p class='ocr_par' dir='ltr' id='par_1_15' title="bbox 1189 1181 1890 1215">
     <span class='ocr_line' id='line_1_68' title="bbox 1189 1181 1890 1215; baseline -0.003 -7"><span class='ocrx_word' id='word_1_346' title='bbox 1189 1182 1246 1208; x_wconf 87' lang='lat' dir='ltr'>Dat.</span> <span class='ocrx_word' id='word_1_347' title='bbox 1265 1182 1309 1208; x_wconf 85' lang='lat' dir='ltr'>die</span> <span class='ocrx_word' id='word_1_348' title='bbox 1323 1182 1358 1208; x_wconf 76' lang='lat'>22</span> <span class='ocrx_word' id='word_1_349' title='bbox 1374 1181 1528 1209; x_wconf 86' lang='lat' dir='ltr'>decembris</span> <span class='ocrx_word' id='word_1_350' title='bbox 1550 1181 1629 1213; x_wconf 77' lang='lat'>1673,</span> <span class='ocrx_word' id='word_1_351' title='bbox 1654 1181 1748 1215; x_wconf 84' lang='lat' dir='ltr'>pontif.</span> <span class='ocrx_word' id='word_1_352' title='bbox 1768 1189 1837 1207; x_wconf 79' lang='lat' dir='ltr'>anno</span> <span class='ocrx_word' id='word_1_353' title='bbox 1854 1187 1890 1207; x_wconf 87' lang='lat' dir='ltr'>iv.</span> 
     </span>
    </p>
   </div>
   <div class='ocr_carea' id='block_1_14' title="bbox 1153 1230 1890 1322">
    <p class='ocr_par' dir='ltr' id='par_1_16' title="bbox 1153 1230 1890 1322">
     <span class='ocr_line' id='line_1_69' title="bbox 1188 1230 1890 1277; baseline -0.004 -7"><span class='ocrx_word' id='word_1_354' title='bbox 1188 1243 1353 1277; x_wconf 64' lang='lat' dir='ltr'>aegisti-ata</span> <span class='ocrx_word' id='word_1_355' title='bbox 1368 1243 1400 1269; x_wconf 82' lang='lat' dir='ltr'>in</span> <span class='ocrx_word' id='word_1_356' title='bbox 1413 1242 1462 1270; x_wconf 81' lang='lat' dir='ltr'>lib.</span> <span class='ocrx_word' id='word_1_357' title='bbox 1477 1230 1615 1270; x_wconf 60' lang='lat' dir='ltr'>Breuiuiit</span> <span class='ocrx_word' id='word_1_358' title='bbox 1629 1242 1733 1269; x_wconf 79' lang='lat' dir='ltr'>mensis</span> <span class='ocrx_word' id='word_1_359' title='bbox 1747 1241 1890 1275; x_wconf 78' lang='lat' dir='ltr'>ianuarii,</span> 
     </span>
     <span class='ocr_line' id='line_1_70' title="bbox 1153 1287 1405 1322; baseline 0.004 -9"><span class='ocrx_word' id='word_1_360' title='bbox 1153 1291 1238 1322; x_wconf 79' lang='lat' dir='ltr'>parte</span> <span class='ocrx_word' id='word_1_361' title='bbox 1255 1296 1274 1321; x_wconf 87' lang='lat'>1,</span> <span class='ocrx_word' id='word_1_362' title='bbox 1294 1288 1345 1322; x_wconf 84' lang='lat' dir='ltr'>fol.</span> <span class='ocrx_word' id='word_1_363' title='bbox 1362 1287 1405 1314; x_wconf 81' lang='lat'>99.</span> 
     </span>
    </p>
   </div>
   <div class='ocr_carea' id='block_1_15' title="bbox 1464 1412 1589 1446">
    <p class='ocr_par' dir='ltr' id='par_1_17' title="bbox 1464 1412 1589 1446">
     <span class='ocr_line' id='line_1_71' title="bbox 1464 1412 1589 1446; baseline -0.008 0"><span class='ocrx_word' id='word_1_364' title='bbox 1464 1412 1589 1446; x_wconf 76' lang='lat' dir='ltr'>CXLVI.</span> 
     </span>
    </p>
   </div>
   <div class='ocr_carea' id='block_1_16' title="bbox 1157 1483 1894 1840">
    <p class='ocr_par' dir='ltr' id='par_1_18' title="bbox 1157 1483 1894 1840">
     <span class='ocr_line' id='line_1_72' title="bbox 1157 1483 1890 1524; baseline 0 -9"><span class='ocrx_word' id='word_1_365' title='bbox 1157 1483 1366 1524; x_wconf 76' lang='lat' dir='ltr'>Confirmatio</span> <span class='ocrx_word' id='word_1_366' title='bbox 1391 1488 1419 1515; x_wconf 75' lang='lat' dir='ltr'>et</span> <span class='ocrx_word' id='word_1_367' title='bbox 1443 1484 1610 1515; x_wconf 72' lang='lat' dir='ltr'>innovatio</span> <span class='ocrx_word' id='word_1_368' title='bbox 1636 1484 1789 1516; x_wconf 73' lang='lat' dir='ltr'>Brevz&#39;um</span> <span class='ocrx_word' id='word_1_369' title='bbox 1811 1483 1890 1516; x_wconf 74' lang='lat' dir='ltr'>Ale-</span> 
     </span>
     <span class='ocr_line' id='line_1_73' title="bbox 1198 1535 1894 1575; baseline 0.003 -9"><span class='ocrx_word' id='word_1_370' title='bbox 1198 1535 1321 1567; x_wconf 67' lang='lat' dir='ltr'>mandri</span> <span class='ocrx_word' id='word_1_371' title='bbox 1350 1536 1414 1568; x_wconf 86' lang='lat' dir='ltr'>VII</span> <span class='ocrx_word' id='word_1_372' title='bbox 1436 1540 1463 1567; x_wconf 79' lang='lat' dir='ltr'>el</span> <span class='ocrx_word' id='word_1_373' title='bbox 1491 1536 1663 1569; x_wconf 75' lang='lat' dir='ltr'>Clementis</span> <span class='ocrx_word' id='word_1_374' title='bbox 1687 1536 1755 1575; x_wconf 91' lang='lat' dir='ltr'>IX,</span> <span class='ocrx_word' id='word_1_375' title='bbox 1779 1547 1816 1568; x_wconf 79' lang='lat' dir='ltr'>ac</span> <span class='ocrx_word' id='word_1_376' title='bbox 1840 1537 1894 1568; x_wconf 80' lang='lat' dir='ltr'>de-</span> 
     </span>
     <span class='ocr_line' id='line_1_74' title="bbox 1198 1588 1893 1630; baseline -0.001 -10"><span class='ocrx_word' id='word_1_377' title='bbox 1198 1593 1358 1620; x_wconf 75' lang='lat' dir='ltr'>cretorum</span> <span class='ocrx_word' id='word_1_378' title='bbox 1395 1589 1659 1630; x_wconf 70' lang='lat' dir='ltr'>Conqreqale&#39;onis</span> <span class='ocrx_word' id='word_1_379' title='bbox 1695 1588 1733 1620; x_wconf 85' lang='lat' dir='ltr'>de</span> <span class='ocrx_word' id='word_1_380' title='bbox 1767 1589 1893 1630; x_wconf 80' lang='lat' dir='ltr'>Propa-</span> 
     </span>
     <span class='ocr_line' id='line_1_75' title="bbox 1199 1641 1892 1684; baseline -0.001 -11"><span class='ocrx_word' id='word_1_381' title='bbox 1199 1641 1307 1683; x_wconf 58' lang='lat' dir='ltr'>qando}</span> <span class='ocrx_word' id='word_1_382' title='bbox 1331 1642 1362 1674; x_wconf 91' lang='lat' dir='ltr'><em>F</em></span> <span class='ocrx_word' id='word_1_383' title='bbox 1363 1641 1422 1680; x_wconf 77' lang='lat' dir='ltr'>ide,</span> <span class='ocrx_word' id='word_1_384' title='bbox 1451 1641 1493 1673; x_wconf 79' lang='lat' dir='ltr'>acl</span> <span class='ocrx_word' id='word_1_385' title='bbox 1516 1642 1656 1684; x_wconf 73' lang='lat' dir='ltr'>favorem</span> <span class='ocrx_word' id='word_1_386' title='bbox 1675 1641 1892 1683; x_wconf 74' lang='lat' dir='ltr'>episcoporum</span> 
     </span>
     <span class='ocr_line' id='line_1_76' title="bbox 1198 1693 1894 1736; baseline -0.003 -10"><span class='ocrx_word' id='word_1_387' title='bbox 1198 1695 1397 1726; x_wconf 73' lang='lat' dir='ltr'>vicariorum</span> <span class='ocrx_word' id='word_1_388' title='bbox 1421 1695 1670 1736; x_wconf 75' lang='lat' dir='ltr'>apostolicorum</span> <span class='ocrx_word' id='word_1_389' title='bbox 1694 1693 1781 1736; x_wconf 77' lang='lat' dir='ltr'>apud</span> <span class='ocrx_word' id='word_1_390' title='bbox 1798 1693 1894 1725; x_wconf 71' lang='lat' dir='ltr'>Sinas</span> 
     </span>
     <span class='ocr_line' id='line_1_77' title="bbox 1201 1747 1894 1790; baseline -0.004 -10"><span class='ocrx_word' id='word_1_391' title='bbox 1201 1752 1444 1787; x_wconf 67' lang='lat' dir='ltr'>emanator-um,</span> <span class='ocrx_word' id='word_1_392' title='bbox 1473 1758 1645 1790; x_wconf 79' lang='lat' dir='ltr'>eorumque</span> <span class='ocrx_word' id='word_1_393' title='bbox 1669 1747 1894 1779; x_wconf 78' lang='lat' dir='ltr'>missionorz&#39;o-</span> 
     </span>
     <span class='ocr_line' id='line_1_78' title="bbox 1199 1804 1370 1840; baseline 0 -8"><span class='ocrx_word' id='word_1_394' title='bbox 1199 1810 1286 1840; x_wconf 81' lang='lat' dir='ltr'>rum,</span> <span class='ocrx_word' id='word_1_395' title='bbox 1315 1804 1370 1832; x_wconf 79' lang='lat' dir='ltr'>etc.</span> 
     </span>
    </p>
   </div>
   <div class='ocr_carea' id='block_1_17' title="bbox 1252 1870 1756 1942">
    <p class='ocr_par' dir='ltr' id='par_1_19' title="bbox 1252 1870 1756 1942">
     <span class='ocr_line' id='line_1_79' title="bbox 1384 1870 1670 1904; baseline 0 -7"><span class='ocrx_word' id='word_1_396' title='bbox 1384 1870 1518 1898; x_wconf 84' lang='lat' dir='ltr'>Clemens</span> <span class='ocrx_word' id='word_1_397' title='bbox 1540 1871 1618 1904; x_wconf 85' lang='lat' dir='ltr'>Papa</span> <span class='ocrx_word' id='word_1_398' title='bbox 1637 1871 1670 1903; x_wconf 85' lang='lat' dir='ltr'>X,</span> 
     </span>
     <span class='ocr_line' id='line_1_80' title="bbox 1252 1910 1756 1942; baseline 0 -1"><span class='ocrx_word' id='word_1_399' title='bbox 1252 1910 1255 1911; x_wconf 44' lang='lat'><em>⁷</em></span> <span class='ocrx_word' id='word_1_400' title='bbox 1299 1915 1335 1942; x_wconf 87' lang='lat' dir='ltr'>ad</span> <span class='ocrx_word' id='word_1_401' title='bbox 1355 1915 1488 1941; x_wconf 76' lang='lat' dir='ltr'>futuram</span> <span class='ocrx_word' id='word_1_402' title='bbox 1508 1915 1551 1941; x_wconf 84' lang='lat' dir='ltr'>rei</span> <span class='ocrx_word' id='word_1_403' title='bbox 1574 1914 1756 1941; x_wconf 84' lang='lat' dir='ltr'>memoriam.</span> 
     </span>
    </p>
   </div>
   <div class='ocr_carea' id='block_1_18' title="bbox 1158 1976 1896 2073">
    <p class='ocr_par' dir='ltr' id='par_1_20' title="bbox 1158 1976 1896 2073">
     <span class='ocr_line' id='line_1_81' title="bbox 1201 1976 1896 2019; baseline 0 -10"><span class='ocrx_word' id='word_1_404' title='bbox 1201 1977 1300 2009; x_wconf 87' lang='lat' dir='ltr'>Decet</span> <span class='ocrx_word' id='word_1_405' title='bbox 1320 1976 1499 2009; x_wconf 86' lang='lat' dir='ltr'>Romanum</span> <span class='ocrx_word' id='word_1_406' title='bbox 1515 1976 1713 2016; x_wconf 76' lang='lat' dir='ltr'>Pontificem,</span> <span class='ocrx_word' id='word_1_407' title='bbox 1729 1986 1823 2019; x_wconf 84' lang='lat' dir='ltr'>quem</span> <span class='ocrx_word' id='word_1_408' title='bbox 1844 1977 1896 2009; x_wconf 83' lang='lat' dir='ltr'>Ec·</span> 
     </span>
     <span class='ocr_line' id='line_1_82' title="bbox 1158 2029 1895 2073; baseline 0 -10"><span class='ocrx_word' id='word_1_409' title='bbox 1158 2030 1276 2063; x_wconf 83' lang='lat' dir='ltr'>clesiae</span> <span class='ocrx_word' id='word_1_410' title='bbox 1294 2029 1472 2062; x_wconf 86' lang='lat' dir='ltr'>catholicae</span> <span class='ocrx_word' id='word_1_411' title='bbox 1492 2040 1552 2073; x_wconf 87' lang='lat' dir='ltr'>per</span> <span class='ocrx_word' id='word_1_412' title='bbox 1568 2030 1755 2062; x_wconf 83' lang='lat' dir='ltr'>universum</span> <span class='ocrx_word' id='word_1_413' title='bbox 1781 2031 1895 2063; x_wconf 85' lang='lat' dir='ltr'>orbem</span> 
     </span>
    </p>
   </div>
   <div class='ocr_carea' id='block_1_19' title="bbox 1152 2083 1897 2129">
    <p class='ocr_par' dir='ltr' id='par_1_21' title="bbox 1152 2083 1897 2129">
     <span class='ocr_line' id='line_1_83' title="bbox 1152 2083 1897 2129; baseline 0 -14"><span class='ocrx_word' id='word_1_414' title='bbox 1152 2083 1290 2125; x_wconf 48' lang='lat' dir='ltr'>,diffusae</span> <span class='ocrx_word' id='word_1_415' title='bbox 1316 2083 1466 2126; x_wconf 80' lang='lat' dir='ltr'>regimini</span> <span class='ocrx_word' id='word_1_416' title='bbox 1497 2094 1569 2115; x_wconf 85' lang='lat' dir='ltr'>cum</span> <span class='ocrx_word' id='word_1_417' title='bbox 1594 2083 1766 2129; x_wconf 87' lang='lat' dir='ltr'>potestatis</span> <span class='ocrx_word' id='word_1_418' title='bbox 1793 2084 1897 2127; x_wconf 88' lang='lat' dir='ltr'>pleni-</span> 
     </span>
    </p>
   </div>
   <div class='ocr_carea' id='block_1_20' title="bbox 1156 2136 1898 2655">
    <p class='ocr_par' dir='ltr' id='par_1_22' title="bbox 1156 2136 1898 2655">
     <span class='ocr_line' id='line_1_84' title="bbox 1159 2136 1896 2180; baseline 0 -11"><span class='ocrx_word' id='word_1_419' title='bbox 1159 2137 1269 2170; x_wconf 85' lang='lat' dir='ltr'>tudine</span> <span class='ocrx_word' id='word_1_420' title='bbox 1293 2136 1484 2180; x_wconf 88' lang='lat' dir='ltr'>praeposuit</span> <span class='ocrx_word' id='word_1_421' title='bbox 1510 2137 1713 2177; x_wconf 79' lang='lat' dir='ltr'>AltissimuS,</span> <span class='ocrx_word' id='word_1_422' title='bbox 1739 2147 1774 2169; x_wconf 87' lang='lat' dir='ltr'>ac</span> <span class='ocrx_word' id='word_1_423' title='bbox 1799 2137 1896 2180; x_wconf 83' lang='lat' dir='ltr'>aequi</span> 
     </span>
     <span class='ocr_line' id='line_1_85' title="bbox 1157 2190 1898 2233; baseline 0 -11"><span class='ocrx_word' id='word_1_424' title='bbox 1157 2190 1302 2233; x_wconf 87' lang='lat' dir='ltr'>bonique</span> <span class='ocrx_word' id='word_1_425' title='bbox 1326 2200 1517 2232; x_wconf 88' lang='lat' dir='ltr'>supremum</span> <span class='ocrx_word' id='word_1_426' title='bbox 1550 2195 1747 2223; x_wconf 86' lang='lat' dir='ltr'>assertorem</span> <span class='ocrx_word' id='word_1_427' title='bbox 1773 2190 1805 2222; x_wconf 93' lang='lat' dir='ltr'>in</span> <span class='ocrx_word' id='word_1_428' title='bbox 1830 2195 1898 2223; x_wconf 92' lang='lat' dir='ltr'>ter-</span> 
     </span>
     <span class='ocr_line' id='line_1_86' title="bbox 1158 2242 1896 2285; baseline 0 -10"><span class='ocrx_word' id='word_1_429' title='bbox 1158 2243 1201 2275; x_wconf 90' lang='lat' dir='ltr'>ris</span> <span class='ocrx_word' id='word_1_430' title='bbox 1226 2242 1403 2282; x_wconf 83' lang='lat' dir='ltr'>constituit,</span> <span class='ocrx_word' id='word_1_431' title='bbox 1423 2253 1471 2282; x_wconf 83' lang='lat' dir='ltr'>ea,</span> <span class='ocrx_word' id='word_1_432' title='bbox 1492 2253 1573 2285; x_wconf 84' lang='lat' dir='ltr'>quae</span> <span class='ocrx_word' id='word_1_433' title='bbox 1592 2254 1609 2274; x_wconf 88' lang='lat' dir='ltr'>a</span> <span class='ocrx_word' id='word_1_434' title='bbox 1633 2242 1896 2285; x_wconf 83' lang='lat' dir='ltr'>praedecessori-</span> 
     </span>
     <span class='ocr_line' id='line_1_87' title="bbox 1156 2296 1893 2338; baseline -0.001 -9"><span class='ocrx_word' id='word_1_435' title='bbox 1156 2298 1215 2329; x_wconf 89' lang='lat' dir='ltr'>bus</span> <span class='ocrx_word' id='word_1_436' title='bbox 1230 2296 1295 2328; x_wconf 88' lang='lat' dir='ltr'>suis</span> <span class='ocrx_word' id='word_1_437' title='bbox 1313 2301 1345 2328; x_wconf 86' lang='lat' dir='ltr'>et</span> <span class='ocrx_word' id='word_1_438' title='bbox 1358 2296 1419 2328; x_wconf 88' lang='lat' dir='ltr'>hac</span> <span class='ocrx_word' id='word_1_439' title='bbox 1433 2298 1543 2328; x_wconf 80' lang='lat' dir='ltr'>sancta</span> <span class='ocrx_word' id='word_1_440' title='bbox 1557 2296 1638 2328; x_wconf 83' lang='lat' dir='ltr'>Sede</span> <span class='ocrx_word' id='word_1_441' title='bbox 1655 2296 1839 2338; x_wconf 76' lang='lat' dir='ltr'>Apostolica</span> <span class='ocrx_word' id='word_1_442' title='bbox 1854 2296 1893 2328; x_wconf 89' lang='lat' dir='ltr'>ad</span> 
     </span>
     <span class='ocr_line' id='line_1_88' title="bbox 1156 2347 1893 2391; baseline -0.001 -10"><span class='ocrx_word' id='word_1_443' title='bbox 1156 2349 1353 2381; x_wconf 83' lang='lat' dir='ltr'>christianae</span> <span class='ocrx_word' id='word_1_444' title='bbox 1371 2348 1540 2391; x_wconf 74' lang='lat' dir='ltr'>religionis</span> <span class='ocrx_word' id='word_1_445' title='bbox 1557 2354 1588 2381; x_wconf 89' lang='lat' dir='ltr'>et</span> <span class='ocrx_word' id='word_1_446' title='bbox 1602 2349 1800 2381; x_wconf 83' lang='lat' dir='ltr'>orthodoxae</span> <span class='ocrx_word' id='word_1_447' title='bbox 1818 2347 1893 2381; x_wconf 84' lang='lat' dir='ltr'>fidei</span> 
     </span>
     <span class='ocr_line' id='line_1_89' title="bbox 1157 2400 1895 2445; baseline -0.001 -12"><span class='ocrx_word' id='word_1_448' title='bbox 1157 2400 1349 2445; x_wconf 88' lang='lat' dir='ltr'>praesertim</span> <span class='ocrx_word' id='word_1_449' title='bbox 1363 2401 1395 2433; x_wconf 91' lang='lat' dir='ltr'>in</span> <span class='ocrx_word' id='word_1_450' title='bbox 1412 2401 1638 2433; x_wconf 86' lang='lat' dir='ltr'>remotissimis</span> <span class='ocrx_word' id='word_1_451' title='bbox 1652 2401 1691 2433; x_wconf 86' lang='lat' dir='ltr'>ab</span> <span class='ocrx_word' id='word_1_452' title='bbox 1706 2401 1767 2433; x_wconf 86' lang='lat' dir='ltr'>hac</span> <span class='ocrx_word' id='word_1_453' title='bbox 1785 2403 1895 2432; x_wconf 72' lang='lat' dir='ltr'>saneta</span> 
     </span>
     <span class='ocr_line' id='line_1_90' title="bbox 1157 2453 1892 2496; baseline -0.004 -10"><span class='ocrx_word' id='word_1_454' title='bbox 1157 2454 1240 2486; x_wconf 82' lang='lat' dir='ltr'>Sede</span> <span class='ocrx_word' id='word_1_455' title='bbox 1255 2453 1334 2487; x_wconf 89' lang='lat' dir='ltr'>locis</span> <span class='ocrx_word' id='word_1_456' title='bbox 1350 2454 1629 2496; x_wconf 80' lang='lat' dir='ltr'>propagationem,</span> <span class='ocrx_word' id='word_1_457' title='bbox 1645 2453 1892 2495; x_wconf 87' lang='lat' dir='ltr'>animarumque</span> 
     </span>
     <span class='ocr_line' id='line_1_91' title="bbox 1157 2505 1895 2549; baseline -0.001 -11"><span class='ocrx_word' id='word_1_458' title='bbox 1157 2506 1300 2549; x_wconf 86' lang='lat' dir='ltr'>pretioso</span> <span class='ocrx_word' id='word_1_459' title='bbox 1326 2506 1489 2548; x_wconf 75' lang='lat' dir='ltr'>Unigeniti</span> <span class='ocrx_word' id='word_1_460' title='bbox 1509 2506 1562 2539; x_wconf 90' lang='lat' dir='ltr'>Dei</span> <span class='ocrx_word' id='word_1_461' title='bbox 1582 2506 1652 2539; x_wconf 80' lang='lat' dir='ltr'>Filii</span> <span class='ocrx_word' id='word_1_462' title='bbox 1674 2505 1799 2538; x_wconf 88' lang='lat' dir='ltr'>Domini</span> <span class='ocrx_word' id='word_1_463' title='bbox 1826 2515 1895 2537; x_wconf 86' lang='lat' dir='ltr'>nos-</span> 
     </span>
     <span class='ocr_line' id='line_1_92' title="bbox 1157 2559 1894 2601; baseline -0.001 -10"><span class='ocrx_word' id='word_1_464' title='bbox 1157 2560 1198 2592; x_wconf 90' lang='lat' dir='ltr'>tri</span> <span class='ocrx_word' id='word_1_465' title='bbox 1223 2560 1296 2592; x_wconf 86' lang='lat' dir='ltr'>Iesu</span> <span class='ocrx_word' id='word_1_466' title='bbox 1323 2560 1440 2593; x_wconf 89' lang='lat' dir='ltr'>Christi</span> <span class='ocrx_word' id='word_1_467' title='bbox 1466 2560 1621 2601; x_wconf 80' lang='lat' dir='ltr'>sanguine</span> <span class='ocrx_word' id='word_1_468' title='bbox 1652 2559 1894 2601; x_wconf 88' lang='lat' dir='ltr'>redemptarum</span> 
     </span>
     <span class='ocr_line' id='line_1_93' title="bbox 1157 2611 1894 2655; baseline -0.004 -10"><span class='ocrx_word' id='word_1_469' title='bbox 1157 2613 1304 2653; x_wconf 87' lang='lat' dir='ltr'>salutem,</span> <span class='ocrx_word' id='word_1_470' title='bbox 1321 2612 1510 2655; x_wconf 79' lang='lat' dir='ltr'>felicemque</span> <span class='ocrx_word' id='word_1_471' title='bbox 1531 2612 1672 2645; x_wconf 70' lang='lat' dir='ltr'>fidolium</span> <span class='ocrx_word' id='word_1_472' title='bbox 1692 2612 1722 2643; x_wconf 90' lang='lat' dir='ltr'>in</span> <span class='ocrx_word' id='word_1_473' title='bbox 1738 2611 1785 2643; x_wconf 75' lang='lat' dir='ltr'>via</span> <span class='ocrx_word' id='word_1_474' title='bbox 1805 2621 1894 2643; x_wconf 87' lang='lat' dir='ltr'>man-</span> 
     </span>
    </p>
   </div>
   <div class='ocr_carea' id='block_1_21' title="bbox 1776 229 2076 264">
    <p class='ocr_par' dir='ltr' id='par_1_23' title="bbox 1776 229 2076 264">
     <span class='ocr_line' id='line_1_94' title="bbox 1776 229 2076 264; baseline 0.007 -2"><span class='ocrx_word' id='word_1_475' title='bbox 1776 229 1840 262; x_wconf 58' lang='grc' dir='ltr'>[ιω</span> <span class='ocrx_word' id='word_1_476' title='bbox 1886 238 1936 264; x_wconf 70' lang='lat' dir='ltr'>An.</span> <span class='ocrx_word' id='word_1_477' title='bbox 1954 236 1982 263; x_wconf 90' lang='lat' dir='ltr'>c.</span> <span class='ocrx_word' id='word_1_478' title='bbox 2006 237 2076 264; x_wconf 65' lang='lat'>1673</span> 
     </span>
    </p>
   </div>
   <div class='ocr_carea' id='block_1_22' title="bbox 1294 446 2080 501">
    <p class='ocr_par' dir='ltr' id='par_1_24' title="bbox 1294 446 2080 501">
     <span class='ocr_line' id='line_1_95' title="bbox 1294 446 2080 501; baseline -0.005 -23"><span class='ocrx_word' id='word_1_479' title='bbox 1294 446 1444 478; x_wconf 86' lang='lat' dir='ltr'>Volumus</span> <span class='ocrx_word' id='word_1_480' title='bbox 1480 450 1585 477; x_wconf 86' lang='lat' dir='ltr'>autem</span> <span class='ocrx_word' id='word_1_481' title='bbox 1624 449 1658 476; x_wconf 90' lang='lat' dir='ltr'>ut</span> <span class='ocrx_word' id='word_1_482' title='bbox 1695 446 2080 501; x_wconf 54' lang='lat' dir='ltr'>earumslemmgrgfflmpm.</span> 
     </span>
    </p>
   </div>
   <div class='ocr_carea' id='block_1_23' title="bbox 1932 1985 2053 2008">
    <p class='ocr_par' dir='ltr' id='par_1_25' title="bbox 1932 1985 2053 2008">
     <span class='ocr_line' id='line_1_96' title="bbox 1932 1985 2053 2008; baseline 0 -2"><span class='ocrx_word' id='word_1_483' title='bbox 1932 1985 2053 2008; x_wconf 76' lang='lat' dir='ltr'>Exordium.</span> 
     </span>
    </p>
   </div>
  </div>
 </body>
</html>
