2279 3260
141 233 191 260 An.
208 233 238 261 C.
259 234 326 261 1073

170 558 280 578 tvm-«dnm
298 557 325 578 ir·

142 586 215 604 nidus.

214 1344 330 1365 contrariis

145 1373 242 1397 derogat.

971 229 1112 254 CLEMENS
1134 231 1153 254 Χ
1178 231 1225 254 ΡΡ.

335 283 423 323 tium,
436 282 650 326 approbamus
665 285 698 314 et
710 279 943 318 confirmamus,
957 278 1071 320 illique

1408 276 1552 310 CXXXII.

335 335 530 369 inviolabilis
555 333 752 377 apostolicae
784 330 946 376 firmitatis
971 331 1072 363 robur
1115 347 1323 390 Confirmatio
1354 351 1383 379 el
1414 346 1601 390 approbatio
1631 344 1852 386 immmund-

335 388 515 427 adimimus
543 388 629 420 salva
654 391 760 418 tamen
783 394 913 428 semper
931 383 961 416 in
979 394 1072 426 prae-

336 441 441 473 missis
463 439 652 472 auctoritate
678 437 863 482 praedictae
889 436 1072 479 Congrega-

337 493 433 526 tionis
457 491 684 526 cardinalium.

380 546 395 589 ἓ
423 546 454 579 5.
480 545 696 578 Decernentes
728 543 857 577 easdem
886 547 1073 586 praesentes

336 598 460 631 litteras
484 608 615 641 semper
640 597 759 636 firmas,
776 596 896 630 validas
914 599 945 628 et
968 594 1074 628 effica-

336 662 390 684 ces
416 650 553 684 existere
579 655 610 682 et
635 650 711 690 fore,
744 659 885 692 suosque
910 648 1074 692 plenarios

337 710 369 738 et
392 704 538 748 integros
565 703 697 737 effectus
724 703 834 736 sortiri
860 708 892 736 et
915 702 1074 740 obtinere,

336 769 373 791 ac
397 757 472 798 illis,
499 757 539 790 ad
561 767 640 800 quos
661 760 789 800 spectat
806 760 837 788 et
853 765 913 798 pro
927 758 1074 797 tempore

339 811 510 855 spectabit,
536 811 569 843 in
588 810 739 844 omnibus
757 814 789 842 et
806 819 864 852 per
885 807 994 841 omnia
1010 807 1077 849 ple-

338 865 468 898 nissime
494 863 679 907 suffragari,
705 868 736 895 et
761 863 798 895 ab
824 862 870 894 eis
896 859 1075 904 respective

339 916 572 950 inviolabiliter
596 914 770 955 observari,
797 913 907 956 sicque
933 912 966 944 in
990 922 1077 955 prae-

339 969 444 1002 missis
468 979 529 1012 per
553 977 775 1011 quoscumque
801 965 924 998 iudices
951 963 1077 996 ordina-

339 1022 403 1055 rios
429 1025 461 1054 et
482 1021 662 1062 delegatos,
684 1019 781 1052 etiam
802 1027 973 1051 causarum
989 1017 1078 1059 pala-

339 1074 373 1107 tii
398 1073 568 1117 apostolici
593 1072 768 1111 auditores,
791 1070 925 1103 iudicari
943 1074 975 1102 et
1000 1068 1078 1102 defi-

337 1127 399 1160 niri
418 1126 550 1166 debere,
569 1135 605 1159 ac
622 1124 748 1157 irritum
774 1129 805 1157 et
829 1124 924 1156 inane
943 1123 967 1156 si
986 1133 1078 1156 secus

337 1189 435 1222 super
459 1178 510 1211 his
539 1188 556 1210 a
585 1188 770 1221 quoquam,
797 1176 907 1220 quavis
940 1176 1079 1208 auctori-

340 1237 414 1272 tate,
441 1231 584 1264 scienter
608 1232 657 1263 vel
681 1231 880 1273 ignoranter,
907 1228 1079 1272 contigerit

340 1284 503 1318 attentari.

384 1338 399 1380 ἓ
424 1337 455 1370 6.
488 1336 558 1369 Non
584 1335 785 1369 obstantibus
817 1335 1019 1379 praemissis,
1043 1344 1079 1367 ac

341 1388 627 1422 constitutionibus
647 1387 847 1431 apostolicis,
866 1397 994 1419 necnon
1014 1387 1079 1430 qui-

340 1442 458 1482 busvis,
484 1442 581 1474 etiam
607 1442 788 1474 iuramento
804 1468 811 1481 ,
836 1440 1079 1473 confirmatione

340 1494 528 1538 apostolica,
553 1495 603 1527 vel
629 1494 739 1537 quavis
764 1493 915 1525 firmitate
942 1493 1004 1525 alia
1027 1503 1080 1526 ro-

339 1548 470 1588 boratis,
494 1547 620 1580 statutis
645 1552 676 1580 et
700 1546 1000 1586 consuetudinibus,
1020 1546 1080 1589 pri-

339 1600 466 1643 vilegiis
493 1610 633 1642 quoque,
655 1599 789 1632 indultis
807 1604 838 1632 et
862 1599 980 1632 litteris
1005 1609 1081 1642 apo-

341 1653 463 1686 stolicis
479 1652 512 1684 in
527 1652 724 1685 contrarium
740 1652 991 1695 praemissorum
1006 1663 1081 1695 quo-

341 1705 521 1738 modolibet
544 1704 705 1737 concessis
726 1709 757 1736 et
777 1704 946 1744 innovatis,
966 1703 1080 1747 quibus

309 1791 312 1794 ,
343 1758 491 1791 omnibus
511 1762 543 1791 et
560 1757 708 1800 singulis,
725 1757 855 1790 illorum
874 1762 1003 1789 tenores
1020 1767 1079 1799 pro

342 1812 440 1854 plene
476 1815 508 1843 et
540 1810 739 1842 sufficienter
771 1809 935 1852 expressis
971 1820 1008 1841 ac
1040 1809 1080 1842 de

341 1863 441 1896 verbo
466 1863 506 1896 ad
530 1862 662 1895 verbum
680 1862 810 1895 insertis
832 1862 999 1903 habentes,
1017 1861 1080 1894 illis

343 1916 421 1948 alias
454 1915 487 1947 in
522 1925 579 1948 suo
616 1915 734 1947 robore
766 1914 1007 1958 permansuris,
1043 1914 1102 1947 ad=

343 1968 596 2012 praemissorum
622 1967 785 2008 effectum,
815 1968 874 2000 bac
899 1967 966 2000 vice
991 1968 1082 2000 dum-

344 2026 437 2061 taxat,
458 2021 640 2064 specialiter
657 2026 689 2053 et
707 2030 855 2064 expresse
874 2021 1079 2063 derogamus,
1101 2037 1102 2042 =

344 2074 528 2117 ceterisque
554 2073 726 2106 contrariis
752 2073 1019 2116 quibuscumque.

389 2127 502 2160 Datum
527 2126 663 2167 Romae,
697 2126 781 2170 apud
807 2125 837 2158 S.
866 2126 995 2158 Mariam
1023 2126 1081 2158 Ma-

345 2181 466 2219 iorem,
502 2179 561 2212 sub
586 2180 706 2212 annulo
739 2179 937 2219 piscatoris,
971 2179 1022 2212 die
1050 2189 1080 2212 VI

344 2234 418 2266 maii
444 2242 628 2273 uncmxm,
654 2232 862 2276 pontificatus
894 2233 998 2265 nostri
1023 2243 1080 2265 an-

346 2297 388 2320 no
408 2296 456 2320 111.

740 2339 764 2372 I.
787 2339 823 2372 G.
851 2339 990 2373 SLrqus.

383 2401 439 2428 Dat¹
456 2400 500 2428 die
515 2401 531 2428 6
551 2400 615 2428 maii
636 2401 715 2436 1673,
732 2401 828 2436 pontif.
851 2409 920 2428 anno
938 2408 976 2428 111.

383 2463 545 2498 Reyssstrata
577 2464 608 2490 in
640 2463 805 2491 Secretaria
833 2464 865 2491 in
899 2463 947 2490 lib.
979 2464 1083 2491 mensis

347 2516 431 2535 man.

418 2666 497 2694 Ball.
515 2667 595 2695 Rom.
611 2681 643 2686 —
664 2666 722 2694 Vol.
740 2667 848 2695 XVIII.
992 2668 1022 2694 51

1157 412 1232 434 rum
1258 400 1377 434 Ordim'
1397 399 1649 434 Carmelum-am
1674 403 1702 429 ct
1727 397 1853 438 consm-

1160 453 1366 486 te'rnilulibus
1401 452 1435 486 S.
1474 449 1666 494 Scaputaris
1702 449 1854 481 hactenus

1114 531 1123 541 ι
1159 516 1392 540 concessarum.

1331 585 1466 612 Clemens
1494 584 1573 618 Papa
1601 583 1634 617 X,

1235 629 1270 656 acl
1293 631 1468 664 perpetuam
1490 628 1537 654 rei
1555 626 1737 654 memoriam.

1161 699 1336 733 Commissa
1354 699 1448 732 nobis
1467 699 1619 732 divinitus
1637 697 1854 740 dispensatio-

1117 753 1167 785 nis
1187 752 1268 785 ratio
1286 752 1384 795 exigit
1399 757 1434 784 ut
1447 751 1662 795 spiritualium
1677 751 1854 793 gratiarum

1119 805 1359 845 concessiones,
1386 815 1468 848 quac
1495 815 1531 837 ex
1556 804 1609 847 pia
1636 802 1854 846 prudentique

1119 858 1216 890 huius
1241 862 1369 890 sanctae
1394 856 1484 889 Sedis
1509 856 1703 889 liberalitate
1728 855 1767 887 ad
1785 854 1856 898 pio-

1119 921 1188 942 rum
1207 920 1343 953 operum
1368 911 1605 942 incrementum
1622 908 1857 950 etanhnarum

1120 964 1258 995 salutem
1283 966 1523 1005 processerunt,
1551 972 1613 1004 quo
1639 960 1761 993 firmius
1786 960 1857 993 sub-

1120 1016 1255 1054 sistant,
1282 1014 1449 1058 apostolici
1477 1014 1665 1047 muniminis
1695 1013 1855 1057 praesidio

1120 1067 1396 1108 constabiliamus,
1423 1067 1561 1109 illasque
1587 1066 1682 1099 etiam
1707 1065 1858 1109 apostoli-

1121 1131 1176 1154 cae
1200 1119 1408 1162 benignitatis
1428 1118 1585 1152 charitate
1607 1118 1808 1161 amplienum,
1828 1122 1860 1150 et

1121 1174 1183 1206 alia
1204 1173 1347 1216 desuper
1371 1178 1558 1211 statuamus,
1581 1171 1674 1204 sicuti
1700 1170 1859 1213 spirituali

1121 1225 1384 1259 christifidelium
1402 1224 1616 1258 aedificationi
1635 1223 1859 1266 cognoscimus

1122 1279 1154 1312 in
1176 1278 1312 1312 Domino
1338 1278 1551 1322 profuturum.

1165 1333 1180 1376 g
1210 1332 1241 1365 ‘l.
1274 1331 1398 1375 Exponi
1432 1330 1718 1374 siquidem·nobis
1753 1339 1861 1372 nuper

1122 1385 1197 1418 fecit
1229 1385 1363 1418 dilectus
1400 1383 1486 1417 filius
1510 1383 1691 1416 Matthaeus
1716 1382 1859 1423 Orlandi‚

1122 1438 1211 1481 prior
1236 1437 1397 1480 generalis
1430 1436 1558 1470 Ordinis
1584 1437 1718 1468 fratrum
1742 1435 1859 1467 Beatae

1122 1491 1237 1523 Mariae
1250 1490 1392 1533 Virginis
1407 1491 1445 1523 de
1464 1490 1569 1522 Monte
1584 1489 1741 1528 Carmelo,
1758 1488 1858 1531 quod,

1123 1554 1194 1576 cum
1230 1554 1247 1575 a
1276 1543 1413 1576 diversis
1449 1540 1622 1575 Romanis¹
1651 1540 1859 1574 Pontificibus

1122 1595 1431 1639 praedecessoribus
1449 1595 1578 1635 nostris,
1597 1605 1631 1627 ac
1652 1594 1748 1627 etiam
1766 1604 1783 1625 a
1803 1603 1860 1625 no-

1122 1649 1183 1688 bis,
1208 1649 1384 1682 nonnullae
1409 1648 1627 1690 indulgentiae
1653 1657 1688 1679 ac
1712 1651 1861 1689 peccato-

1123 1712 1196 1734 rum
1218 1701 1425 1734 remissiones
1455 1711 1490 1733 ac
1513 1700 1786 1744 poenitentiarum
1810 1709 1860 1730 re-

1123 1754 1300 1787 laxationes
1324 1759 1389 1786 tam
1416 1753 1681 1786 christifidelibus
1707 1751 1859 1784 ecclesias

1124 1807 1200 1839 dicti
1225 1806 1353 1839 Ordinis
1379 1806 1579 1839 visitantibus
1614 1810 1647 1838 et
1681 1805 1742 1838 alia
1766 1815 1860 1847 prae-

1124 1860 1243 1903 scripta
1278 1860 1331 1903 pia
1363 1870 1463 1902 opera
1494 1858 1734 1902 peragentibus,
1762 1869 1858 1901 quam

1124 1913 1339 1946 confratribus
1372 1918 1404 1945 et
1428 1911 1657 1945 consororibus
1683 1911 1860 1943 confrater-

1123 1966 1260 1998 nitatum
1296 1965 1326 1998 S.
1353 1965 1538 2008 Scapularis
1572 1964 1715 1997 eiusdem
1744 1965 1858 1997 Beatae

1123 2017 1238 2050 Mariae
1262 2017 1400 2060 Virginis
1422 2018 1460 2049 de
1479 2017 1585 2049 Monte
1603 2016 1749 2049 Carmelo
1767 2016 1859 2059 (quas

1123 2071 1225 2103 ubivis
1242 2072 1386 2104 locorum
1405 2076 1493 2103 extra
1511 2071 1593 2103 hane
1608 2072 1723 2103 almam
1740 2069 1859 2103 Urbem

1123 2124 1271 2168 erigendi
1302 2128 1333 2156 et
1360 2124 1565 2163 instituendi,
1592 2124 1720 2166 illisque
1755 2128 1860 2155 certas

1124 2178 1342 2220 indulgentias
1367 2183 1397 2210 et
1421 2178 1538 2220 gratias
1563 2177 1747 2221 spirituales
1762 2205 1769 2217 ‚
1794 2187 1860 2210 ser-

1123 2233 1195 2264 vata
1218 2231 1321 2263 forma
1351 2230 1590 2263 constitutionis
1626 2230 1728 2263 felicis
1757 2240 1861 2263 reeor-

1125 2284 1263 2317 dationis
1282 2284 1454 2317 Clementis
1472 2284 1577 2327 Papae
1594 2283 1860 2327 Vlleraedeces-

1124 2339 1204 2372 soris
1230 2338 1331 2371 nostri
1356 2347 1452 2380 super
1477 2337 1778 2370 confraternitatum
1806 2347 1861 2379 ag-

1125 2391 1366 2435 gregationibus
1399 2395 1430 2423 et
1454 2389 1711 2422 institutionibus
1745 2389 1858 2429 editae,

1125 2443 1394 2485 communicandi,
1405 2444 1539 2476 facultas
1553 2442 1755 2486 procuratori
1769 2452 1861 2484 gene-

1126 2497 1203 2530 ralis
1222 2497 1298 2530 dicti
1314 2496 1451 2537 Ordinis,
1470 2496 1532 2536 vel,
1548 2496 1604 2529 illo
1622 2495 1765 2535 absente,
1791 2495 1860 2527 eius

1163 2615 1174 2639 1
1197 2611 1266 2638 Edit.
1284 2610 1364 2637 Main.
1379 2609 1447 2646 legit
1462 2609 1640 2637 Romanibus
1653 2609 1694 2644 (Β.
1711 2609 1758 2641 Τ.).

1746 217 1804 250 401
1855 226 1905 251 An.
1925 223 1955 249 C.
1975 223 2038 249 1070*

1890 706 2009 728 Exordium.

1897 1338 2015 1364 Expositio.
