2279 3260
161 227 213 255 An.
236 227 264 255 C.
283 228 350 256 1675

190 498 212 519 In
222 498 274 518 rosto
289 497 348 518 Natt-

164 525 234 546 «tratis
255 523 279 545 B.
303 523 348 543 Vir-

165 550 217 575 ginis
240 549 346 574 indulgen-

163 576 194 622 {ia
223 575 347 597 Portiuucu-

173 607 205 623 ae.

218 1440 268 1462 Item
283 1440 349 1461 indul-

168 1468 238 1492 geutia
250 1468 350 1494 plenaria.

197 2277 249 2298 item
263 2278 306 2299 alia
321 2279 350 2298 si-

164 2304 220 2350 aiglii
242 2304 350 2331 indulgen-

983 230 1124 255 CLEMENS
1146 231 1163 254 X
1188 231 1236 254 ΡΙ).

357 277 581 311 conceduntur
597 277 851 321 (GregoriusIX,
874 289 909 312 ex
930 283 1087 311 transum-

356 335 413 373 pto
438 330 578 371 Oscensi,
597 331 647 364 die
672 342 690 364 x
715 331 852 364 ianuarii
875 331 1063 374 unetxxiv).

396 416 436 444 ΙΙ.
453 432 486 436 -
505 414 544 443 In
566 414 657 443 festis
679 415 718 443 B.
741 414 870 444 Mariae
891 414 1047 454 Virginis.

402 488 439 520 Et
456 488 487 520 1⁰
504 488 535 520 in
558 489 729 522 festivitate
747 489 925 522 Nativitatis
944 489 1088 521 eiusdem

357 541 496 584 Virginis
520 541 636 575 Mariae
668 542 881 575 confratribus
913 541 1088 585 praedictis

357 604 433 627 vere
470 594 712 637 poenitentibus
762 600 794 628 et
831 594 996 633 confessis,
1034 594 1088 637 qui

357 645 486 680 Ordinis
511 647 681 680 ecclesiam
707 652 738 681 et
763 648 860 681 altare
886 648 935 680 vel
964 647 1090 689 cappel-

357 700 420 732 lam
461 700 736 733 confraternitatis
770 712 787 733 a
811 700 922 744 primis
949 699 1089 742 vesperis

355 761 459 795 usque
478 752 515 784 ad
542 753 699 785 secundas
732 763 883 795 vesperas
910 752 1024 784 devote
1050 750 1090 782 vi-

358 804 533 845 sitaverint,
552 805 726 845 annuatim,
742 810 774 837 et
798 814 910 837 manus
940 813 1090 847 porrexe-

358 857 426 889 rint
441 856 612 890 adiutrices
632 857 688 900 (ex
708 857 833 890 indulto
851 856 996 899 Gregorii
1015 855 1088 894 XIII,

360 909 541 953 quinquies,
567 911 653 952 etc),
682 910 737 943 illa
760 909 963 952 indulgentia
987 914 1018 942 et
1041 919 1091 941 re-

358 962 470 995 missio
518 968 724 1005 peccatorum
762 962 970 1001 conceditur,
997 972 1090 1004 quam

359 1014 527 1047 ecclesiam
552 1015 586 1047 Β.
614 1013 729 1047 Mariae
755 1014 787 1046 in
812 1014 1021 1047 Portiuncula
1045 1013 1091 1045 di-

357 1071 440 1099 ctam
466 1067 504 1099 de
537 1067 668 1109 Angelis
695 1072 907 1100 extramuros
934 1066 1091 1098 Assisina-

356 1124 466 1152 tenses
485 1120 597 1162 primo,
625 1119 687 1152 hoc
713 1125 760 1152 est
777 1130 793 1151 a
811 1119 954 1162 vesperis
980 1118 1091 1162 primis

357 1171 502 1204 eiusdem
527 1172 610 1212 diei,
639 1177 670 1205 et
695 1172 841 1205 secundo
866 1172 980 1204 diebus
1005 1182 1091 1204 men-

358 1224 400 1257 sis
426 1225 551 1267 augusti
577 1225 742 1257 annuatim
763 1225 929 1257 visitantes
959 1235 1092 1267 quomo-

359 1278 483 1311 dolibet
520 1283 764 1320 consequuntur
800 1277 1001 1319 (Bonifacius
1033 1277 1089 1318 IX,

358 1329 443 1362 Dum
459 1329 634 1372 praecelsa,
653 1340 687 1363 ιιι
714 1330 865 1362 kalendas
888 1330 1091 1372 septembris,

361 1392 444 1414 anno
465 1382 522 1425 xi).

404 1434 587 1478 Eodemque
630 1435 680 1467 die
720 1435 873 1478 praedicti
915 1435 1093 1467 confratres

360 1498 436 1521 vere
469 1487 677 1531 poenitentes
702 1493 734 1519 et
758 1487 911 1526 confessi,
948 1498 1002 1519 seu
1032 1493 1093 1519 sta-

362 1540 439 1572 tutis
463 1550 480 1572 a
508 1540 577 1573 iure
609 1541 808 1583 temporibus
838 1540 964 1573 firmum
997 1539 1094 1572 conti-

361 1592 451 1625 tendi
471 1593 675 1635 propositum
697 1593 867 1631 babentes,
887 1593 939 1636 qui
965 1592 1092 1624 Ordinis

362 1644 532 1676 ecclesiam
557 1649 588 1677 et
612 1645 712 1677 altare
741 1644 803 1676 sive
822 1645 1002 1687 cappellam
1020 1655 1093 1676 con-

362 1697 571 1730 fraternitatis
610 1708 627 1730 a
666 1697 778 1740 primis
813 1698 956 1741 vesperis
990 1708 1092 1741 usque

362 1751 400 1783 ad
431 1751 588 1783 secundas
626 1761 777 1794 vesperas
804 1751 866 1784 diei
907 1751 1092 1784 huiusmodi

361 1803 472 1836 devote
499 1803 703 1844 visitaverint,
726 1809 757 1836 et
780 1803 860 1836 inibi
883 1814 941 1846 pro
966 1810 1092 1837 sanctae

359 1855 467 1888 Matris
491 1856 654 1889 Ecclesiae
691 1856 897 1897 exaltatione,
923 1863 955 1890 et
979 1858 1093 1891 haere-

359 1916 430 1938 sum
465 1906 689 1950 extirpatione,
730 1918 856 1941 necnon
892 1918 970 1951 pace
1009 1909 1094 1942 inter

358 1958 522 2002 principes
565 1960 758 1994 christianos
797 1961 1016 1994 conservanda
1054 1962 1092 1994 ad

357 2010 456 2043 Deum
481 2022 595 2054 preces
621 2012 803 2054 effuderint,
824 2013 1002 2056 plenariam
1026 2024 1094 2046 oni-

357 2062 447 2096 nium
471 2069 680 2106 peccatorum
703 2075 832 2097 suorum
858 2065 1091 2107 indulgentiam

358 2120 390 2146 et
414 2115 635 2149 remissionem
669 2122 910 2160 consequuntur
934 2118 1021 2160 <Pius
1045 2118 1090 2157 IV,

357 2165 546 2207 Salvator-is,
584 2179 668 2201 anno
694 2168 926 2201 Incarnationis
951 2170 1093 2202 Domini-

360 2228 415 2250 cae
440 2229 607 2260 Manui‚x
627 2221 779 2253 kalendas
805 2222 920 2261 martii,
943 2232 1027 2255 anno
1045 2223 1089 2265 v).

405 2271 521 2303 Eadem
538 2272 660 2315 pariter
673 2273 723 2306 die
738 2273 913 2316 Gregorius
930 2274 995 2306 XIII
1012 2275 1092 2307 Red-

362 2323 489 2364 ditari,
516 2328 550 2356 ut
580 2335 698 2368 supra,
724 2325 839 2359 iisdem
875 2338 947 2360 vere
979 2328 1090 2370 poeni-

362 2376 504 2409 tentibus
539 2381 570 2409 et
604 2379 762 2412 confessis
799 2389 835 2412 ac
876 2382 965 2412 sacra
1005 2390 1091 2413 com-

360 2428 516 2462 mumone
539 2429 679 2469 refectis,
701 2431 753 2474 qui
772 2432 938 2465 ecclesiam
964 2432 1092 2465 Ordinis

361 2491 397 2513 ac
421 2482 692 2516 confraternitatis
724 2485 822 2517 altare
846 2496 864 2517 a
889 2485 1000 2528 primis
1024 2497 1092 2518 ves-

359 2534 446 2577 peris
487 2545 589 2577 usque
623 2536 660 2568 ad
686 2547 835 2570 occasum
866 2538 944 2571 solis
977 2538 1091 2571 devote

359 2586 563 2628 visitaverint,
579 2593 609 2620 et
626 2589 695 2632 pias
715 2589 793 2622 inibi
807 2601 920 2634 preces
937 2592 974 2624 ad
993 2591 1090 2624 Deum

1765 222 1828 253 555
1874 230 1922 256 An.
1944 229 1972 255 C.
1991 231 2058 257 tss75

1130 288 1189 321 pro
1208 282 1339 311 sanctae
1356 278 1463 310 Matris
1480 278 1642 311 Ecclesiae
1661 279 1864 321 exaltatione,

1131 330 1307 363 infidelium
1332 331 1553 372 conversione,
1568 337 1598 363 ct
1624 332 1791 363 haeresum
1818 342 1865 362 ex-

1132 381 1319 426 tii-panone,-
1336 394 1371 415 ac
1388 383 1468 422 aliis,
1487 389 1584 427 prout
1600 384 1774 426 unicuique
1793 395 1866 425 sug-

1132 440 1223 477 geret
1247 436 1386 475 devotio,
1413 437 1561 475 fuderint,
1590 437 1770 479 plenariam
1798 447 1861 469 oni-

1132 489 1218 542 nium
1243 495 1446 532 peccatorum
1472 501 1603 524 suorum
1633 490 1865 533 indulgentiam

1132 548 1163 575 et
1198 542 1420 576 remissionem
1459 543 1622 586 elargitur.

1176 594 1328 628 Similiter
1370 595 1401 627 in
1446 596 1559 629 eadem
1603 596 1793 635 Nativitate,
1829 607 1864 629 ac
1889 606 2060 627 {nemimem

1133 646 1227 679 etiam
1260 647 1290 679 in
1325 648 1581 681 Anuunciatione
1616 648 1760 681 eiusdem
1791 634 2061 681 Bon-352‘⁴c'¹0'¹n¹ffi⁴il⁸3321

1133 704 1182 731 tae
1218 699 1358 740 Mariae,
1397 700 1569 740 collegium
1615 691 1928 743 vigintiquatuoi''““¹·

1133 751 1359 790 cardinalium,
1386 758 1419 784 ut
1444 763 1562 795 supra,
1590 753 1765 796 praedietis
1790 763 1866 786 con-

1134 804 1294 843 fratribus,
1314 805 1435 847 pariter
1448 811 1482 837 ut
1502 816 1606 848 snpra,
1626 806 1791 838 annuatim
1808 816 1865 845 pro

1134 857 1270 899 singulis
1295 856 1519 889 festivitatibus
1550 868 1607 890 seu
1633 858 1745 890 diebus
1771 868 1863 901 prae-

1134 909 1240 948 dictis,
1267 909 1385 952 quibus
1412 910 1441 941 id
1469 910 1613 949 fecerint,
1641 915 1770 942 centum
1798 910 1867 942 dies

1134 962 1172 994 de
1198 961 1350 993 iniunctis
1382 962 1428 994 eis
1452 963 1662 1005 poenitentiis
1687 962 1868 995 misericor-

1134 1014 1217 1046 diter
1238 1014 1268 1045 in
1287 1014 1423 1046 Domino
1447 1015 1578 1047 relaxat.

1177 1066 1254 1098 02⁰ln
1273 1066 1434 1099 dominica
1462 1067 1545 1100 infra
1572 1072 1716 1101 octavam
1743 1069 1884 1109 Assum-h
1919 1079 2061 1100 indominica

1134 1119 1253 1162 ptionis
1267 1119 1302 1151 Β.
1322 1118 1436 1151 Mariae
1458 1119 1596 1162 Virginis
1621 1120 1777 1163 praedicti
1797 1131 1868 1153 con<
1881 1106 2063 1162 'niseiuqf'piiffii'sm

1135 1173 1247 1205 fratres
1271 1182 1344 1204 vere
1370 1172 1576 1215 poenitentes
1610 1178 1642 1206 et
1665 1173 1804 1206 confessi
1831 1158 2064 1213 θεῗιῖἓοῗέιῗὲῗξέἑζ

1135 1225 1248 1257 devote
1279 1224 1442 1258 visitantes
1478 1224 1606 1257 Ordinis
1637 1225 1806 1258 ecclesiam
1839 1211 1959 1258 etffl'm'

1135 1279 1313 1321 cappellam
1341 1278 1635 1319 confraternitatis,
1660 1283 1694 1310 ut
1720 1289 1828 1321 supra,
1855 1290 1870 1311 a

1136 1331 1246 1374 primis
1270 1330 1414 1374 vesperis
1435 1342 1535 1374 usque
1561 1332 1599 1364 ad
1625 1342 1770 1365 occasum
1796 1333 1872 1365 solis

1135 1383 1362 1426 subsequentis
1384 1383 1458 1423 diei,
1477 1389 1508 1416 et
1525 1394 1637 1416 manus
1661 1384 1872 1426 porrigentes

1135 1435 1309 1468 adiutrices
1329 1436 1379 1478 (ex
1398 1436 1526 1469 indulto
1543 1435 1688 1479 Gregorii
1704 1437 1767 1468 XIII
1787 1437 1873 1480 quin-

1136 1488 1236 1530 quies,
1259 1487 1348 1530 etc.),
1366 1488 1531 1520 lucrantur
1548 1499 1662 1521 omnes
1678 1493 1710 1521 et
1726 1488 1871 1531 singutas

1136 1539 1353 1582 indulgentias
1378 1540 1473 1572 etiam
1490 1540 1654 1583 plenarias
1682 1550 1741 1582 per
1766 1540 1870 1572 felicis

1136 1592 1369 1625 recordationis
1383 1592 1608 1625 Innocentium
1623 1592 1658 1624 IV
1673 1597 1702 1624 et
1717 1592 1796 1625 alios
1809 1592 1871 1625 Ro-

1136 1655 1246 1677 manos
1264 1644 1435 1677 Pontifices
1458 1645 1723 1688 praedecessores
1743 1645 1871 1677 visitan-

1136 1697 1220 1729 tibus
1244 1697 1398 1729 ecclesias
1423 1697 1593 1730 domorum
1626 1697 1704 1730 dicti
1732 1696 1868 1737 Ordinis,

1137 1755 1168 1782 et
1194 1761 1306 1782 manus
1337 1750 1579 1793 porrigentibus
1611 1750 1785 1783 adiutrices
1810 1750 1869 1793 (ex

1136 1804 1261 1836 indulto
1293 1802 1441 1846 Gregorii
1470 1803 1536 1835 XIII
1561 1803 1757 1846 quinquies,
1785 1804 1870 1846 etc.)

1136 1866 1306 1889 concessas
1332 1856 1443 1899 (Iulius
1468 1855 1504 1896 II,
1524 1855 1563 1888 Ec
1586 1856 1616 1888 si
1639 1855 1757 1896 cuncti,
1776 1854 1871 1888 nonis

1135 1909 1204 1942 iulii
1228 1918 1319 1949 novi,
1338 1918 1422 1940 anno
1447 1909 1510 1951 111).

1178 1961 1210 1995 3ο
1233 1961 1266 1993 In
1291 1961 1385 1994 Festo
1410 1960 1660 2003 Assumptionis,
1682 1959 1869 2001 Nativitatis,
1927 1967 1984 1989 Mitto
1999 1974 2065 1989 anno.

1136 2013 1402 2046 Annunciationis
1428 2019 1460 2046 et
1484 2012 1721 2045 Purificationis
1745 2013 1780 2045 B.
1808 2013 1870 2045 Ma·
1881 1995 2065 2046 iffl'areigss‘issiffi

1881 2053 1900 2066 in
1921 2047 1979 2067 festis
2003 2050 2023 2067 et
2039 2053 2060 2067 o-

1113 2066 1218 2107 riae,
1245 2076 1369 2098 necnon
1395 2076 1455 2108 per
1479 2070 1607 2098 octavas
1629 2064 1808 2097 Nativitatis
1839 2070 1946 2101 etctavis,
1969 2073 2003 2094 hic
2031 2079 2065 2094 ex-

1135 2118 1371 2162 Assumptionis
1406 2119 1552 2151 eiusdem
1582 2119 1698 2151 Beatae
1728 2105 1965 2159 Mariae,¹’‘⁰⁵⁵¹⁵'

1134 2172 1310 2215 praedictis
1335 2171 1550 2204 confratribus
1575 2182 1649 2204 vere
1672 2170 1871 2214 poenitenti-

1134 2225 1192 2257 bus
1225 2230 1257 2257 et
1285 2224 1466 2265 confessis,
1493 2229 1587 2266 atque
1617 2234 1731 2256 manus
1762 2223 1870 2267 porri-

1135 2277 1284 2320 gentibus
1318 2276 1492 2309 adiutrices
1530 2278 1586 2319 (ex
1628 2276 1752 2309 indulto
1785 2275 1870 2309 Gre—

1134 2329 1216 2371 gorii
1242 2329 1307 2362 XIII
1326 2329 1508 2372 quinquies,
1527 2329 1610 2372 etc),
1637 2339 1763 2361 necnon
1781 2328 1871 2361 Ordi—

1134 2381 1183 2413 nis
1216 2381 1368 2414 ecclesias
1403 2387 1434 2414 et
1469 2382 1649 2425 cappellam
1685 2386 1739 2413 aut
1769 2381 1869 2413 altare

1134 2433 1408 2466 confraternitatis
1426 2434 1591 2466 annuatim
1614 2434 1725 2466 devote
1743 2432 1870 2465 visitan-

1136 2485 1229 2525 tibus,
1253 2486 1341 2518 mille
1367 2485 1441 2518 anni
1467 2490 1499 2517 et
1523 2486 1657 2518 totidem
1690 2485 1869 2528 quadrage-

1134 2549 1194 2571 nae
1218 2538 1472 2572 misericorditer
1488 2539 1673 2571 relaxantur
1698 2537 1868 2580 (Innocen-

1135 2592 1196 2625 tius
1222 2591 1270 2632 IV,
1300 2591 1473 2633 Quoniam,
1491 2597 1526 2623 ut
1549 2592 1672 2635 supra).
