2279 3260
479 252 520 287 ⁶2⁸
1018 252 1197 288 ‘in-Lumen
1223 256 1373 287 nomnen
1757 299 1760 301 Ι
1960 260 2008 287 Αη.
2025 252 2054 288 C.
2076 254 2145 288 iu'zo

438 311 469 344 in
490 312 535 344 eis
552 317 701 345 contenta
715 319 935 355 quaecumque
961 313 1018 344 sub
1044 312 1170 354 quibus·
1214 311 1383 343 contrariis
1401 321 1604 353 nequaquam
1624 310 1834 349 obstantibus,
1847 315 1948 351 motu,

438 366 483 397 ris
501 365 770 405 revocationibus,
790 366 1065 409 suspensionibus,
1090 365 1172 397 limi·
1214 363 1349 395 seientia
1375 369 1405 395 et
1425 363 1615 395 auctoritate
1641 363 1799 396 similibus
1818 364 1856 396 de
1882 373 1952 406 spe-

436 418 623 458 tationibus,
648 418 950 457 modificationibus,
978 417 1115 451 decretis
1141 421 1172 448 et
1192 446 1194 474 Ι
1214 416 1284 448 ciali
1300 415 1402 456 gratia
1416 415 1638 457 indulgemus;
1655 416 1765 458 sicque
1787 426 1844 459 per
1860 426 1953 459 quos-

435 471 719 504 constitutionibus
733 471 920 514 apostolicis
937 470 1088 503 similium
1105 480 1171 511 gra-
1192 477 1194 500 t
1215 477 1349 510 eumque
1387 467 1521 505 imit-vs,
1549 467 1644 499 etiam
1682 467 1921 501 commissarios
1944 494 1951 508 ‚

435 523 550 556 tiarum
583 524 800 563 revocatoriis,
825 524 875 555 vel
901 533 983 565 quac
1009 532 1062 554 eas
1088 521 1171 553 linii-
1191 549 1195 569 ί
1215 519 1324 561 quavis
1351 519 1541 551 attexui-inite
1565 520 1742 561 l'iixigentes,
1761 520 1887 553 sublata
1906 520 1952 552 eis

435 580 542 608 tarent
565 585 620 607 seu
646 575 905 613 moderarentur,
937 584 1019 616 quae
1045 584 1062 605 a
1080 572 1171 605 nobis
1214 577 1372 604 eteorum
1398 571 1531 604 cuilibet
1547 572 1578 604 in
1605 572 1716 615 quavis
1738 575 1832 605 causa
1857 572 1952 605 aliter

435 633 468 659 et
491 638 509 659 a
533 627 616 659 dicta
640 626 721 659 Sede
748 631 779 658 et
803 637 861 669 pro
885 631 1051 668 tempore,
1076 630 1108 656 et
1131 624 1169 656 de
1191 640 1192 675 ᾗ
1214 624 1375 656 iudicandi
1408 629 1440 655 et
1465 624 1701 667 interlretandi
1734 625 1885 658 facultate
1919 630 1952 657 et

437 679 604 722 quibusvis
636 679 739 711 causis
777 678 872 711 etiam
908 676 1144 719 urgentissimis
1161 703 1168 716 ,
1191 682 1192 692 ¹
1213 677 1414 716 auctoritate,
1441 676 1574 709 iudicari
1603 682 1635 709 et
1658 677 1785 710 definiri
1814 678 1947 717 debere,

437 731 533 764 etiam
558 732 590 764 in
617 732 756 764 savorem
782 730 870 763 Fidei
889 735 921 762 et
941 729 1039 762 divini
1065 730 1171 761 cultus
1213 729 1413 772 irritumque,
1439 735 1517 769 cte,
1544 729 1709 762 attentari.

438 790 666 826 augmentum,
692 783 786 815 etiam
823 781 1091 815 consistorialiter
1121 782 1170 813 vel
1256 782 1271 823 ξ
1301 781 1348 813 19..
1369 782 1405 813 Et
1431 781 1562 824 insuper
1578 781 1754 814 venerabili
1779 782 1869 814 fratri
1891 793 2144 840 no‘i‚¹1⁷‘.{}.'⁰‘¹'fl''*⁷.‘{¹{

439 838 516 869 alias
543 836 651 879 quavis
676 834 866 868 auctoritate
893 834 1049 866 hactenus
1073 834 1121 866 rel
1139 833 1170 865 in
1214 839 1280 865 stro
1313 834 1485 866 Francisco
1515 833 1649 866 Ostiensi
1683 840 1714 867 et
1736 828 2144 867 Veliternenss»munierumm

436 895 600 932 posterum
626 888 855 926 emanaverint,
873 887 1004 919 minime
1025 897 1171 929 compre·
1214 886 1370 918 cardinali
1385 886 1563 919 Barberino
1595 892 1779 930 nuncupato
1806 887 1950 919 eiusdem

246 264 294 289 An.
315 261 343 288 C.
360 263 434 289 'lb'io

262 1216 425 1241 (ἶοηιρι-Ρῇυιιεὶο

244 1245 386 1267 procuratoris
406 1249 425 1263 iu

244 1270 368 1294 privilegiu.

437 943 572 974 bensum
588 942 636 973 vel
652 941 905 983 comprehensas
919 950 997 978 esse,
1009 939 1075 978 sed,
1092 950 1171 981 quo-

435 995 495 1027 ties
520 995 592 1027 illae
617 994 819 1033 emanabunt,
847 993 940 1025 toties
964 1003 1035 1025 eum
1061 997 1093 1025 et
1118 1003 1170 1024 eas

436 1047 469 1079 in
493 1047 663 1090 pristinum
689 1051 807 1078 statum
832 1046 1024 1085 restitutum,
1050 1044 1170 1087 reposi-

438 1104 502 1132 tum
529 1104 560 1132 et
584 1099 825 1141 reintegratum,
846 1109 900 1130 seu
926 1097 1096 1136 restitutas,
1121 1107 1171 1129 re-

437 1153 555 1194 positas
580 1157 611 1185 et
634 1152 847 1194 reintegratas
872 1161 940 1183 esse
966 1149 1102 1182 censeri.

481 1206 495 1248 ξ
520 1205 572 1237 11.
599 1204 636 1236 Et
660 1204 802 1247 insuper,
827 1214 899 1236 eum
925 1204 1063 1236 dilectus
1087 1202 1170 1235 lilius

437 1258 534 1291 abbas
558 1258 692 1291 Ioannes
718 1258 756 1290 de
781 1256 1082 1299 Spinosa,vicai·ius
1108 1256 1171 1288 ele-

438 1311 520 1343 ricus
539 1310 711 1343 Toletanae
731 1320 787 1342 seu
805 1309 937 1342 alterius
962 1309 1099 1341 civitatis
1119 1309 1169 1341 vel

437 1363 602 1403 dioecesis,
629 1368 791 1405 tamquam
816 1361 975 1394 dictorum
1000 1361 1171 1394 conclavis-

437 1421 540 1448 tarum
554 1420 756 1458 procurator,
772 1414 804 1446 in
821 1414 1009 1457 praemissis
1025 1415 1170 1447 sedulam

435 1479 494 1512 pro
520 1469 565 1501 eis
589 1478 721 1511 operam
742 1467 913 1507 navaverit,
932 1472 1113 1510 propterea,
1139 1472 1169 1499 et

436 1521 573 1554 aliorum
593 1520 782 1553 meritorum
801 1530 932 1553 suorum
951 1525 983 1552 et
1000 1519 1172 1562 obsequio-

436 1584 506 1606 rum
531 1572 624 1605 nobis
655 1577 687 1605 et
718 1572 820 1605 dictae
851 1572 925 1605 Sedi
951 1572 1170 1615 impensorum

1213 939 1243 971 S.
1276 939 1311 971 n.
1345 939 1379 971 E.
1404 939 1670 972 vicecancellario
1707 946 1738 972 et
1769 940 1949 973 litterarum

1213 991 1466 1034 apostolicarum
1491 992 1689 1031 summatori,
1714 1003 1841 1025 necnon
1873 992 1951 1025 dile-

1214 1044 1272 1075 ctis
1293 1043 1366 1076 filiis
1391 1045 1578 1077 secretariis
1604 1045 1803 1088 apostolicis,
1829 1045 1951 1088 praesi-

1215 1096 1303 1129 denti
1340 1097 1481 1139 plumbi,
1507 1098 1643 1140 aliisque
1670 1098 1883 1138 officialibus,
1909 1098 1949 1130 ad

1214 1160 1293 1192 quos
1318 1150 1500 1182 litterarum
1536 1150 1775 1193 praedictarum
1808 1152 1951 1193 desuper

1213 1202 1487 1235 conficiendarum
1513 1203 1676 1246 expeditio
1710 1214 1769 1246 per
1798 1204 1879 1236 riam
1903 1214 1952 1235 sc-

1213 1260 1331 1287 cretam
1351 1257 1597 1298 quomodolibet
1614 1261 1739 1299 spectat
1753 1261 1783 1288 et
1799 1256 1949 1299 pertinet,

1213 1308 1271 1340 sub
1297 1310 1402 1350 poena
1428 1308 1663 1351 indignationis
1689 1315 1830 1349 nostrae,
1861 1314 1951 1341 motu

1213 1360 1329 1400 simili,
1364 1365 1395 1393 et
1419 1372 1456 1394 ex
1483 1363 1567 1394 certa
1593 1361 1726 1394 scientia
1750 1372 1784 1394 ac
1812 1362 1849 1394 de
1875 1372 1952 1404 apo-

1213 1414 1344 1446 stolicae
1375 1414 1542 1456 potestatis
1574 1414 1773 1457 plenitudine
1807 1414 1949 1457 paribus,

1214 1467 1308 1499 etiam
1335 1467 1523 1499 mandamus
1548 1474 1583 1499 ut
1610 1468 1793 1510 praedictas
1827 1467 1950 1500 litteras

1214 1530 1310 1563 super
1333 1520 1520 1562 praemissis
1547 1520 1698 1553 omnibus
1730 1526 1762 1553 et
1790 1521 1925 1563 singulis
1942 1548 1949 1559 ,

1216 1578 1277 1605 tam
1309 1572 1505 1605 coniunctim
1540 1584 1634 1616 quam
1666 1574 1860 1616 separatim,
1892 1584 1950 1616 pro

431 1625 573 1667 intuitu,
600 1626 746 1657 volentes
775 1624 877 1668 ipsum
909 1624 1102 1667 specialibus
1127 1625 1171 1656 sa·
1191 1648 1194 1673 ¹
1214 1625 1367 1667 singulis,
1394 1625 1510 1669 quibus
1543 1636 1717 1658 concessae
1752 1627 1890 1666 suerunt,
1916 1636 1951 1658 ac

430 1673 564 1724 [roribus
579 1683 610 1710 et
627 1677 736 1720 gratiis
751 1677 916 1720 prosequi,
930 1677 1035 1709 eidem
1049 1677 1171 1717 Ioanni,
1190 1678 1195 1701 t
1214 1679 1349 1711 seorsim
1382 1684 1413 1711 et
1437 1679 1622 1722 separatim,
1649 1690 1720 1712 cuin
1748 1679 1896 1712 omnibus
1921 1685 1952 1711 et

435 1730 512 1764 licet
534 1731 603 1774 ipse
629 1730 661 1762 in
685 1731 828 1763 conclavi
853 1730 1018 1773 praedicto
1043 1740 1109 1763 non
1129 1730 1171 1762 in-

439 1783 627 1823 tervenerit,
647 1783 861 1816 nihilominus
886 1783 1036 1815 omnibus
1063 1783 1172 1816 etsin-

434 1836 521 1878 ‘gulis
545 1836 739 1878 supradictis
765 1836 885 1879 gratiis,
911 1836 1103 1879 privilegiis,
1129 1837 1173 1868 sa-

437 1889 620 1929 cultatibus,
647 1889 915 1930 immunitatibus,
943 1889 1169 1930 libertatibus,

438 1942 630 1982 bonoribus,
640 1943 882 1986 praerogativis,
896 1944 1170 1987 praeeminentiis,

437 1995 578 2036 indultis,
594 1997 863 2039 exemptionibus,
882 1997 1064 2040 ceterisque
1078 2008 1171 2041 prae-

437 2048 543 2086 missis
560 2049 637 2090 (non
656 2054 762 2081 tamen
776 2050 1171 2094 quoadparticipationem

437 2101 688 2134 decemmillium
713 2108 876 2135 scutorum
902 2103 969 2136 auri
988 2104 1171 2137 huiusmodi

437 2165 495 2197 per
511 2165 579 2194 nos,
598 2159 633 2186 ut
649 2166 755 2198 supra,
771 2156 878 2188 dictis¹
896 2157 1099 2189 conclavistis
1118 2158 1172 2190 do·
1192 2182 1195 2188 ,

438 2212 597 2248 natorum,
617 2212 648 2240 et
672 2207 757 2241 inter
782 2219 838 2241 eos
854 2214 890 2241 ut
908 2210 1089 2252 praefertur
1113 2210 1171 2243 dis-

439 2259 631 2292 tributorum
661 2270 716 2292 seu
749 2261 1066 2305 distribuendorum)
1094 2268 1173 2295 tam-

440 2322 534 2354 quam
563 2312 758 2345 conclavista
793 2314 855 2345 frui
892 2319 923 2346 et
958 2314 1099 2356 gaudere
1137 2315 1174 2347 li-

439 2364 515 2396 ber-¹.
541 2370 572 2396 et
596 2364 682 2398 licite
707 2366 809 2409 possit
839 2371 871 2399 et
895 2367 1008 2407 valeat,
1038 2367 1172 2410 perinde

441 2427 475 2446 μετ
493 2417 517 2449 si
543 2418 686 2450 conclavi
705 2418 887 2451 huiusmodi
905 2430 976 2451 vere
997 2424 1029 2451 et
1045 2420 1175 2452 realiter

440 2469 656 2511 interfuisset,
683 2471 967 2504 constitutionibus
992 2477 1023 2503 et
1046 2473 1174 2505 ordina-

441 2521 600 2563 tionibus,
626 2523 805 2566 eeterisque
832 2524 1034 2567 supradictis,
1049 2532 1077 2557 et
1103 2526 1174 2558 aliis

479 2594 487 2618 1
513 2592 578 2620 Male
593 2593 637 2620 ed.
653 2593 732 2620 nain.
749 2594 877 2629 legitper
891 2602 940 2622 nos
958 2598 985 2622 ut
1000 2596 1176 2630 supradiclis

440 2637 479 2671 (n.
496 2636 545 2671 T.).

1215 1731 1473 1774 quibuscumque
1499 1732 1781 1774 derogationibus,
1815 1732 1952 1764 decretis

1215 1789 1246 1817 et
1263 1784 1415 1817 clausulis
1434 1784 1465 1816 in
1484 1784 1530 1816 cis
1548 1785 1722 1824 concessis,
1738 1785 1836 1827 gratis
1857 1785 1951 1817 etiam

1215 1837 1320 1880 quoad
1345 1837 1614 1880 compositionem
1634 1838 1667 1869 in
1693 1838 1815 1870 daturi-:i
1841 1839 1951 1869 nostra

1216 1896 1247 1923 et
1270 1900 1330 1933 per
1353 1890 1500 1922 eamdem
1533 1890 1616 1922 riam
1649 1897 1804 1923 secretam
1828 1890 1951 1933 absque

1215 1942 1277 1975 alio
1302 1943 1453 1974 mandato
1480 1943 1653 1985 expediant
1678 1948 1707 1975 et
1733 1942 1877 1985 expediri
1908 1942 1953 1974 sa-

1215 1996 1310 2028 ciant.
1338 1995 1473 2038 Insuper
1493 1995 1602 2028 omnia
1619 2001 1649 2027 et
1673 1995 1800 2038 singula
1824 1994 1953 2038 privile-

1216 2048 1276 2091 gia,
1295 2048 1413 2091 gratias
1431 2054 1462 2081 et
1479 2048 1720 2088 concessiones,
1742 2048 1862 2081 eisdem
1880 2058 1954 2081 con-

1216 2102 1356 2134 elavistis
1392 2106 1424 2134 et
1455 2111 1567 2134 eorum
1599 2102 1731 2134 cuilibet
1767 2112 1784 2134 a
1819 2101 1954 2134 diversis

1216 2155 1351 2186 summis
1366 2154 1575 2187 Pontificibus
1587 2153 1890 2197 praedecessoribus
1901 2163 1953 2185 no-

1217 2206 1290 2238 stris
1316 2206 1487 2249 bucusque
1506 2217 1676 2246 concessa,
1699 2212 1796 2246 motu,
1818 2205 1953 2239 scientia

1217 2265 1246 2291 et
1272 2259 1439 2302 potestatis
1464 2259 1668 2301 plenitudine
1693 2258 1851 2290 similibus
1876 2268 1954 2290 con-

1218 2312 1377 2344 firmanius
1395 2317 1425 2343 et
1444 2311 1672 2354 approbamus,
1692 2321 1727 2342 ac
1753 2310 1791 2343 de
1817 2321 1899 2343 novo
1917 2309 1954 2343 li-

1195 2362 1197 2384 *
1217 2365 1419 2397 bernlissime
1445 2364 1664 2397 concedimus.

1262 2420 1276 2461 g
1300 2418 1352 2451 113.
1379 2417 1448 2450 'Non
1469 2417 1672 2450 obstantibus
1697 2416 1892 2460 praemissis,
1918 2428 1955 2449 ae

1220 2473 1257 2504 o'e
1276 2478 1361 2503 certo
1380 2471 1567 2503 eorumdem
1590 2470 1788 2503 notariorum
1804 2480 1954 2510 numero,

1219 2524 1343 2557 etiamsi
1367 2524 1406 2556 ad
1432 2524 1522 2555 illuni
1548 2534 1611 2555 non
1637 2523 1679 2555 sit
1703 2523 1893 2563 deventum,
1921 2534 1957 2555 ac

1220 2580 1330 2610 nostrii
1348 2583 1378 2609 et
1395 2576 1605 2609 cancellariae
1629 2576 1824 2620 apostolicae
1846 2577 1958 2618 regula

1221 2632 1258 2665 de
1284 2630 1476 2675 praestando
1502 2639 1661 2663 consensu
1680 2629 1710 2662 in
1733 2628 1956 2674 pensionibus,

2034 2423 2149 2448 Dei-mutio

1967 2453 2127 2472 cunstat-iorum.
