2279 3260
208 233 258 259 Λη.
277 232 306 259 (ἶ.
329 233 391 259 1671

235 553 324 574 Vincula
336 555 390 579 prio-

209 586 232 601 ra
247 581 363 606 suqoemtn.

254 2549 332 2569 Montis
349 2555 402 2568 ‹uni-

220 2581 273 2596 matti
311 2582 400 2595 ιΊΠΙΙυΆΠ]

220 2602 296 2631 litteral.
310 2607 322 2622 a
335 2602 401 2628 queli-

441 223 505 257 Ωἴιὶ).

983 235 1161 259 ΠΙῚ,ΙΑΠ1Ι’Μ
1185 235 1202 257 Π
1208 234 1249 258 ott
1258 235 1337 258 tNt'tt

1922 230 1969 256 Αη.
1986 230 2014 256 Γ..
2037 230 2099 257 ΗῖῊ

399 281 502 313 tinere
527 283 683 325 volumus,
711 283 935 324 decernimus,
962 289 1055 325 atque
1082 283 1135 314 de·
1177 282 1260 313 dicto
1286 281 1395 321 Monti‚
1415 281 1566 324 illiusque
1590 279 1759 318 montistis,
1783 278 1958 321 dOPOSl-bet
1999 293 2105 313 fideicom-

398 335 565 376 claramns,
593 341 656 369 tam
684 337 713 369 in
739 338 880 370 savorem
913 336 987 369 dicti
1020 334 1134 367 Montis

398 393 430 419 et
454 388 539 421 illins
565 389 746 422 futurorum
759 390 964 426 creditorum,
981 398 1076 430 quam
1093 387 1133 419 di-

399 441 441 472 cti
468 441 656 483 depositarii
675 443 760 475 dicto
786 448 933 485 tempore
948 445 976 473 ct
1000 439 1132 472 aliorum

402 493 661 535 obligandorum.
1154 500 1157 516 ¹

445 546 460 587 ἓ
484 545 537 578 13.
565 546 611 583 Et,
633 547 658 578 si
696 557 794 589 snper
825 545 918 578 dictis
944 544 1072 577 civitate
1104 537 1158 622 et,

400 604 515 637 castro,
542 609 598 631 seu
625 610 735 631 eorum
753 598 871 641 aliquo,
887 607 945 640 per
968 606 1136 639 quoscum-

403 661 463 693 que
490 651 676 683 eorumdem
698 651 735 682 dc
755 650 877 682 L'rsinis
899 654 1133 686 antecessores,

403 703 614 735 ascendentes
639 714 695 735 seu
721 702 931 741 collaterales,
956 701 1004 733 vel
1023 700 1137 743 quovis

404 756 499 787 niodo
514 761 661 787 auctores
679 760 709 787 et
730 755 960 786 transversales
985 758 1016 785 et
1040 757 1138 785 extra-

405 818 493 845 neos,
520 807 652 849 quodvis
679 806 982 845 fideicommissum,
1009 810 1137 848 pactum

406 861 443 891 sle
470 861 682 897 succedendo,
708 859 977 902 primogenitura,
1004 858 1139 890 maiora-

405 918 465 949 tus,
485 911 730 943 substitutiones
756 917 786 943 et
811 911 940 953 quaevis
966 910 1046 943 aliae
1064 920 1140 942 con-

405 964 554 1004 ditiones,
569 964 809 1007 dispositiones,
822 974 878 996 seu
893 963 1054 996 alienandi
1069 973 1140 1005 pro-

405 1017 591 1056 hibitiones,
619 1017 675 1049 sub
706 1016 871 1059 quibusvis
891 1016 1037 1058 legibus,
1064 1021 1154 1048 con-'

405 1069 608 1102 ventionibus
642 1073 672 1102 et
707 1069 1010 1111 prohibitionibus,
1045 1068 1140 1100 etiam

406 1123 608 1164 quantumvis
642 1122 832 1165 poenalibus
871 1127 903 1154 et
936 1120 1140 1163 gravissimis,

407 1175 502 1206 etiam
529 1185 565 1206 ex
592 1180 684 1217 pacto
703 1179 735 1206 et
759 1174 958 1217 providentia
983 1184 1041 1216 pro
1067 1183 1143 1205 con-

406 1226 587 1259 servatione
612 1227 751 1259 familiae
777 1227 955 1268 agnationis
980 1232 1011 1259 et
1034 1227 1067 1258 in
1092 1226 1144 1257 sa-

405 1290 516 1312 vorem
528 1279 703 1312 liberorum
714 1279 991 1319 descendentium,
1001 1289 1037 1311 ac
1048 1279 1143 1311 etiam

407 1343 465 1374 pro
492 1333 574 1371 dote,
602 1343 657 1364 seu
678 1332 757 1364 alias
783 1332 1029 1375 quomodolibet
1053 1332 1143 1371 sacta,

407 1384 556 1427 apposita
588 1389 619 1416 et
651 1384 781 1416 inducta
814 1384 936 1416 suerint
960 1389 992 1416 et
1015 1384 1088 1423 sint,
1114 1388 1145 1415 et

407 1442 471 1469 tarn
496 1436 664 1479 purificata
689 1447 783 1479 quam
810 1436 1021 1479 purificanda,
1036 1436 1075 1468 ad
1100 1436 1144 1468 sa-

407 1499 517 1521 vorem
544 1489 732 1531 quorumvis
759 1494 822 1521 tani
848 1489 886 1521 de
913 1488 1031 1521 familia
1049 1489 1145 1521 dicta-

408 1552 478 1574 rum
505 1543 542 1574 de
565 1541 690 1574 Ursinis
712 1552 806 1584 quam
832 1542 977 1582 aliorum,
995 1553 1032 1574 ac
1047 1542 1143 1574 etiam

408 1594 629 1633 ecclesiarum,
646 1599 675 1626 et
698 1605 980 1637 quorumcumque
998 1595 1144 1627 locorum

408 1647 546 1689 piorum,
563 1652 594 1679 et
617 1657 829 1690 personarum
855 1647 1060 1690 quantumvis
1078 1647 1145 1690 pia-

408 1699 791 1742 rum,privilegiatarum,
817 1710 852 1731 ac
878 1699 1011 1742 speciali
1037 1710 1072 1732 ac
1099 1700 1144 1732 in-

409 1751 538 1783 dividua
552 1752 763 1794 expressione
779 1752 959 1794 dignarum,
970 1753 1146 1796 quomodo-

410 1814 545 1846 cumque
564 1809 594 1837 et
613 1805 904 1847 qualitercumque,
931 1816 1066 1847 quorum
1083 1816 1146 1838 om-

410 1856 496 1888 nium
530 1862 561 1889 et
594 1857 794 1899 singulorum
828 1868 945 1898 veros,
979 1858 1143 1901 integros,

410 1914 559 1952 totosque
584 1915 713 1942 tenores
739 1911 789 1942 hic
806 1921 865 1953 pro
885 1911 980 1953 plene
1006 1916 1038 1943 et
1062 1911 1147 1943 suffi-

411 1962 535 1994 cienter
560 1962 722 2004 expressis
750 1973 784 1994 ac
809 1963 939 1995 insertis
965 1964 1077 1996 haberi
1094 1975 1145 1996 vo-

411 2015 524 2053 lumus,
550 2014 670 2056 illaque
697 2015 820 2054 omnia,
848 2016 934 2048 dicto
959 2016 1064 2049 Monte
1090 2017 1146 2048 du-

411 2066 559 2106 rante,in
585 2067 724 2099 savorem
750 2067 851 2110 ipsius
875 2068 989 2100 Montis
1010 2075 1041 2101 et
1060 2070 1145 2102 illius

412 2119 612 2161 depositarii,
626 2119 849 2153 montistarum
866 2126 897 2153 et
909 2121 1042 2154 aliorum
1056 2133 1146 2165 prae-

412 2172 570 2204 dictorum
581 2172 817 2214 suspendimus,
831 2174 1002 2217 locumque
1014 2175 1144 2207 minime
1166 2182 1168 2203 l

413 2224 554 2264 habere,
580 2224 795 2268 etl'ectumque
827 2226 936 2258 sortiri
960 2237 1025 2259 non
1050 2238 1145 2270 posse
1166 2214 1168 2231 ἲ

413 2278 561 2309 volumus
591 2282 684 2320 atque
707 2278 923 2319 decernimus,
941 2281 1085 2323 quamvis
1105 2282 1147 2313 di-
1166 2277 1168 2308 l

412 2335 461 2362 cta
487 2330 736 2363 tldeiconnnissa
761 2337 792 2364 et
816 2332 878 2364 alia
900 2338 935 2364 ut
962 2344 1058 2376 supra
1076 2345 1147 2367 cum

411 2383 601 2416 inventarns
618 2384 682 2416 sint
698 2385 812 2427 posita,
836 2386 1005 2428 registrata
1026 2393 1055 2419 et
1073 2398 1147 2430 pro-

411 2436 505 2468 ducta
521 2439 549 2468 in
566 2437 708 2470 archivio
733 2438 819 2470 iuxta
837 2439 969 2472 sormam
995 2441 1147 2474 constitu-

413 2489 510 2522 tionis
540 2489 656 2523 Urbani
673 2491 736 2523 vtll
753 2493 1013 2534 praedecessoris
1028 2495 1144 2527 nostri.

457 2544 471 2585 g
492 2542 545 2574 14.
564 2542 696 2575 Necnon
730 2554 866 2577 annuam
886 2556 1040 2579 summan]
1058 2558 1148 2589 prae-

415 2597 526 2637 fatam,
557 2602 592 2628 ut
615 2597 807 2641 praefertur,
826 2598 1098 2641 dismemlnatam,
1118 2606 1147 2633 et
1168 2595 1169 2633 l

1178 333 1265 365 tariis
1291 339 1322 366 et
1345 333 1572 374 creditoribus,
1587 334 1702 366 eodem
1728 332 1833 364 Monte
1855 331 1912 364 du-

1177 390 1276 424 rante,
1295 396 1311 417 a
1332 386 1423 418 dictis
1436 385 1692 419 fideicommissis
1704 390 1735 417 et
1752 383 1852 427 pactis
1871 383 1910 415 de

1178 438 1390 477 succedendo,
1416 438 1646 478 maioratibus,
1673 435 1912 470 substitutioni-

1923 320 1991 342 misso.
1999 322 2061 346 pacto
2073 318 2105 340 vel

1923 346 2048 372 hypotheca.

1178 489 1252 528 bus,
1279 489 1443 521 alienandi
1468 489 1759 532 prohibitionibus,
1785 487 1932 520 caduci-r

1179 541 1317 581 tatibus,
1343 541 1623 581 devolutionibus‚
1649 540 1883 585 privationibus
1904 566 1911 579 ,

1179 602 1305 625 necnon
1342 593 1437 625 ctiam
1472 594 1634 636 prioribus
1670 599 1702 626 et
1733 592 1912 636 potioribus

1179 645 1381 686 quantumvis
1398 645 1604 688 privilegiatis
1623 646 1823 688 hypothecis,
1837 644 1913 677 obli-

1180 697 1374 737 gationibus,
1399 698 1534 740 aliisque
1561 698 1837 743 dispositionibus,
1856 707 1913 729 ne-

1182 749 1283 790 xibus,
1300 750 1436 783 vinculis
1457 756 1488 783 et
1505 751 1660 783 oneribus
1678 761 1715 783 ex
1736 751 1843 793 qnavis
1861 749 1913 792 pia

1182 807 1213 834 et
1237 802 1443 845 privilegiata
1467 805 1562 835 causa
1585 813 1644 845 per
1668 803 1768 835 dictos
1794 803 1832 835 de
1856 802 1915 834 Ur-

1182 855 1269 895 sinis,
1285 860 1316 887 et
1341 865 1563 898 quoscumque
1582 855 1661 888 alios
1678 859 1837 895 auctores,
1860 865 1916 887 seu

1183 907 1262 939 alios
1288 908 1416 950 quosvis
1441 907 1535 940 etiam
1560 913 1730 940 extraneos
1750 912 1786 939 ut
1809 917 1915 949 supra,

1183 964 1214 991 et
1238 959 1334 992 alios¹
1361 960 1607 1002 quomodolibet
1622 958 1725 1000 sactis,
1746 959 1917 1002 impositis,

1184 1011 1352 1051 induciis‘2,
1375 1013 1489 1055 quibus
1514 1012 1622 1045 civitas
1648 1023 1683 1045 ac
1701 1018 1804 1045 castra
1827 1022 1921 1054 prae-

1184 1063 1266 1096 dicta
1295 1075 1473 1107 eorumque
1499 1065 1644 1097 membra
1661 1070 1691 1097 et
1707 1064 1919 1107 pertinentiae

1185 1118 1432 1159 quomodolibet
1448 1118 1593 1150 subiecta
1619 1123 1694 1150 sunt
1711 1122 1743 1149 et
1767 1127 1837 1149 esse
1856 1116 1919 1149 dici

1186 1170 1234 1201 vel
1262 1170 1432 1212 praetendi
1465 1176 1608 1212 possunt,
1627 1170 1755 1212 penitus
1785 1169 1918 1203 omnino

1186 1222 1355 1253 eximimus
1380 1227 1411 1254 et
1435 1222 1625 1254 liberamus.

1230 1274 1244 1315 g
1261 1274 1313 1306 15.
1333 1274 1369 1306 Et
1387 1285 1607 1317 quoscumque
1627 1274 1802 1307 creditores
1821 1273 1921 1306 dicto-

1187 1336 1255 1358 rum
1281 1327 1318 1359 de
1344 1326 1476 1367 Ursinis,
1497 1338 1674 1370 eorumque
1700 1332 1874 1367 auctorum,
1890 1333 1923 1359 et

1187 1379 1332 1419 aliorum,
1347 1386 1381 1412 ut
1395 1391 1501 1423 supra,
1518 1386 1812 1423 quantumcumque
1829 1380 1922 1422 privi-

1188 1433 1345 1474 legiatos,
1372 1433 1467 1465 etiam
1491 1433 1616 1476 priores
1641 1439 1673 1466 et
1696 1433 1860 1476 potiores,
1886 1443 1922 1465 ac

1188 1486 1316 1528 praevio
1340 1496 1479 1526 assensu,
1506 1486 1711 1529 beneplacito
1736 1491 1768 1518 et
1792 1486 1922 1528 deroga-

1188 1539 1331 1571 tionibus
1362 1539 1520 1571 dictorum
1544 1539 1865 1572 fideicommissorum
1890 1544 1922 1571 et

1188 1591 1324 1622 aliorum
1348 1591 1615 1634 supradictorum,
1643 1596 1674 1623 et
1698 1597 1761 1623 tam
1787 1601 1805 1623 a
1828 1591 1922 1623 nobis

1189 1654 1283 1686 quarn
1302 1654 1318 1675 a
1332 1643 1449 1676 nostris
1463 1643 1768 1686 praedecessoribus
1785 1642 1921 1675 emanati

1188 1697 1214 1728 si
1240 1696 1294 1738 qui
1320 1697 1383 1728 sint
1407 1698 1457 1729 vel
1483 1697 1612 1736 suerint,
1631 1702 1692 1728 tam
1710 1696 1822 1738 vigore
1841 1695 1922 1728 obli-

1189 1749 1327 1791 gationis
1352 1750 1385 1781 in
1404 1750 1506 1782 forma
1523 1759 1669 1782 camerae
1693 1755 1823 1781 nostrae
1845 1759 1922 1792 apo-

1188 1802 1329 1841 stolicae,
1355 1803 1406 1834 vel
1431 1802 1509 1834 alias
1534 1802 1592 1834 sub
1613 1802 1724 1844 quavis
1746 1802 1856 1841 forma,
1875 1812 1923 1833 ex-

1188 1855 1358 1897 pressione
1370 1856 1548 1895 verborum,
1562 1865 1634 1886 cum
1647 1865 1711 1887 uno
1719 1855 1768 1887 vel
1779 1854 1922 1897 pluribus

1188 1908 1383 1948 iuramentis,
1399 1913 1429 1940 et
1454 1919 1491 1939 ex
1516 1910 1610 1940 causa
1634 1907 1717 1940 dotis
1744 1912 1775 1939 et
1792 1907 1924 1939 alimen-

1166 1986 1167 1996 ,
1189 1966 1303 2001 torum,
1317 1962 1349 1993 in
1368 1967 1399 1993 et
1415 1971 1512 2003 super
1525 1961 1617 1993 dictis
1633 1960 1757 1992 civitate
1772 1965 1802 1993 et
1818 1965 1922 1992 castro

1188 2024 1287 2057 super
1311 2014 1483 2056 expressis,
1501 2019 1533 2046 et
1549 2013 1645 2045 Monti
1671 2013 1855 2055 assignatis,
1875 2023 1923 2055 ge-

1165 2094 1167 2100 s
1188 2067 1314 2099 nerales
1338 2073 1367 2100 et
1394 2066 1560 2108 speciales,
1592 2066 1701 2098 tacitas
1727 2067 1775 2098 vel
1794 2076 1923 2109 expres-

1189 2130 1238 2152 sas
1252 2119 1465 2161 obligationes
1480 2119 1529 2151 et³
1543 2119 1742 2161 hypothecas
1756 2119 1922 2157 habentes,

1189 2183 1252 2204 non
1278 2183 1385 2215 posse,
1402 2172 1504 2204 donec
1530 2172 1632 2204 dictus
1657 2172 1745 2204 Mons
1771 2171 1920 2211 durabit,

1189 2230 1221 2257 et
1247 2226 1350 2257 donec
1376 2230 1515 2266 sequuta
1539 2224 1635 2256 fuerit
1651 2224 1777 2266 integra
1801 2225 1925 2257 satissa-

1189 2279 1250 2311 ctio
1269 2284 1330 2310 tam
1351 2278 1575 2310 montistarum
1600 2289 1695 2320 quam
1713 2278 1924 2321 depositario-

1189 2343 1259 2365 rum
1277 2343 1335 2375 pro
1350 2338 1504 2374 tempore,
1520 2342 1555 2364 ex
1569 2332 1672 2365 causis
1685 2343 1782 2376 snpra
1795 2342 1924 2375 expres-

1190 2386 1231 2418 sis
1247 2386 1278 2418 in
1297 2391 1327 2418 et
1341 2396 1437 2428 super
1450 2385 1575 2417 civitate
1591 2390 1623 2417 et
1639 2391 1742 2419 castro
1760 2385 1921 2429 praefatis,

1228 2478 1237 2501 1
1262 2475 1360 2502 Forsan
1381 2474 1524 2509 legendum
1545 2475 1619 2502 alitis
1639 2479 1674 2505 (n.
1691 2476 1740 2509 ⁶12).

1225 2520 1240 2545 2
1261 2519 1331 2545 Edit.
1353 2519 1427 2545 Mani.
1453 2519 1532 2545 hahet
1546 2521 1645 2554 factos,
1662 2521 1818 2555 impositos,
1836 2522 1922 2548 indu-

1168 2581 1169 2588 i
1189 2567 1246 2591 ctos
1265 2570 1301 2593 (R.
1317 2566 1365 2595 T.).

1226 2610 1242 2635 3
1261 2609 1398 2636 Coniunct.
1419 2612 1444 2637 et
1464 2617 1511 2637 nos
1531 2609 1652 2638 addimus
1672 2616 1708 2647 tu.
1725 2612 1774 2646 T.).

1956 1289 2069 1310 Montanae
2079 1294 2113 1309 eo-

1932 1317 1987 1336 tems
1998 1315 2114 1335 crodium„

1932 1341 2068 1368 praecedunt.
