2279 3260
496 252 558 286 708
1040 258 1217 283 numannin
1243 257 1393 283 nouantur

539 313 676 348 ternitati
703 323 852 347 concessa
878 314 1066 353 referuntur,
1095 312 1158 344 5152)
1183 323 1201 344 a
1227 315 1257 343 ct
1280 321 1356 354 seq.;
1380 310 1593 354 indulgentias
1618 311 1803 355 praedictas
1821 312 1989 346 confirmat

539 367 684 401 Clemens
716 367 739 399 X
775 372 805 399 et
837 364 1069 408 indulgentiam
1096 364 1271 407 plenariam
1308 362 1562 407 ingredientibus
1600 365 1891 399 confraternitatem
1918 376 1991 399 con-

540 421 636 462 cedit,
664 420 728 453 504
753 421 790 459 I›·,
817 430 874 462 pro
900 419 936 451 iis
961 418 1014 461 qui
1040 428 1104 451 non
1133 422 1268 460 possunt
1297 416 1449 449 interesse
1480 417 1676 459 processioni
1702 418 1804 462 prima
1829 417 1991 451 dominica

541 474 710 511 Adventus,
735 474 925 506 transfertur
950 471 1151 514 indulgentia
1177 469 1318 514 plenaria
1345 469 1382 502 ad
1401 469 1597 503 dominicam
1619 471 1754 515 primam
1782 477 1852 516 post
1876 472 1989 505 festum

540 527 601 559 divi
630 525 811 569 Augustini,
838 524 902 557 505
927 535 957 557 a.

452 580 669 623 Indulgentiae
695 578 803 611 Ordiui
831 578 1075 611 Carmelitarum
1102 587 1272 610 concessae
1298 576 1357 609 snb
1382 588 1479 610 onere
1507 577 1689 621 porrigendi
1722 589 1836 611 manus
1861 578 1992 612 adiutri-

540 645 604 673 ees,
625 638 789 665 revocatae
807 643 824 665 a
841 632 896 664 1³10
917 632 950 671 V,
977 630 1189 663 restituuntur
1208 642 1223 662 a
1243 630 1397 673 Gregorio
1416 631 1494 671 XIII,
1511 637 1553 669 et,
1580 631 1650 664 loeo
1675 631 1892 676 eleemosynas
1910 632 1991 665 elar-

540 687 659 730 giendi‚
687 685 853 718 substituit
878 690 999 727 septem
1014 684 1112 716 Pater
1134 689 1163 716 et
1184 683 1260 721 Are,
1280 684 1326 717 vel
1354 694 1560 726 vesperarum
1580 695 1637 727 pro
1655 684 1813 717 defunctis
1830 685 1990 719 recitatio-

540 750 624 779 nem,
651 740 696 772 vel
730 737 875 771 habitum
901 738 976 771 dicti
1003 737 1132 770 Ordinis
1157 743 1301 780 gestare,
1325 743 1379 770 aut
1408 743 1481 770 ante
1506 736 1558 771 SS.
1586 737 1699 771 Christi
1727 738 1848 782 Corpus
1873 744 1989 772 terram

541 792 690 831 oseulari,
718 791 781 825 40⁶2
808 803 826 824 (ι
852 797 882 825 et
907 791 934 824 b.

453 845 670 889 Indulgentiae
696 845 805 889 plures
832 845 862 877 in
889 845 1029 878 favorem
1056 844 1186 878 Ordinis
1214 844 1459 878 Carmelitarum
1485 850 1704 886 recensentur,
1732 843 1796 878 402
1820 845 1837 877 b
1861 851 1891 878 et
1916 856 1991 888 seqs,

540 899 741 942 indulgentia
768 905 890 942 septem
924 908 1083 931 annorum
1109 903 1140 938 et
1173 898 1307 931 totidem
1336 897 1615 941 quadragenarum
1642 903 1672 930 et
1695 897 1849 931 relaxatio
1882 898 1993 931 tertiae

541 953 642 996 partis
667 958 871 996 pcccatorum
897 952 1097 985 visitantibus
1122 951 1269 984 ccclesias
1294 951 1420 983 Ordinis
1446 951 1687 984 Carmelitarum
1712 950 1743 982 in
1773 951 1867 983 certis
1896 951 1993 989 festis,

541 1006 635 1045 ibitis,
663 1005 859 1048 indulgentia
886 1004 1015 1048 triginta
1041 1015 1195 1037 annorum
1223 1010 1253 1036 et
1280 1003 1412 1037 totidem
1435 1004 1693 1047 qtuiragenarum
1723 1004 1822 1037 dictas
1844 1005 1994 1037 eeclesias

541 1065 655 1104 quater
688 1059 719 1092 in
753 1070 837 1092 anno
875 1059 1099 1099 visitantibus,
1127 1058 1191 1090 403
1221 1069 1258 1097 (Γ,
1291 1058 1489 1100 indulgentia
1516 1057 1731 1101 quadraginta
1764 1057 1888 1091 dierum
1913 1068 1994 1101 quo-

542 1122 680 1157 cumque
704 1113 755 1145 die
780 1113 811 1145 in
838 1112 980 1145 ecclesiis
1004 1111 1081 1145 dieti
1106 1110 1232 1144 Ordinis
1257 1110 1437 1143 dicentibus
1463 1111 1559 1144 semel
1584 1110 1684 1142 Pater
1708 1116 1738 1143 et
1763 1110 1838 1150 Are,
1858 1111 1935 1143 ibid.
1956 1110 1991 1150 b;

543 1165 743 1208 indulgentia
768 1166 863 1198 trium
891 1175 1046 1197 annorum
1072 1169 1102 1196 et
1127 1163 1255 1197 totidem
1282 1164 1556 1206 quadragenarum
1583 1163 1619 1195 iis
1640 1163 1693 1206 qui
1712 1163 1860 1196 Ordinem
1880 1170 1909 1196 et
1932 1163 1992 1196 sra-

543 1225 605 1251 tres
641 1219 824 1251 Carmelitas
857 1218 1006 1251 Ordinem
1039 1223 1070 1250 et
1105 1218 1215 1250 fratres
1248 1217 1279 1248 Β.
1318 1217 1355 1248 Μ.
1381 1216 1416 1248 V.
1449 1216 1488 1248 de
1519 1216 1621 1248 Monte
1655 1216 1798 1248 Carmelo
1836 1216 1989 1256 dixerint,

541 1273 617 1304 ibid.
640 1272 677 1311 b;
696 1272 910 1313 indulgentiae
929 1270 1037 1303 Ordini
1055 1280 1224 1302 concessae
1248 1268 1482 1301 confirmantur
1507 1274 1537 1300 et
1562 1267 1755 1310 ampliantur
1772 1279 1789 1300 a
1810 1268 1938 1301 Nicolao
1954 1268 1991 1309 V,

543 1324 627 1357 Sixto
645 1325 694 1365 IV,
714 1323 777 1357 403
796 1323 810 1355 b
828 1329 859 1356 et
875 1323 940 1355 404
963 1334 1000 1362 α’,
1025 1322 1222 1364 indulgentia
1251 1321 1301 1353 die
1327 1320 1450 1353 sabbati
1478 1326 1549 1364 post
1574 1321 1716 1361 obitum,
1744 1331 1801 1364 pro
1826 1320 1993 1354 animabus

542 1378 739 1421 purgatorii,
766 1388 847 1421 quae
873 1377 919 1409 vel
956 1376 1099 1409 habitum
1126 1374 1255 1408 Ordinis
1279 1379 1444 1416 gestarunt
1470 1375 1515 1406 vel
1541 1373 1811 1407 confraternitatis
1843 1373 1991 1418 scapula-

540 1431 644 1471 rium‚
669 1431 743 1463 ibid.
771 1441 806 1469 a,
840 1429 1054 1473 indulgentiae
1085 1434 1214 1461 centum
1240 1427 1364 1459 dierunt
1390 1427 1428 1458 iis
1455 1426 1508 1470 qui
1535 1426 1611 1459 feria
1632 1426 1743 1469 quinta
1770 1427 1895 1466 missae,
1920 1427 1994 1460 item

540 1489 667 1516 centum
700 1483 739 1516 iis
771 1482 826 1526 qui
860 1480 1087 1525 praedicationi
1113 1482 1143 1514 in
1172 1479 1317 1514 ecclesiis
1349 1480 1424 1512 dicti
1455 1479 1584 1513 Ordinis
1618 1480 1838 1520 interfuerint,
1862 1480 1939 1513 ibid.
1975 1491 1995 1513 α

542 1544 572 1570 et
597 1537 631 1577 ἰν,
662 1536 860 1579 indulgentia
892 1535 1033 1579 plenaria
1063 1534 1215 1567 confessis
1248 1538 1278 1565 et
1309 1533 1536 1566 communiOne
1568 1533 1693 1566 refectis
1717 1533 1918 1566 visitantibus
1943 1534 1993 1566 di-

541 1596 606 1624 ctas
623 1590 774 1623 ecclesias
792 1590 824 1622 in
843 1593 918 1623 sesto
936 1589 965 1622 S.
983 1589 1140 1628 Teresiae,
1160 1587 1236 1620 ibid.
1255 1586 1288 1627 ἰν,
1314 1586 1512 1629 indulgentia
1537 1586 1679 1629 plenaria
1706 1587 1742 1619 iis
1768 1587 1822 1630 qui
1848 1587 1999 1620 interfue-

542 1644 606 1678 rint
630 1645 766 1678 orationi
792 1643 1002 1687 quadraginta
1029 1642 1180 1675 horarum
1206 1640 1238 1673 in
1264 1640 1355 1673 dictis
1380 1640 1531 1680 ecclesiis,
1558 1640 1652 1679 ibicis,
1679 1640 1879 1683 indulgentia
1904 1641 1998 1684 quin-

541 1698 691 1741 quaginta
718 1697 844 1729 dierum
869 1707 927 1740 pro
952 1694 1167 1729 salutantibus
1192 1694 1355 1726 Lamlelur
1382 1694 1469 1726 Imm
1493 1693 1657 1734 Cleri-stus,
1673 1700 1704 1727 et
1729 1694 1996 1738 respondentibus

542 1752 582 1784 In
607 1751 760 1791 saecula,
787 1751 908 1790 Amen,
943 1750 989 1782 vel
1015 1749 1166 1791 Semper,
1192 1748 1347 1781 concessit
1371 1746 1476 1779 Sixtus
1500 1747 1542 1785 V,
1568 1746 1658 1787 ibidx,
1683 1747 1883 1790 indulgentia
1904 1747 1997 1791 quin-

542 1804 695 1847 quaginta
720 1803 843 1836 diernm
876 1813 933 1846 pro
959 1807 1141 1835 reverenter
1165 1799 1405 1833 nominantibus
1426 1810 1541 1833 nomen
1569 1800 1637 1833 lesu
1663 1806 1693 1833 et
1718 1801 1850 1841 Mariae,
1875 1806 1907 1834 et
1931 1800 1998 1844 ple-

541 1857 630 1890 naria
655 1858 687 1890 in
713 1856 847 1889 articulo
873 1855 1001 1894 mortis⁷
1029 1855 1204 1887 dummodo
1229 1854 1400 1887 habuerint
1426 1853 1691 1887 consuetudinem
1717 1853 1761 1886 sic
1785 1853 1943 1887 salutandi
1967 1859 1998 1887 et

543 1910 752 1951 nominandi,
780 1909 845 1942 404
877 1909 893 1941 b
926 1915 957 1942 et
980 1908 1045 1941 405
1070 1919 1108 1949 (13
1135 1907 1331 1950 indulgentia
1358 1907 1500 1950 plenaria
1524 1907 1678 1940 fratribus
1711 1906 1892 1941 Carmelitis
1917 1907 1997 1941 reci-

543 1963 686 1996 tantibus
719 1963 844 1996 litanias
877 1963 1067 1996 Sanctorum
1100 1961 1154 1994 ubi
1190 1972 1252 1994 non
1290 1962 1329 1994 sit
1364 1967 1466 1994 erecta
1501 1960 1743 1994 confraternitas
1775 1961 1821 1994 vel
1855 1971 1917 1993 non
1945 1960 1999 1993 fiat

544 2017 705 2060 processio
731 2018 760 2049 S.
790 2016 983 2059 Scapularis‚
1001 2015 1065 2048 400
1083 2016 1100 2047 b
1125 2020 1156 2048 et
1176 2015 1238 2047 407
1261 2027 1295 2055 113
1321 2015 1521 2057 indulgentia
1551 2014 1694 2058 plenaria
1719 2013 1920 2046 visitantibus
1945 2024 1999 2047 eo-

544 2081 612 2103 rum
639 2070 788 2102 ecclesias
821 2071 851 2102 in
878 2069 962 2101 sestis
995 2070 1026 2101 B.
1053 2069 1092 2101 M.
1120 2068 1154 2108 V,
1183 2067 1246 2100 407
1272 2068 1307 2108 b‘,
1334 2068 1532 2112 indulgentia
1557 2074 1685 2100 eentum
1719 2067 1843 2100 dierum
1878 2077 1996 2099 conve-

544 2123 707 2156 nientibus
739 2123 777 2155 ad
811 2123 1017 2166 antiphonam
1051 2122 1147 2155 Salve
1178 2122 1324 2164 china,
1361 2132 1442 2165 quae
1473 2126 1545 2163 post
1575 2121 1817 2164 completorium
1851 2120 1998 2163 quotidie

544 2175 577 2208 in
602 2175 753 2218 praefatis
778 2175 920 2209 ecelesiis
947 2175 1146 2215 decantatur,
1171 2174 1267 2214 ibid,
1294 2174 1514 2217 indulgentiae
1538 2179 1583 2207 tot
1614 2174 1835 2207 conceduntur
1864 2173 1998 2207 visitan-

544 2229 629 2262 tibus
667 2229 818 2262 ecclesias
844 2228 968 2261 Ordinis
993 2228 1023 2260 in
1051 2228 1164 2261 diebus
1189 2228 1362 2261 stationum
1387 2228 1594 2261 ecclesiarum
1619 2227 1724 2267 Urbis,
1749 2233 1827 2271 quot
1853 2227 1878 2260 si
1904 2227 1999 2261 eecle-

544 2282 605 2316 sias
631 2282 724 2315 Urbis
748 2282 939 2322 visitassent,
964 2282 1041 2314 ibid.

456 2335 675 2379 Indulgentiae
710 2346 767 2379 pro
803 2336 1063 2369 confraternitate
1089 2336 1119 2368 S.
1149 2336 1328 2379 Scapularis
1361 2334 1619 2375 Carmelitarum‚
1647 2334 1711 2368 405
1749 2345 1786 2374 a·,
1819 2334 1993 2377 indulgen-

544 2390 585 2422 tia
619 2389 763 2432 plenaria
796 2389 950 2423 confessis
988 2395 1018 2422 et
1050 2389 1276 2422 communione
1303 2389 1425 2422 refectis
1458 2388 1507 2421 die
1532 2388 1637 2432 primo
1669 2387 1832 2432 ingressus
1864 2386 1903 2421 ad
1924 2399 1997 2422 eon-

543 2443 798 2482 fraternitatem,
835 2443 937 2483 2·bi‹t.;
969 2442 1169 2485 indulgentia
1201 2442 1345 2486 plenaria
1378 2442 1495 2475 iisdem
1525 2440 1739 2475 confratribus
1773 2447 1802 2475 et
1839 2451 1998 2475 consoro—

543 2497 630 2530 ribus
655 2496 805 2530 confessis
831 2502 863 2529 et
888 2496 1198 2529 communicantibus
1219 2496 1270 2530 die
1295 2495 1507 2529 deeimasexta
1533 2495 1600 2529 iulii
1626 2496 1674 2529 vel
1700 2494 1861 2529 dominica
1887 2494 1999 2528 imme-

542 2550 625 2583 diate
661 2555 835 2594 sequente,
861 2549 961 2589 Μῶα,
986 2549 1187 2592 indulgentia
1221 2549 1362 2593 plenaria
1396 2549 1533 2591 iisdem,
1567 2555 1601 2582 ut
1634 2560 1754 2593 supra,
1793 2549 1825 2581 in
1862 2548 2000 2582 articulo

543 2603 655 2637 mortis
681 2613 797 2637 nomen
826 2603 899 2636 Iesu
920 2613 986 2643 ore⁷
1007 2603 1053 2636 vel
1071 2603 1178 2643 eorde,
1205 2602 1230 2635 si
1257 2613 1321 2635 non
1347 2602 1512 2646 potuerint
1528 2613 1583 2635 ore
1602 2601 1838 2643 invocantibus,
1861 2601 1939 2634 ibid.
1960 2600 1998 2641 b;

544 2655 741 2700 indulgentia
764 2656 905 2701 plenaria
930 2656 1054 2698 iisdem,
1077 2662 1111 2690 ut
1136 2666 1243 2700 supra,
1264 2655 1288 2688 si
1314 2656 1509 2700 processioni
1532 2656 1600 2690 fieri
1626 2656 1737 2689 solitae
1762 2655 1792 2689 in
1818 2665 1884 2689 una
1900 2653 1999 2689 domi-
