2279 3260
183 238 233 266 An.
248 238 278 266 C.
301 239 368 268 1672

211 983 362 1009 'si-ansnmpto-

178 1014 222 1029 runi
238 1010 297 1030 tides.

240 2414 349 2440 Expositis)

166 2446 252 2463 causae.

1003 247 1144 272 CLEMENS
1166 249 1185 272 X
1210 249 1258 273 PP-

376 291 618 325 col‘islrinatione
644 294 832 336 apostolica,
851 295 899 327 vel
925 296 1034 338 quavis
1062 298 1098 327 tir

375 344 484 376 mitate
502 345 565 377 alia
585 346 754 387 roboratis,
775 348 901 379 statutis
923 353 954 380 et
974 359 1112 381 consue-

375 397 546 438 tudinibus,
569 399 747 442 privilegiis
764 411 905 443 quoque,
928 402 1058 434 indultis
1079 408 1111 435 et

374 448 490 482 litteris
516 451 700 493 apostolicis
736 452 768 484 in
793 453 990 485 contrarium
1016 466 1110 497 prae-

374 501 549 534 missorum
574 504 821 546 quomodolibet
845 506 1018 546 concessis,
1034 518 1110 539 ‹Jon-

374 552 507 587 firmatis
539 560 571 588 et
600 556 780 597 innovatis3
809 559 925 600 quibus
960 559 1109 591 omnibus

374 610 406 637 et
422 606 566 648 singulis,
590 608 720 641 illorum
740 615 871 643 tenores
888 622 945 654 pro
964 613 1060 654 plene
1079 617 1108 644 et

373 658 571 692 sufficienter
596 663 758 705 expressis
793 669 825 695 et
848 664 887 696 ad
908 665 1040 696 verbum
1065 665 1109 696 in-

372 712 467 744 sertis
494 714 659 755 habentes,
676 715 739 749 illis
758 717 837 749 alias
863 717 894 749 in
914 729 968 750 suo
990 720 1107 751 robore

372 767 603 808 permansuris,
622 768 660 800 ad
679 769 931 811 praemissorum
949 770 1105 811 ell'ectum,

373 817 434 850 hae
450 818 519 851 viee
538 819 709 861 ‹lun-naxia,
730 822 917 865 specialiter
938 828 970 855 et
983 834 1108 866 expres-

372 881 405 903 se
424 872 634 915 derogamus;
653 875 837 919 ceterisque
855 876 1025 909 contrariis
1043 877 1107 920 qui-

371 924 585 968 buscumque.

416 976 485 1019 ἓῧ.
526 978 678 1012 Volumus
710 986 818 1013 autem
850 986 885 1013 ut
920 981 1106 1014 earumdem

370 1031 590 1071 praesentium
614 1032 794 1065 litterarum
814 1035 1034 1077 transumptis,
1052 1046 1107 1067 seu

370 1083 538 1126 exemplis,
553 1084 648 1117 etiam
663 1085 840 1128 impressis,
861 1098 956 1119 manu
974 1087 1107 1120 alicuius

369 1136 488 1168 notarii
525 1136 645 1180 publici
683 1139 900 1182 subscriptis,
934 1145 966 1172 et
998 1140 1105 1182 sigillo

368 1198 529 1230 personae
547 1189 580 1221 in
599 1190 819 1223 ecclesiastiea
844 1191 1001 1234 dignitate
1031 1203 1107 1225 con-

369 1240 498 1274 stitutae
534 1243 686 1283 munitis,
721 1245 834 1276 eadem
868 1256 1000 1287 prorsus
1026 1245 1105 1278 fides

367 1293 488 1336 ubique
513 1295 673 1328 habeatur
690 1296 722 1328 in
748 1296 868 1330 iudicio
894 1304 925 1329 et
958 1303 1045 1331 extra
1072 1299 1104 1331 il-

367 1346 430 1386 lud,
450 1358 531 1390 quae
551 1348 764 1381 adhiberetur
780 1350 1005 1392 praesentibus
1020 1352 1045 1384 si
1064 1352 1104 1384 so-

367 1404 441 1431 rent
458 1400 619 1433 exhibitae
646 1403 693 1434 vel
713 1407 872 1435 ostensae.

409 1452 521 1484 Datum
548 1453 688 1495 Romae,
715 1457 800 1498 apud
826 1456 856 1488 S.
885 1457 1015 1489 Mariam
1041 1458 1103 1490 Ma-

366 1504 480 1545 iorem,
501 1508 559 1539 sub
578 1510 699 1541 annulo
726 1509 909 1551 Piscatoris,
937 1512 987 1544 die
1005 1522 1101 1545 xxvnl

366 1559 561 1601 septembris
587 1571 748 1602 MDCLxxn,
763 1562 970 1606 pontificatus
998 1564 1101 1597 nostri

366 1621 451 1643 anno
479 1622 527 1645 111.

771 1659 793 1691 l.
815 1659 850 1692 G.
872 1660 1010 1693 SLnqus.

400 1716 458 1744 Dat.
474 1717 518 1744 die
534 1719 567 1745 98
583 1719 744 1755 septembris
762 1721 838 1755 1672,
857 1723 954 1757 pontifi
971 1732 1040 1750 anno
1059 1730 1098 1750 111.

399 1779 522 1814 Reyz‘str.
544 1781 576 1808 in
597 1782 704 1816 Semel.
721 1783 753 1810 in
774 1783 846 1811 libro
866 1784 1004 1812 Brevium
1024 1793 1098 1813 men-

363 1824 401 1849 sis
419 1825 597 1858 septembris,

684 1952 783 1984 CXIV.

362 2018 571 2062 Praeceptum
606 2021 638 2053 in
678 2022 895 2065 Cappuccinns
938 2025 1098 2059 custodiae

405 2072 583 2113 Navarrae,
612 2078 649 2106 ize
674 2076 814 2107 (linteam
839 2083 1023 2111 conventum
1043 2091 1095 2112 seu

405 2125 534 2158 domum
560 2128 728 2169 aedificare
752 2130 787 2160 in
806 2130 869 2161 Ioco
893 2131 1014 2164 Vimine
1040 2134 1096 2167 Ca-

405 2178 614 2220 Iaquritanae
648 2181 821 2221 dioecesis,
850 2188 875 2215 et
904 2190 1093 2227 perpetuum

403 2242 497 2274 super
517 2234 572 2264 hoe
589 2233 755 2266 silentium
782 2236 828 2267 eis
853 2237 1051 2279 impositum.

585 2304 718 2331 Clemens
741 2306 817 2339 Papa
838 2307 870 2339 X,

502 2348 538 2374 ad
557 2348 690 2375 futuram
709 2350 753 2377 rei
774 2352 953 2379 memoriam.

405 2409 418 2451 ἓ
441 2407 471 2441 1.
492 2409 577 2442 Alias
591 2410 692 2443 felicis
710 2413 945 2447 reeordationis
960 2416 1093 2449 Alexan-

361 2462 419 2493 dro
436 2461 485 2493 vlt
510 2463 754 2504 praedecessori
776 2472 897 2507 nostro,
918 2479 978 2510 pro
1004 2476 1092 2511 parte

359 2520 434 2547 tunc
459 2516 665 2548 existentium
685 2518 816 2550 fratrum
838 2527 1014 2554 conventus
1038 2534 1093 2565 op-

359 2568 426 2611 pidi
445 2569 579 2601 civitatis
600 2572 776 2613 nuncupati
797 2573 834 2604 de
852 2573 949 2606 viana
966 2575 1092 2607 Ordinis·
1113 2584 1114 2587 ’

359 2621 514 2655 Minorum
534 2623 633 2656 saneti
653 2623 814 2657 Francisei
833 2626 870 2658 de
886 2626 1092 2662 Obserrantia
1112 2663 1114 2670 ,

1155 302 1414 340 nuncupatorum
1439 298 1682 342 Calaguritanae
1709 302 1888 342 dioecesis,

1154 350 1314 393 exposito,
1334 352 1430 394 quod,
1450 363 1520 384 cum
1537 358 1631 385 antea
1658 359 1731 385 tunc
1752 355 1889 388 existen-

1155 406 1201 435 tes
1227 403 1341 436 fratres
1366 403 1558 447 Cappuceiui
1586 407 1748 438 custodiae
1774 407 1887 439 Naxar-

1153 466 1215 495 rae,
1231 466 1348 488 novum
1367 462 1560 489 conventum
1579 469 1690 490 eorum
1709 458 1836 491 Ordinis
1856 460 1886 492 in

1153 508 1237 541 dicto
1263 509 1384 552 oppido
1406 510 1530 553 erigere
1549 513 1811 553 praetendentes,
1832 513 1887 545 ho-

1152 560 1282 602 spitium
1304 562 1422 594 ibidem
1443 563 1481 594 de
1501 564 1581 596 sacto
1599 563 1812 606 aperuissent,
1831 565 1885 596 scd

1152 612 1226 645 inde
1262 624 1322 656 per
1357 615 1438 647 duos
1476 615 1648 659 episcopos
1686 626 1888 649 suceessorvs

1150 675 1278 708 semper
1294 667 1405 699 reiecti
1425 667 1572 709 fuissent,
1593 669 1742 709 etenim¹,
1759 670 1887 712 praevia

1151 719 1313 751 sententia
1349 719 1534 761 definitiva,
1561 721 1777 763 Congregatio
1814 727 1887 754 tune

1151 770 1357 804 existentium
1383 772 1413 804 S.
1442 773 1478 805 R.
1498 773 1533 806 E.
1557 774 1769 807 cardinalium
1788 785 1888 817 nego-

1152 822 1201 855 tiis
1226 828 1257 855 et
1281 826 1571 858 consultationibus
1600 827 1830 870 episcoporum
1856 833 1888 860 et

1150 875 1346 917 regularium
1371 879 1575 921 praeposita,
1603 880 1640 911 ad
1671 890 1766 922 quain
1791 891 1887 912 causa

1151 927 1338 960 huiusmodi
1363 930 1512 962 devoluta
1538 931 1768 974 reperiebatur,
1788 933 1888 975 parti-

1150 980 1208 1011 bus
1233 981 1361 1021 auditis,
1389 987 1420 1014 et
1440 983 1557 1015 dilecto
1583 984 1649 1016 snio
1675 990 1785 1017 nostro
1812 985 1888 1016 Mar-

1150 1033 1232 1064 cello
1259 1032 1403 1066 eiusdem
1424 1033 1454 1066 S.
1478 1035 1514 1066 R.
1537 1035 1571 1067 Ε.
1595 1036 1751 1069 cardinali
1777 1037 1887 1069 Santa-

1150 1084 1266 1117 erucio
1283 1092 1469 1129 nuncupato
1496 1088 1675 1129 referente,
1704 1100 1737 1121 re
1764 1094 1886 1122 mature

1150 1137 1329 1170 examinata
1365 1144 1397 1171 et
1433 1139 1597 1181 discussa,
1637 1141 1818 1174 iniunxerat
1854 1149 1886 1175 et

1150 1196 1361 1233 praeceperat
1380 1193 1569 1225 memoratis
1589 1199 1619 1225 et
1636 1194 1789 1227 fratribus
1808 1196 1887 1238 Cap-

1148 1244 1293 1285 puecinis
1334 1244 1503 1279 Custodiae
1543 1246 1724 1288 Navarrae,
1757 1259 1885 1281 eorum-

1148 1307 1208 1338 que
1234 1298 1456 1341 superioribus
1482 1300 1519 1332 ad
1546 1311 1626 1343 quos
1651 1302 1824 1344 spectabat,
1844 1313 1883 1335 ne

1147 1349 1179 1381 in
1214 1351 1382 1393 praedicto
1424 1354 1495 1386 loco
1537 1354 1654 1386 l'ianae
1691 1360 1884 1388 conventum

1147 1407 1198 1434 aut
1228 1403 1406 1446 hospitium
1443 1406 1508 1438 sive
1546 1407 1606 1439 sub
1644 1407 1756 1450 quovis
1793 1409 1883 1440 titulo

1146 1456 1276 1488 domum
1290 1465 1534 1500 permanentem
1548 1461 1613 1493 ullo
1632 1461 1729 1493 modo
1748 1461 1882 1494 fundare

1145 1514 1176 1541 et
1200 1509 1339 1543 retinere
1365 1512 1534 1554 auderent,
1553 1519 1607 1546 aut
1624 1521 1880 1557 praesumerent,

1145 1563 1200 1594 sed
1225 1563 1309 1595 iuxta
1334 1569 1479 1597 tenorem
1511 1568 1689 1599 sententiae
1722 1569 1761 1599 ab
1790 1568 1882 1601 Ordi-

1144 1615 1232 1648 nario
1258 1616 1482 1659 Calaguritano
1513 1620 1605 1652 datae
1636 1621 1693 1652 sub
1727 1620 1778 1653 die
1811 1631 1881 1654 xxlv

1144 1667 1217 1699 maii
1242 1678 1355 1709 MDCLx,
1372 1680 1428 1702 seu
1447 1671 1508 1703 alio
1529 1672 1647 1705 veriori
1665 1679 1821 1716 tempore,
1841 1674 1880 1706 ab

1144 1720 1286 1763 hospitio
1312 1721 1374 1753 iam
1408 1728 1443 1755 ut
1461 1723 1625 1757 dicebatur
1645 1731 1759 1769 aperto
1778 1731 1808 1758 et
1830 1737 1880 1759 re-

1143 1779 1231 1807 tento
1251 1775 1383 1808 omnino
1401 1776 1624 1819 discederent,
1643 1785 1677 1811 ut
1695 1785 1801 1812 autem
1821 1781 1880 1812 hu-

1142 1827 1190 1859 ius
1215 1828 1336 1860 decreti
1366 1831 1546 1863 executioni
1574 1832 1669 1865 tutius
1691 1839 1876 1874 caveretur,

1142 1880 1247 1913 eidem
1270 1881 1442 1915 Ordinario
1460 1884 1675 1925 eonuniserat,
1695 1891 1729 1918 ut
1747 1887 1877 1919 eosdem

1141 1933 1369 1977 Cappueeinos,
1383 1941 1538 1979 quatenus
1551 1949 1664 1981 parere
1679 1946 1876 1980 recusarent,

1141 1987 1199 2019 sub
1217 1988 1361 2021 censuris
1379 1989 1517 2032 aliisque
1536 1991 1597 2023 sibi
1616 1991 1776 2024 benevisis
1801 2004 1877 2035 poe-

1141 2040 1199 2079 nis,
1225 2047 1357 2083 cogeret
1381 2047 1413 2074 et
1436 2045 1666 2086 compelleret,
1691 2045 1721 2077 in
1750 2053 1877 2078 eontra-

1141 2093 1223 2125 rivun
1247 2105 1311 2125 non
1338 2096 1538 2129 obstantibus
1558 2098 1826 2141 ‹piilnisetmique,
1845 2105 1876 2131 et

1140 2146 1217 2178 alias
1242 2152 1339 2190 prout
1362 2148 1394 2180 in
1417 2149 1518 2192 ipsius
1539 2151 1802 2193 congregationis
1821 2153 1875 2185 de-

1117 2213 1118 2221 *
1140 2205 1227 2232 creto
1245 2201 1386 2244 desuper
1400 2203 1450 2235 die
1465 2214 1527 2236 xvu
1546 2205 1728 2237 novembris
1743 2216 1874 2239 MDCLXII

1140 2260 1286 2287 emanato
1302 2256 1467 2289 dicebatur
1484 2259 1656 2299 contineri,
1676 2264 1707 2291 et
1725 2259 1871 2301 subinde,

1139 2309 1340 2351 reproposita
1379 2313 1474 2344 causa
1509 2312 1560 2344 die
1592 2322 1643 2345 mx
1677 2313 1872 2356 septembris

1137 2370 1276 2394 MDCLxlv
1308 2363 1421 2396 eadem
1453 2364 1666 2407 Congregatio
1703 2366 1871 2398 decretum

1138 2414 1338 2457 praedictum
1363 2417 1626 2458 confirmaverat,
1661 2424 1871 2462 perpetuum-

1137 2478 1198 2510 que
1217 2469 1340 2502 eisdem
1366 2471 1517 2504 fratribus
1541 2471 1750 2515 Cappuccinis
1772 2473 1871 2505 silen-

1138 2522 1215 2554 tium
1249 2522 1482 2566 imponendum
1513 2536 1582 2558 esse
1608 2526 1812 2565 decreveram
1839 2532 1871 2558 et

1136 2576 1357 2617 postmodum,
1383 2580 1533 2610 concessa
1552 2589 1662 2611 rursus
1689 2578 1780 2611 dictis
1807 2579 1869 2610 sra-

1174 2640 1182 2665 l
1206 2639 1315 2666 Videtur
1334 2640 1439 2675 legend.
1462 2643 1550 2669 eliam
1573 2651 1619 2677 pro
1640 2642 1746 2669 etenim
1765 2642 1802 2675 (n-
1823 2642 1868 2677 Τ.).

1787 245 1850 279 347
1896 255 1947 282 An.
1964 254 1992 282 c.
2015 256 2081 282 2672
