2279 3260
142 235 191 262 An.
208 232 237 260 C.
257 231 327 261 1675

162 2347 232 2368 'l‘enor
239 2349 332 2370 eiusdem

148 2375 284 2396 concordiae.

960 231 1102 258 CLEMENS
1112 226 1115 227 ⁷
1124 232 1142 256 Χ
1166 232 1215 257 ΡΡ.

338 282 485 316 cinerum
508 287 777 327 nuncupatorum,
792 287 823 315 et
842 283 956 315 fratres
973 281 1070 314 Tertii

337 334 464 369 Ordinis
477 335 742 379 Congregationis
757 335 952 376 Gallicanae,
974 334 1070 377 quod,

338 398 409 421 eum
434 388 565 429 dudum,
591 389 678 422 inter
702 388 816 422 fratres
836 388 974 432 Minores
994 387 1072 430 Cap-

337 441 489 483 puccinos
514 451 550 474 ex
576 443 641 474 una
666 447 697 475 et
722 442 835 475 fratres
859 441 955 474 Tertii
980 440 1071 473 Ordi-

338 494 387 527 nis
410 493 674 537 Congregationis
690 494 871 528 Gallicanae
885 493 1070 527 huiusmodi

338 556 375 579 cx
400 547 501 580 altera
533 547 698 590 partibus,
725 547 944 581 controversia
972 557 1072 590 super

337 598 408 633 iure
432 599 620 635 conserendi
654 600 797 633 habitum
822 600 919 633 Tertii
943 599 1071 632 Ordinis

337 653 440 686 sancti
474 653 635 687 Francisci
670 653 818 697 personis
853 652 1072 686 saecularibus

336 699 504 749 utriusque
541 717 632 739 sexus
665 713 754 740 extra
782 706 1072 749 Congregationem

338 759 530 802 degentibus
546 765 577 792 et,
594 759 836 793 Ordinariorum
858 757 1071 791 iurisdictioni

338 811 474 844 subditis
493 817 601 844 exorta
626 811 750 852 suisset,
776 811 927 854 variaque
945 811 1073 844 decreta

338 875 356 896 a
390 863 701 907 Congregationibus
733 864 764 896 S.
789 864 825 896 R.
859 864 894 896 E.
928 863 1073 896 cardina-

340 917 441 958 lium,
468 926 504 950 ac
528 916 623 949 etiam
655 917 779 950 litterae
810 916 1008 959 apostolicae
1034 916 1072 948 ad

339 970 479 1013 partium
513 970 729 1012 praefatarum
762 969 900 1002 savorem
932 969 1074 1011 desuper

338 1022 516 1066 respective
543 1026 762 1061 emanassent,
790 1032 850 1054 nec
876 1027 980 1054 tamen
999 1031 1075 1053 eon-

340 1074 498 1107 troversia
522 1073 708 1106 huiusmodi
735 1073 841 1106 adhuc
871 1073 1075 1116 conquievis-

337 1132 406 1166 set·,
433 1126 565 1159 eaedem
590 1131 710 1170 partes,
727 1126 886 1159 fraternae
907 1125 1074 1159 charitatis

336 1178 422 1211 inter
459 1178 597 1211 Ordines
637 1179 801 1221 praefatos
836 1179 1075 1212 conservandae

337 1231 467 1271 studio,
494 1230 720 1264 accedentibus
751 1231 847 1264 etiam
879 1231 1076 1264 exhortatio-

338 1283 434 1316 nibus
460 1284 650 1317 dilectorum
676 1283 812 1316 filiorum
831 1290 1014 1317 nostrorum
1031 1284 1075 1317 Ia-

339 1336 412 1369 cobi
445 1336 655 1380 Rospigliosii
688 1342 720 1370 et
751 1337 894 1370 Caesaris
928 1338 1076 1371 Destrees

338 1394 601 1432 nuncupatorum
633 1390 779 1423 eiusdem
804 1390 834 1423 S.
862 1390 899 1422 R.
927 1390 961 1423 E.
988 1401 1076 1434 pres-

338 1442 524 1485 byterorum
540 1442 762 1482 cardinalium,
787 1453 824 1475 ac
840 1443 1075 1477 intercessione

340 1494 450 1527 dilecti
486 1494 543 1527 filii
570 1494 689 1528 nobilis
722 1495 779 1528 viri
804 1496 952 1529 moderni
988 1496 1077 1529 ducis

338 1547 487 1580 Destrees
511 1557 569 1590 pro
597 1547 762 1580 carissimo
795 1548 827 1580 in
852 1547 977 1582 Christo
1008 1548 1075 1582 filio

339 1605 450 1633 nostro
475 1600 635 1633 Ludovico
660 1600 857 1634 Francorum
883 1612 959 1644 rege
977 1601 1078 1635 chris-

340 1652 518 1686 tianissimo
550 1653 634 1696 apud
659 1663 719 1686 nos
744 1658 777 1686 et
801 1653 915 1687 Sedem
940 1655 1076 1698 Aposto-

339 1706 435 1738 licam
472 1706 633 1747 oratoris,
666 1707 705 1739 ad
742 1708 947 1741 concordiam
978 1719 1076 1753 super

339 1758 525 1801 praemissis
552 1759 694 1801 (servato
721 1764 825 1793 tamen
855 1761 994 1804 desuper
1017 1772 1075 1795 no-

339 1816 404 1844 stro
430 1816 463 1844 et
486 1810 589 1844 dictae
615 1811 705 1844 Sedis
730 1813 954 1857 beneplacito)
981 1814 1076 1847 deve-

339 1869 477 1896 nerunt:
504 1869 540 1896 ut
563 1864 687 1898 scilicet
713 1870 775 1898 tam
799 1866 952 1910 praefatis
974 1867 1076 1899 fratri-

338 1918 400 1950 bus
431 1916 643 1960 Cappuccinis
680 1929 775 1961 quam
813 1918 889 1952 dicti
925 1919 1073 1952 fratribus

339 1969 436 2002 Tertii
461 1969 589 2002 Ordinis
607 1970 708 2003 dictae
730 1970 996 2014 Congrcgationis
1008 1971 1075 2005 Gal-

339 2022 464 2056 licanae
490 2023 585 2056 liceat
610 2023 754 2056 habitum
774 2025 952 2067 praefatum
969 2036 1074 2068 perso-

340 2075 390 2108 nis
418 2075 636 2108 saecularibus
669 2076 835 2120 utriusque
869 2088 964 2110 sexus
989 2078 1074 2111 iuxta

340 2139 434 2161 usum
467 2129 552 2172 apud
584 2139 658 2161 suos
693 2130 873 2172 respective
908 2137 1073 2174 receptum

341 2181 506 2222 conferre,
533 2187 565 2214 et
589 2182 688 2223 alias,
721 2188 817 2226 prout
846 2184 974 2227 plenius
1002 2196 1074 2218 con-

343 2235 463 2267 tinetur
487 2235 520 2267 in
544 2236 702 2279 scriptura
733 2236 872 2280 desuper
907 2239 1070 2281 confecta,

345 2288 466 2321 tenoris
492 2288 545 2331 qui
571 2288 727 2332 sequitur,
752 2287 923 2323 videlicet:

393 2353 406 2372 α
438 2340 473 2373 In
509 2341 638 2374 nomine
669 2342 807 2375 Domini.
842 2343 955 2377 Coram
989 2346 1070 2378 emi-

343 2392 540 2426 nentissimis
564 2394 780 2428 cardinalibus
804 2395 1072 2440 infranominatis,

343 2456 428 2479 anno
450 2446 577 2479 Domini
601 2456 756 2488 iiiimxxv,
774 2449 825 2482 die
850 2460 880 2483 vi
905 2450 1072 2492 februarii,

343 2499 525 2532 contectum
557 2505 605 2532 est
629 2500 748 2534 Romae
777 2512 930 2545 praesens
956 2503 1075 2537 instru-

343 2557 494 2593 mentum,
514 2557 545 2585 et
563 2553 601 2584 ab
618 2555 749 2596 utraque
767 2560 857 2598 parte
875 2560 1075 2601 acceptatum

343 2606 375 2639 in
401 2605 550 2650 sequenti
576 2606 696 2639 forma:

1738 220 1795 254 541

1162 293 1174 311 <t
1200 279 1276 313 Cum
1299 279 1417 312 iamdiu
1439 284 1544 323 patres
1562 279 1781 323 Cappuccinos
1802 278 1845 311 in-

1115 339 1163 367 ter
1186 339 1218 367 et
1241 333 1410 368 Tertiarios
1427 334 1592 376 regulares
1610 333 1755 376 quaestio
1771 337 1845 365 nata

1113 387 1154 419 sit
1177 387 1215 419 dc
1236 392 1267 420 et
1290 397 1389 430 super
1406 386 1476 419 iure
1494 386 1683 419 conserendi
1703 385 1845 419 habitum

1113 439 1210 471 Tertii
1234 439 1362 472 Ordinis
1389 439 1488 472 sancti
1514 439 1673 472 Francisci
1698 439 1845 481 personis

1113 493 1334 541 saecularibus
1350 492 1519 535 utriusque
1540 502 1633 525 sexus
1658 498 1746 524 extra
1771 502 1847 524 eon-

1114 546 1333 588 gregationem
1352 545 1543 588 (legentibus
1558 550 1589 578 ct
1604 544 1847 577 Ordinariorum

1114 598 1327 631 iurisdictioni
1342 598 1491 639 subditis,
1505 608 1605 641 eaque
1617 597 1847 637 controversia,

1115 651 1508 684 multisintercedentibus
1519 650 1848 684 eminentissimorum

1115 703 1326 736 cardinalium
1345 710 1408 736 tum
1427 703 1513 737 Sacri
1532 703 1664 736 Concilii
1690 703 1849 746 interpre-

1118 756 1228 789 tationi
1255 763 1319 789 tum
1347 757 1571 800 episcoporum
1598 761 1629 790 et
1654 756 1849 799 regularium

1116 809 1408 842 consultationibus
1426 809 1685 853 praepositorum
1704 809 1850 848 decretis,

1117 872 1152 894 ac
1169 861 1221 895 SS.
1239 862 1428 895 Pontificum
1448 862 1614 902 Brevibus,
1636 862 1777 895 nondum
1794 872 1851 905 pe-

1117 915 1202 947 nitus
1219 916 1395 958 composita
1413 915 1460 955 sit,
1487 926 1527 948 ne
1546 915 1749 948 diuturniore
1775 925 1851 948 con-

1118 968 1289 1000 testatione
1326 978 1385 1010 pax
1411 972 1442 1000 et
1467 968 1605 1001 charitas
1639 968 1722 1001 inter
1747 968 1850 1001 dictos

1117 1019 1252 1052 Ordines
1272 1020 1459 1053 labefactari
1485 1026 1594 1064 queat,
1613 1022 1779 1064 utriusque
1796 1020 1852 1054 Or-

1118 1072 1202 1105 dinis
1226 1072 1503 1115 procuratoribus,
1525 1073 1653 1116 pietatis
1670 1079 1702 1106 et
1725 1084 1852 1107 concor-

1118 1125 1189 1157 diae
1226 1125 1348 1165 studio,
1387 1126 1563 1165 accedente
1600 1126 1789 1160 auctoritate
1821 1133 1854 1160 et

1100 1178 1399 1211 *exhortationibus
1432 1178 1762 1212 eminentissimorum
1787 1190 1854 1213 car—

1119 1230 1273 1264 dinalium
1299 1231 1507 1274 Rospigliosii
1533 1236 1565 1264 et
1588 1231 1757 1273 Destiees,
1781 1242 1854 1265 nec-

1118 1293 1184 1316 non
1217 1283 1479 1316 excellentissimi
1512 1283 1601 1316 ducis
1634 1285 1783 1318 Destrees
1815 1285 1854 1318 ad

1118 1336 1264 1369 Sanctam
1278 1336 1394 1370 Sedem
1405 1337 1649 1370 extraordinarii
1661 1337 1745 1380 regis
1755 1338 1855 1371 chris-

1119 1388 1286 1421 tianissimi
1300 1389 1446 1429 oratoris,
1462 1399 1532 1421 eam
1551 1394 1678 1422 exortas
1693 1389 1749 1423 illa
1767 1390 1854 1423 dere

1119 1441 1192 1473 lites
1217 1441 1435 1484 componendi
1454 1446 1485 1474 et
1501 1442 1622 1475 suturas
1640 1442 1671 1475 in
1689 1447 1854 1486 posterum

1120 1494 1308 1537 amputandi
1328 1495 1484 1538 optimam
1509 1495 1666 1528 rationem
1687 1495 1768 1529 inire
1786 1497 1855 1539 pla-

1120 1548 1201 1588 cuit,
1228 1553 1263 1580 ut
1287 1547 1411 1581 scilieet
1436 1554 1501 1581 tum
1526 1554 1635 1592 patres
1659 1549 1853 1593 Cappuccini

1120 1606 1186 1633 tum
1211 1601 1359 1634 Tertiarii
1385 1602 1605 1635 saecularibus
1619 1603 1787 1646 utriusque
1807 1613 1855 1636 se-

1119 1665 1175 1686 xus
1200 1654 1345 1687 habitum
1370 1655 1471 1687 sancti
1493 1655 1654 1688 Francisci
1675 1656 1851 1696 conserant,

1118 1707 1245 1750 utrique
1264 1707 1349 1740 iuxta
1366 1718 1458 1741 usum
1476 1709 1560 1751 apud
1581 1719 1656 1741 suos
1674 1714 1853 1752 receptum,

1120 1764 1151 1792 et
1173 1759 1243 1792 iura
1267 1760 1384 1803 quibus
1422 1760 1578 1794 hactenus
1609 1761 1750 1804 gaudere
1776 1772 1854 1794 con-

1119 1819 1305 1855 sueverunt3
1327 1815 1411 1848 salva
1425 1820 1456 1847 et
1473 1817 1632 1848 reservata
1649 1826 1748 1859 super
1763 1825 1853 1859 prae-=

1118 1867 1224 1900 missis
1250 1873 1378 1901 sanctae
1412 1868 1504 1901 Sedis
1535 1869 1740 1911 Apostolicae
1776 1879 1853 1902 con-

1118 1920 1321 1961 firmatione,
1346 1931 1405 1963 pro
1428 1932 1491 1964 qua
1516 1921 1608 1954 enixe
1633 1921 1850 1965 supplicatur,

1118 1984 1216 2017 super
1236 1974 1286 2006 his
1311 1974 1441 2007 silentio
1463 1974 1627 2017 imposito.

1161 2026 1195 2058 F.
1229 2026 1383 2060 AMADEus
1408 2026 1593 2060 Baiocensis
1618 2027 1851 2071 Cappuccinus,

1117 2084 1309 2121 procurator
1316 2091 1324 2119 ;

1162 2132 1195 2164 F.
1223 2132 1500 2166 Banruotomnus
1535 2133 1750 2175 Veronensis,
1777 2144 1851 2177 pro=

1117 2190 1247 2218 curator
1269 2185 1453 2228 provinciae
1478 2186 1509 2219 S.
1538 2186 1641 2220 lvonis
1666 2187 1763 2220 Tertii
1794 2186 1851 2220 Or-

1117 2238 1215 2278 dinis,

1161 2291 1281 2324 CAESAR
1304 2290 1476 2324 cardinalis
1502 2292 1680 2335 Dns‘rnussffi

1160 2343 1295 2377 laconas
1311 2345 1482 2378 cardinalis
1507 2345 1735 2381 Rosrlctlosus
1752 2360 1782 2381 n.

1160 2397 1174 2440 ἓ
1197 2397 1229 2431 3.
1257 2397 1357 2435 Quare
1383 2405 1583 2441 exponentes
1607 2401 1742 2444 praefati
1758 2401 1851 2435 nohis
1861 2409 2047 2462 ψιζνεὲξῧὲιῑνῑυει

1118 2450 1286 2483 humiliter
1310 2451 1485 2494 supplicari
1509 2452 1659 2486 fecerunt
1683 2459 1717 2486 ut
1741 2454 1801 2486 sibi
1819 2454 1852 2487 in

1118 2502 1306 2546 praemissis
1339 2509 1520 2547 opportune
1556 2505 1725 2548 providere
1758 2512 1790 2539 et
1817 2512 1853 2539 ut

1119 2557 1203 2589 insra
1225 2556 1398 2600 indulgere
1431 2558 1470 2591 de
1496 2559 1695 2601 benignitate
1724 2565 1853 2602 aposto-

1095 2599 1181 2654 iliea
1205 2610 1425 2653 dignaremur.
1453 2611 1514 2644 Nos
1540 2611 1635 2654 igitur
1658 2612 1743 2655 ipsos
1760 2623 1852 2656 expo-

1849 229 1897 255 An.
1915 227 1944 254 C.
1966 226 2037 254 1075
