2279 3260
208 242 257 268 An.
275 243 302 267 c.
330 245 389 270 ιιιτι
440 236 503 269 02:34

203 1388 248 1402 ΓΙΙΙΙΙ

238 1356 277 1374 Tra
268 1361 333 1375 asnnu
334 1357 386 1381 i-pto

266 1382 325 1402 tides.

264 2413 295 2425 ιιιι·
304 2411 389 2430 praees-t·

287 2439 312 2451 ιιι·
325 2433 368 2452 utu.

403 293 455 336 qui
482 294 622 337 aliquam
641 306 677 327 ex
697 295 842 328 ecclesiis
861 306 1139 339 quorumcumque

401 345 637 388 collegiorum,
665 347 835 380 domorum
872 347 1071 391 regularium
1107 351 1140 380 et

402 399 682 437 ntonasteriortun,
700 405 762 432 tam
789 399 984 432 clericorum
1011 400 1138 441 regula-

401 450 482 482 tium
500 451 603 483 dictae
621 451 885 494 Congu-egationis
902 462 997 494 quam
1014 450 1135 483 monia-

400 503 477 535 lium
503 504 690 536 eorumdcm
721 504 912 536 clericorum
938 503 1135 545 regularium

399 566 492 588 curae
512 561 543 587 et
557 556 714 598 gubernio
733 556 959 595 subiectarum,
978 556 1134 587 hactenus

400 609 516 640 erectis
553 614 585 641 et
619 607 833 651 imposterum
867 608 1135 651 quandocumque

401 661 574 703 erigendis,
589 666 621 693 et
634 660 828 703 ubit-umque
842 660 987 693 locorum
1000 660 1135 693 existen-

402 712 494 751 tibus,
510 712 560 744 die
577 723 620 745 vn
638 712 763 754 augusti
786 712 864 744 festo
879 712 1024 744 eiusdem
1034 711 1065 744 S.
1081 711 1136 745 Ca-

403 765 498 797 ietaui
521 765 686 804 Tbienaei,
708 776 724 796 a
741 765 853 807 primis
870 764 1016 808 vesperis
1032 775 1134 808 usque

401 817 438 849 ad
465 827 612 849 occasum
631 817 707 849 solis
725 817 795 849 sesti
821 817 1018 857 huiusmodi,
1031 818 1135 861 singu-

400 869 438 901 lis
463 869 555 901 annis
582 870 695 902 devote
720 869 929 910 visitaverint,
955 875 986 903 et
1009 870 1053 903 ibi
1075 881 1135 914 pro

398 920 644 953 christianorum
657 921 840 965 principum
857 923 1042 963 concordia,
1061 923 1134 956 hae-

396 983 501 1005 resum
532 973 766 1016 extirpatione,
800 985 836 1007 ac
866 980 996 1008 sanctae
1028 975 1134 1009 Matris

397 1024 558 1057 Ecclesiae
577 1026 772 1059 exaltatione
799 1027 869 1069 pias
887 1028 925 1060 ad
943 1028 1043 1061 Deum
1060 1039 1134 1071 pre-

395 1088 449 1110 ces
476 1077 662 1118 effuderint,
687 1079 866 1122 plenariam
891 1081 1034 1113 omnium
1058 1092 1134 1125 pec-

395 1136 539 1163 catorum
565 1141 696 1164 suorum
721 1132 956 1176 indulgentiam
974 1139 1005 1167 et
1023 1135 1133 1168 remis-

397 1184 521 1217 sionem
543 1180 796 1218 misericorditer
812 1186 844 1218 in
861 1186 995 1220 Domino
1017 1198 1134 1221 conce-

397 1237 520 1277 dimus;
558 1238 782 1280 praesentibus
818 1240 984 1283 perpetuis
1021 1242 1134 1274 futuris

398 1290 596 1333 temporibus
615 1290 768 1323 valituris.

442 1342 456 1385 ἓ
481 1342 512 1375 3.
539 1342 693 1375 Volumus
717 1348 822 1376 autem
839 1349 872 1376 ut
885 1344 1026 1388 ipsarum
1043 1357 1135 1389 prae-

398 1394 538 1426 sentium
562 1394 743 1427 litterarum
770 1397 988 1440 transumptis,
1005 1409 1061 1431 seu
1088 1410 1135 1432 ex-

397 1447 531 1489 emplis:
557 1447 653 1480 etiam
678 1447 853 1491 impressis,
880 1460 977 1482 manu
996 1451 1133 1484 alicuius

396 1499 510 1532 notarii
531 1499 653 1542 publici
668 1500 871 1544 subscriptis,
891 1508 922 1535 et
938 1503 1044 1545 sigillo
1061 1515 1135 1547 per-

393 1563 490 1585 sonae
516 1553 548 1584 in
574 1553 794 1586 ecclesiastica
830 1555 987 1597 dignitate
1013 1557 1134 1589 consti—

394 1610 479 1637 tutae
513 1605 664 1645 munitis,
687 1606 800 1639 eadem
818 1618 951 1650 prorsus
975 1608 1054 1642 fides
1079 1610 1134 1642 ha-

392 1657 517 1698 beatur,
533 1658 701 1701 quaeipsis
712 1660 938 1702 praesentibus
958 1661 1134 1695 haberetur

394 1710 418 1742 si
441 1711 547 1743 forent
572 1711 735 1744 exhibitae
763 1713 813 1745 vel
839 1718 999 1747 ostensae.

439 1763 555 1795 Datum
579 1763 714 1804 Romae,
738 1766 824 1808 apud
840 1765 870 1798 S.
894 1765 1024 1799 Mariam
1043 1767 1133 1801 Maio-

395 1827 475 1855 rem,
504 1818 563 1849 sub
583 1818 704 1850 annulo
727 1818 913 1859 Piscatoris,
934 1819 985 1852 die
1009 1831 1027 1853 x
1052 1821 1132 1853 iunii

397 1879 547 1909 ninctxxi,
569 1869 781 1912 pontificatus
801 1871 908 1904 nostri
925 1882 1010 1905 anno
1029 1883 1063 1906 11.

433 1930 491 1956 Dat.
509 1930 552 1957 die
572 1931 603 1958 10
621 1931 688 1958 iunii
710 1932 787 1965 1671,
804 1933 904 1968 pontif.
925 1942 996 1962 anno
1015 1941 1042 1962 tt.

704 2048 830 2080 LXVIII.

396 2117 573 2155 Decretum,
590 2118 698 2160 quoad
715 2119 993 2151 renunciationem
1013 2131 1066 2152 seu
1084 2121 1133 2153 al-

442 2170 655 2200 ter-nationem
686 2169 835 2202 abbatum
856 2172 976 2204 Montis
1002 2172 1130 2213 Oliveti,

441 2222 554 2263 quales
579 2232 642 2254 esse
666 2222 810 2255 debeant.

617 2292 752 2319 Clemens
779 2294 857 2327 Papa
877 2294 914 2328 X,

522 2336 556 2361 ad
577 2339 754 2369 perpetuam
773 2338 818 2364 rei
833 2339 1011 2367 memoriam.

443 2397 550 2439 Nuper
575 2403 762 2431 emanarunt
778 2400 816 2432 ad
837 2400 977 2434 savorem
997 2401 1135 2446 Congre-

400 2451 534 2493 guitoni<
560 2452 791 2484 monachorum
815 2453 930 2486 Montis
947 2454 1060 2488 Oliveti
1079 2457 1134 2489 Or-

400 2504 476 2535 (tint
508 2505 608 2537 sancti
634 2503 800 2538 Benedicti
826 2506 952 2540 litterae
978 2508 1011 2540 in
1036 2509 1133 2543 simili

399 2556 498 2589 forma
524 2557 632 2589 Brevis
657 2558 775 2591 tenoris
807 2558 861 2603 qui
894 2560 1055 2603 sequitur,
1088 2563 1134 2595 vi-

400 2610 538 2643 delicet:
557 2615 560 2618 ”

986 248 1165 272 ntiLLmttJM
1190 248 1339 274 nonnulis!

1927 250 1976 278 An.
1995 250 2024 277 C.
2043 251 2104 278 ¹671

1227 296 1370 330 Clemens
1395 297 1489 342 Papa
1513 299 1561 339 X,
1589 299 1632 332 ad
1656 304 1843 343 perpetuam
1869 298 1917 332 rei

1181 349 1381 382 memoriam.
1409 350 1451 383 Ex
1477 353 1665 385 commissae
1692 352 1786 385 nobis
1803 352 1918 385 divini-

1180 405 1228 433 tus
1247 401 1497 444 dispensationis
1522 404 1637 445 officio,
1665 404 1758 438 ete.¹.

1213 462 1306 490 Datum
1322 464 1437 498 Romae,
1453 466 1524 500 apud
1538 466 1563 492 S.
1580 466 1692 493 Mariam
1710 467 1851 500 Maiorem,
1866 467 1916 494 sub

1178 506 1276 532 annulo
1297 505 1450 541 piscatoris,
1471 508 1513 535 dte
1539 517 1609 536 xxvu
1638 511 1766 537 februarii
1788 518 1913 546 nummi,

1178 549 1349 584 pontificatus
1367 551 1452 577 nostri
1472 560 1541 579 anno
1561 561 1581 579 1.

1221 611 1236 653 g
1260 610 1291 643 6.
1319 610 1395 644 Cum
1421 618 1539 653 autem,
1559 614 1640 647 sicut
1664 615 1800 649 dilectus
1825 616 1910 650 filius
1949 626 2047 647 nontin„
2067 629 2104 648 ι...-

1176 668 1370 705 procurator
1387 665 1547 705 generalis
1561 666 1666 699 dictae
1683 659 1954 710 congregatio-'⁰⁵
1970 654 2057 675 dmm

1177 715 1226 747 nis
1251 715 1345 748 nobis
1371 716 1507 749 subinde
1534 719 1652 761 exponi
1684 720 1778 760 fecit,
1804 721 1913 755 dilecti

1176 767 1299 811 pariter
1324 768 1379 801 filii
1404 770 1589 812 superiores
1606 771 1751 805 eiusdem
1775 772 1915 816 Congre-

1176 820 1315 863 gationis
1332 820 1364 853 in
1390 820 1574 855 definitorio
1599 823 1731 866 capituli
1752 826 1913 867 generalis

1176 872 1277 916 ipsius
1290 872 1557 916 Congregationis
1575 885 1685 908 mense
1700 876 1795 919 aprili
1807 877 1914 919 proxi-

1176 935 1226 957 me
1258 925 1437 968 praeterito
1470 927 1911 972 congregati,amplitudine

1176 977 1296 1020 gratiae
1321 988 1379 1021 per
1401 978 1621 1021 praeinsertas
1639 979 1765 1013 litteras
1783 985 1911 1014 nostras

1176 1039 1368 1071 concessae,
1392 1030 1424 1063 in
1450 1034 1487 1064 ea
1511 1037 1603 1075 parte
1635 1043 1718 1076 quae
1742 1034 1912 1067 renuncia-

1177 1083 1280 1116 tiones
1308 1083 1373 1116 sive
1398 1085 1629 1118 alternationes
1656 1086 1910 1128 gubernatorum

1176 1136 1352 1178 concernit,
1370 1142 1494 1170 mature
1520 1139 1734 1179 considerata,
1749 1139 1839 1172 illam
1857 1139 1914 1172 ali-

1176 1189 1292 1231 quibus
1317 1190 1558 1223 conditionibus
1591 1191 1723 1224 limitari
1755 1202 1911 1235 prospero

1177 1241 1327 1284 felicique
1352 1243 1515 1284 praefatae
1536 1242 1804 1285 Congregationis
1830 1244 1914 1286 regi-

1176 1293 1253 1326 mini
1274 1294 1477 1328 conducibile
1495 1295 1562 1328 fore
1580 1296 1779 1329 censuerint:

1220 1347 1235 1389 ἓ
1260 1346 1290 1379 7.
1313 1346 1411 1380 Nobis
1432 1354 1609 1391 propterea
1631 1348 1737 1381 dictus
1758 1359 1913 1392 procura-

1179 1405 1226 1432 tor
1253 1400 1412 1442 generalis
1434 1401 1602 1434 humiliter
1635 1401 1813 1445 supplicari
1837 1402 1914 1436 fecit

1178 1457 1213 1484 ut
1236 1452 1267 1484 in
1285 1453 1470 1495 praemissis
1488 1460 1670 1497 opportune
1688 1454 1862 1497 providere
1880 1460 1914 1488 et

1179 1510 1213 1538 ut
1236 1504 1316 1538 infra
1343 1505 1513 1548 indulgere
1539 1507 1578 1539 de
1607 1507 1807 1550 benignitate
1836 1518 1897 1551 apo

1177 1558 1289 1591 stolica
1315 1558 1531 1601 dignaremur.

1220 1610 1290 1654 §8
1321 1611 1384 1644 Nos
1416 1611 1529 1654 igitur,
1561 1611 1664 1655 ipsius
1692 1614 1912 1655 procuratoris

1177 1663 1337 1706 generalis
1362 1664 1445 1697 votis
1463 1665 1523 1697 hac
1547 1665 1578 1697 in
1604 1675 1638 1697 re
1665 1670 1820 1708 quantum
1842 1677 1913 1699 cum

1177 1716 1310 1749 Domino
1333 1727 1502 1760 possumus
1523 1717 1743 1750 favorabiliter
1771 1728 1914 1752 annuere

1176 1770 1330 1810 volentes,
1346 1780 1483 1814 eumque
1494 1781 1511 1803 a
1522 1770 1687 1814 quibusvis
1699 1771 1916 1804 excommuni-

1176 1822 1323 1863 cationis,
1339 1822 1562 1865 suspensionis
1588 1828 1619 1856 et
1642 1822 1814 1864 interdicti,
1830 1823 1916 1857 aliis-

1176 1887 1238 1919 que
1266 1875 1493 1909 ecclesiasticis
1514 1875 1699 1916 sententiis,
1717 1877 1861 1909 censuris
1883 1882 1916 1910 et

1176 1929 1310 1972 poenis,
1336 1939 1354 1960 a
1379 1928 1447 1961 iure
1473 1929 1523 1961 vel
1556 1929 1596 1961 ab
1628 1929 1774 1969 homine,
1801 1931 1914 1973 quavis

1176 1981 1347 2014 occasione
1364 1981 1414 2013 vel
1432 1983 1530 2013 causa
1550 1981 1637 2021 latis,
1655 1981 1680 2013 si
1699 1981 1818 2024 quibus
1835 1993 1916 2025 quo-

1176 2034 1355 2067 modolibet
1387 2033 1562 2066 innodatus
1603 2034 1727 2074 existit,
1764 2035 1802 2067 ad
1841 2034 1916 2068 etl'e-

1176 2093 1261 2120 ctum
1284 2087 1504 2130 praesentium
1528 2087 1695 2119 dumtaxat
1714 2097 1916 2131 consequen-

1178 2141 1265 2179 dum,
1291 2140 1405 2171 harum
1430 2138 1512 2171 serie
1538 2139 1741 2172 absolventes
1766 2146 1795 2172 et
1821 2141 1916 2173 abso-

1178 2194 1278 2226 lutum
1304 2192 1372 2224 fore
1408 2197 1597 2232 censentes,
1624 2193 1808 2226 huiusmodi
1841 2205 1916 2237 sup-

1177 2244 1405 2288 plicationibus
1430 2244 1592 2277 inclinati:

1221 2299 1235 2341 ᾖ
1260 2298 1291 2331 9.
1319 2297 1409 2335 Quod
1434 2297 1480 2330 illi
1505 2298 1676 2339 monaehi,
1703 2298 1741 2331 ad
1774 2310 1912 2342 quorun]
1939 2310 1969 2332 Qu
1958 2311 1998 2328 nau
1995 2312 2043 2328 mett
2066 2315 2098 2329 ιιιιι

1925 2336 2054 2357 ῐι.ο«1ιιιι.ιιι
2081 2321 2108 2355 mi

1179 2351 1321 2384 ftwoiem
1346 2350 1423 2383 fient
1441 2351 1707 2384 lenunciationes
1736 2352 1801 2384 sive
1819 2354 1914 2386 altei-
1927 2367 1952 2387 ψ·
1937 2362 2108 2409 ..rhwfalvg

1178 2404 1324 2438 nationes
1346 2405 1550 2446 huiusmodi,
1579 2405 1792 2448 quadraginta
1822 2407 1914 2440 annis
1926 2395 1963 2440 i>
1965 2418 2019 2435 -·’·-·ι

1178 2457 1326 2497 mtiores,
1353 2468 1412 2490 nec
1438 2457 1589 2491 abbatum
1620 2458 1748 2491 easdem
1775 2459 1915 2492 alterznt-

1179 2511 1282 2543 tiones
1309 2510 1496 2543 facientium
1515 2511 1546 2542 in
1565 2511 1671 2554 primo
1697 2512 1745 2544 vel
1771 2513 1913 2545 secundo

1948 1360 2034 1383 Pontio.

1951 1622 2072 1643 Concessio.

1215 2625 1225 2650 1
1250 2623 1393 2660 Reliquum
1415 2624 1474 2651 vide
1494 2632 1576 2660 supra
1596 2633 1657 2660 pag.
1681 2625 1731 2652 168
1751 2629 1789 2660 (n.
1806 2626 1855 2660 τ.).
