2279 3260
155 248 203 274 An.
226 246 255 274 C.
273 247 340 274 1072

349 296 574 340 impendendis
591 297 651 330 sibi
671 296 769 339 gratis
787 296 1011 329 familiaritatis
1032 296 1084 328 ob-

349 349 471 392 sequiis
498 350 606 382 multis
631 359 739 381 rerum
758 348 987 392 experimentis
1012 358 1085 391 spe-

349 407 448 435 ctatas
473 402 582 441 babet,
606 401 819 445 peculiarium
847 402 1019 443 gratiarum
1043 402 1085 433 sa-

346 455 477 488 voribus
502 456 704 494 condecoret,
728 465 907 498 eorumque
926 454 1085 487 indemni—

346 507 402 539 tati
428 517 464 540 ac
489 508 665 540 haeredum
691 512 722 540 et
738 518 957 539 successorum
982 507 1085 538 cuius-

348 559 428 592 libet
445 570 559 593 eorum
577 559 741 592 securitati
761 560 931 592 consulere
952 563 1082 600 satagat,

347 612 432 644 sicut
454 623 670 655 personarum
695 612 818 645 meritis
845 611 1017 645 convenire
1035 621 1084 643 ar-

346 664 496 697 bitratur.

391 717 405 759 §
431 716 461 749 02.
489 717 570 750 Hinc
596 722 645 750 est
670 718 756 760 quod
781 728 849 754 nos,
872 718 909 749 ad
937 722 1025 758 grata
1044 716 1085 747 sa-

348 769 541 803 miliaritatis
552 770 807 814 obsequia,quae
822 770 915 802 nobis
929 770 1084 802 hactenus

349 822 551 865 impendistis
570 828 602 856 et
617 823 724 856 adbuc
737 823 885 856 sollicitis
903 821 1086 853 studiisim-

348 876 492 918 pendere
516 887 580 909 non
606 876 772 915 desistitis,
794 885 920 908 necnon
946 875 984 906 ad
1001 874 1083 906 vitae

350 934 381 961 et
397 940 521 962 morum
543 929 893 971 honestate1n,atiaq11e
911 926 1084 960 laudabilia

348 982 520 1025 probitatis
554 988 585 1014 et
609 983 760 1016 virtutum
784 981 898 1014 merita
929 979 1084 1021 singulari

350 1044 425 1075 erga
448 1045 508 1067 nos
533 1040 565 1067 et
588 1034 704 1067 Sedem
729 1034 929 1077 praedictam
954 1031 1026 1064 fidei
1054 1037 1086 1064 et

349 1087 511 1120 devotioni
537 1087 716 1126 coniuncta,
744 1087 859 1129 quibus
894 1095 948 1118 vos
973 1094 1085 1117 omnes

349 1144 381 1171 et
405 1140 549 1182 singulos
575 1141 672 1173 etiam
697 1139 846 1172 familiari
885 1137 1085 1181 experientia

348 1192 450 1224 iuvari
485 1192 658 1232 novimus,
694 1193 885 1233 condignam
926 1191 1084 1223 rationem

350 1245 517 1285 babentes,
543 1244 682 1288 vosque¹
702 1251 875 1288 propterea
893 1243 1024 1287 speciali
1044 1244 1087 1275 sa-

349 1309 424 1331 vore
450 1299 571 1341 gratiae
606 1299 756 1342 prosequi
787 1299 951 1337 volentes,
978 1303 1009 1329 et
1033 1307 1086 1329 ve-

350 1357 450 1384 strum
482 1352 666 1394 singulares
690 1362 844 1395 personas
874 1362 890 1382 a
923 1350 1086 1393 quibusvis

350 1404 704 1443 excommunicationis,
735 1404 960 1447 suspensionis
987 1408 1018 1435 et
1042 1403 1088 1434 in-

350 1457 486 1495 terdicti,
503 1457 639 1500 aliisque
655 1456 884 1489 ecclesiasticis
903 1455 1086 1495 sententiis,

351 1509 500 1542 censuris
517 1515 548 1542 et
565 1510 692 1552 poenis,
710 1520 727 1541 a
742 1509 810 1542 iure
827 1510 875 1541 vel
891 1510 929 1541 ab
947 1508 1086 1547 bomine,

352 1561 461 1603 quavis
487 1561 663 1594 occasione
681 1563 731 1594 vel
748 1564 844 1594 causa
863 1562 947 1599 latis,
967 1561 990 1593 si
1018 1561 1088 1604 qui-

350 1610 411 1644 bus
437 1614 685 1656 quomodolibet
712 1614 859 1646 innodati
886 1614 1030 1652 existitis,
1049 1614 1087 1645 ad

353 1666 502 1698 effectum
528 1667 746 1710 praesentium
781 1668 946 1699 dumtaxat
975 1677 1089 1698 eonse-

354 1720 539 1760 quendum,
568 1720 681 1751 barum
714 1720 796 1751 serie
830 1720 1032 1752 absolventes
1058 1724 1090 1751 et

355 1772 538 1804 ahsotutas²
554 1773 621 1804 sore
637 1778 823 1805 censentes:

180 1834 342 1863 ossmnowauas
397 1825 412 1866 g
436 1824 467 1857 3,
496 1824 578 1856 Motu
606 1825 757 1867 proprio,
784 1836 847 1857 non
879 1826 916 1857 ad
950 1831 1088 1857 vestran]

160 1860 342 1911 ξιξ-’1112111111Ἆῖ
355 1882 408 1909 aut
433 1877 603 1923 cuiuslibet
626 1883 767 1909 vestrum
787 1878 880 1910 nobis
906 1889 1005 1921 super
1030 1880 1090 1912 boc

160 1913 280 1932 cessi-rubus
291 1913 343 1933 Pun-

160 1939 252 1986 iii2⁰1¹¹'¹¹⁵
270 1940 343 1959 11111111Α
355 1930 858 1972 oblataepetitionisinstantiam,
874 1931 930 1962 sed
948 1942 983 1963 ex
1004 1934 1090 1964 certa

189 728 310 748 Fam-ttares
325 733 336 748 a

155 760 193 774 ren
208 761 249 774 uris
268 755 336 775 ubsol-

156 782 192 801 vit.

356 1982 492 2013 scientia
516 1987 547 2013 et
571 1985 695 2014 mauu-a
720 1983 956 2016 d‹‘·liberatione
986 1987 1090 2016 inera-
1111 2008 1112 2011 =

356 2044 417 2076 que
444 2034 635 2067 liberalitate
662 2035 802 2073 nostris,
830 2036 934 2078 deque
961 2042 1090 2079 aposto—

356 2087 435 2119 licae
460 2088 629 2130 potestatis
645 2088 849 2130 plenitudiiw
873 2089 981 2130 (etiam
1000 2100 1090 2132 prae-

356 2146 404 2172 ter
430 2145 462 2171 et
484 2141 569 2173 ultra
604 2151 823 2183 quascumque
849 2142 943 2181 alias,
969 2143 1090 2175 similes

356 2194 403 2226 vel
432 2194 626 2233 dissimiles,
654 2197 822 2236 generales
847 2197 896 2228 vel
922 2197 1089 2239 speciales,

357 2247 484 2287 gratias,
511 2248 691 2287 facultates,
719 2248 947 2291 exemptiones,
966 2249 1091 2282 indulta
1110 2237 1112 2270 j

358 2305 390 2330 ct
414 2300 582 2342 privilegia
606 2300 695 2332 vobis
730 2306 761 2333 et
793 2307 934 2334 vestrum
960 2303 1092 2335 cuilibet

359 2353 482 2383 anobis
506 2354 554 2385 vel
573 2363 589 2384 a
608 2353 757 2385 Romanis
776 2354 986 2386 Pontificibus
1003 2366 1092 2398 prae-

357 2405 583 2437 decessoribus
617 2406 737 2438 nostris
761 2417 931 2438 concessas
956 2414 987 2440 et
1010 2419 1090 2441 ron-

357 2468 455 2496 cessa,
483 2463 513 2489 01
539 2458 569 2489 in
596 2464 759 2500 posterum
784 2460 878 2492 ctiam
903 2470 919 2491 a
942 2461 1035 2492 nobis
1062 2467 1090 2494 et

357 2510 509 2542 Romanis
536 2511 745 2544 Pontificibus
771 2513 1010 2545 successoribus
1035 2525 1092 2546 uo-

396 2582 404 2606 1
431 2581 498 2606 thur
521 2580 587 2607 Mam
615 2581 677 2615 legit
699 2591 798 2616 eosque
817 2590 854 2617 (R,
875 2586 924 2618 Τ.).

394 2625 410 2652 2
431 2626 477 2652 Ed.
494 2625 571 2652 Main.
590 2626 669 2653 babet
686 2628 825 2654 absolutos
843 2634 881 2663 (a.
898 2630 944 2663 T.).

982 245 1124 271 CLEMENS
1145 247 1163 270 X
1187 247 1236 271 PP.

1759 235 1823 269 ato

1128 295 1202 327 stris
1229 294 1454 327 concedendas
1479 299 1509 325 01,
1535 294 1753 333 concedenda,
1780 304 1859 337 quas

1128 358 1240 381 omnes
1266 352 1297 379 01.
1322 348 1483 387 singulas,
1511 358 1657 389 quaeque
1690 348 1797 379 omnia
1830 352 1862 379 et

1127 400 1261 441 singula,
1282 399 1416 443 perinde
1435 409 1470 430 ae
1490 398 1513 430 si
1542 399 1667 431 illarum
1687 405 1718 431 ct
1736 400 1861 431 illorum

1128 457 1257 485 tenores
1273 452 1497 495 praesentibus
1516 452 1659 494 expressi
1687 462 1723 483 ac
1740 452 1779 483 de
1798 462 1864 483 ver-

1115 506 1168 537 ·bo
1194 506 1231 537 ad
1259 506 1388 537 verbum
1416 504 1528 536 inserti
1556 506 1670 543 forent,
1690 504 1721 536 in
1740 515 1864 536 suoro-

1127 558 1205 590 bore
1227 563 1258 589 et
1283 557 1433 589 firmitate
1452 567 1622 589 remancre
1648 561 1679 588 et
1704 567 1785 595 esse,
1805 567 1863 588 nec

1128 620 1185 652 per
1210 610 1281 642 illas
1297 615 1327 642 01
1347 610 1401 642 11111
1424 610 1544 641 eisdem
1561 609 1794 652 praesentibus,
1814 609 1862 640 vcl

1127 674 1184 705 per
1209 669 1399 706 praesentes
1426 663 1489 695 illis
1517 663 1546 694 in
1568 663 1677 705 aliquo
1704 661 1865 704 praeiudi-

1127 716 1202 756 cari,
1228 717 1277 748 vel
1304 726 1357 748 eas
1395 726 1449 746 seu
1483 726 1519 747 ea
1549 715 1685 747 invicem
1711 714 1861 746 consumti

1128 778 1183 800 seu
1208 768 1370 811 impediri,
1390 769 1445 799 scd
1466 768 1559 799 ctiam
1581 767 1772 800 cumulative
1791 778 1864 809 pro-

1127 821 1271 853 cedendo
1296 832 1391 853 111111111
1418 832 1471 853 seu
1490 832 1587 853 unum
1606 832 1664 864 per
1694 821 1788 853 aliam
1807 831 1862 852 seu

1128 874 1213 906 aliud
1240 874 1424 906 eoasliuvari
1452 879 1482 906 et
1505 874 1650 917 suppleri
1678 885 1784 916 posse,
1811 884 1864 906 vo-

1128 926 1240 969 bisque
1266 927 1414 959 otnuibus
1433 933 1461 957 et
1481 927 1615 968 singulis
1644 932 1705 958 111111
1730 927 1865 958 coniun-

1128 979 1201 1011 ctim
1220 990 1314 1021 quam
1332 979 1456 1010 divisim
1481 979 1669 1021 plenissime
1696 978 1864 1021 sutl'ragari

1128 1032 1248 1064 debere
1274 1033 1438 1071 volumus,
1466 1032 1670 1064 decernimus
1703 1037 1735 1064 et
1760 1032 1862 1064 decla·

1127 1085 1257 1127 ramus),

1172 1137 1186 1180 g
1210 1137 1240 1169 4.
1262 1137 1323 1169 Vos
1343 1147 1455 1169 omnes
1473 1141 1505 1169 et
1522 1137 1678 1179 singulos,
1697 1142 1865 1180 vestraque

1129 1194 1161 1221 et
1181 1189 1355 1222 cuiuslibet
1376 1195 1513 1222 vestrum
1539 1189 1696 1221 beneficia
1715 1195 1746 1221 et
1763 1190 1867 1222 otlicia

1129 1252 1360 1285 quaecumque,
1381 1247 1597 1285 quotcumque
1622 1247 1654 1274 et
1671 1242 1866 1284 qualiacum-

1130 1305 1211 1337 que,
1244 1306 1280 1327 ac
1305 1295 1537 1337 cuiuscumque
1570 1294 1734 1338 qualitatis
1772 1295 1867 1327 etiam

1129 1348 1261 1391 speciali
1288 1348 1496 1391 expressione
1522 1347 1639 1390 dignae
1676 1348 1865 1387 existentia,

1130 1407 1192 1433 tani
1217 1393 1374 1433 hactenus
1400 1402 1430 1433 in
1456 1401 1606 1441 titulum,
1641 1401 1866 1433 commendam

1129 1455 1177 1486 vel
1199 1454 1520 1495 administrationem,
1548 1465 1605 1487 seu
1630 1454 1709 1486 alias
1735 1464 1868 1496 quomo-

1130 1508 1253 1540 dolibet
1272 1509 1414 1547 obtenta,
1432 1519 1526 1551 quam
1548 1508 1580 1540 in
1602 1508 1742 1539 futurum
1757 1507 1867 1549 quovis

1130 1561 1227 1593 modo
1260 1566 1290 1593 et
1320 1562 1591 1604 quandocumque
1618 1561 1804 1599 obtinenda,
1830 1560 1868 1592 il-

1130 1616 1301 1656 lorumque
1336 1614 1481 1646 omnium
1515 1619 1546 1646 et
1576 1613 1774 1656 singulorum
1804 1614 1868 1645 sru-

1131 1673 1206 1706 ctus,
1233 1667 1389 1706 redditus,
1416 1672 1609 1709 proventus,
1643 1666 1865 1706 obventiones,

1130 1720 1235 1759 bona,
1261 1730 1335 1759 res,
1361 1721 1580 1752 emolumenta
1612 1724 1644 1752 et
1667 1719 1737 1752 iura
1770 1730 1869 1762 quae-

1131 1784 1281 1816 cumque,
1298 1784 1333 1805 ac
1349 1778 1455 1805 vestra
1481 1778 1511 1805 et
1532 1773 1702 1806 cuiuslibet
1725 1777 1868 1805 vestrum

1132 1826 1274 1869 praedia,
1292 1826 1527 1869 possessiones,
1544 1834 1649 1868 agros,
1676 1830 1786 1864 terras,
1805 1825 1868 1857 ani-

1132 1879 1238 1918 malia,
1265 1879 1389 1917 domos,
1417 1878 1605 1910 molendina
1630 1883 1661 1910 et
1685 1878 1748 1910 alia
1772 1878 1865 1916 bona,

1131 1931 1373 1974 patrimonialia
1400 1937 1431 1962 ct
1455 1930 1655 1973 temporalia,
1679 1929 1811 1962 mobilia
1837 1934 1869 1960 et

1133 1983 1320 2023 immobilia,
1338 1994 1374 2015 ac
1392 1983 1595 2021 semoventia,
1622 1993 1750 2015 necnon
1775 1983 1868 2015 actio-

1132 2048 1188 2070 nes
1213 2043 1243 2070 et
1270 2038 1340 2069 iura
1366 2037 1529 2079 quaelibet
1555 2036 1741 2079 praesentia
1764 2041 1796 2068 et
1823 2037 1868 2067 su-

1133 2096 1211 2130 tura,
1230 2101 1265 2122 ac
1290 2096 1354 2122 tum
1380 2101 1396 2121 a
1415 2090 1505 2122 vobis
1520 2095 1551 2122 et
1565 2089 1711 2132 quolibet
1724 2094 1868 2121 vestrum

1133 2144 1171 2176 de
1190 2143 1351 2186 praesenti
1371 2153 1520 2185 possessa
1537 2148 1569 2174 et
1587 2143 1742 2174 hactenus
1764 2142 1869 2185 acqui-

1132 2197 1199 2236 sita,
1226 2207 1320 2239 quani
1346 2196 1376 2227 in
1402 2201 1569 2238 posterum
1596 2196 1867 2238 quandocumque

1133 2255 1163 2281 ct
1188 2249 1491 2291 quomodoeumque
1518 2248 1715 2290 acquirenda
1742 2252 1773 2280 01
1797 2258 1869 2290 pos-

1133 2302 1276 2342 sidenda,
1302 2302 1423 2334 urbana
1450 2306 1481 2333 et
1504 2301 1632 2341 rustica,
1658 2306 1720 2333 tam
1739 2302 1771 2333 in
1789 2303 1868 2333 alma

1134 2356 1217 2389 Urbe
1244 2356 1377 2399 eiusque
1410 2355 1574 2395 districtu,
1608 2366 1704 2398 quam
1736 2355 1769 2387 in
1800 2355 1869 2386 aliis

1135 2409 1390 2452 quibusminique
1417 2407 1600 2440 civitatibus
1634 2408 1729 2440 etiam
1761 2407 1870 2439 Ferra-

1136 2461 1241 2500 riensi,
1263 2460 1473 2500 Bononiensi,
1493 2461 1737 2499 Beneventana,
1763 2461 1867 2492 Anco—

1134 2515 1243 2547 nitana
1278 2519 1309 2547 et
1344 2514 1582 2552 Avenionensi‚
1610 2519 1642 2546 et
1678 2514 1748 2546 aliis
1773 2514 1867 2545 etiam

1135 2567 1316 2610 spec-{ticam
1340 2572 1369 2599 ct
1389 2567 1584 2599 indiviissluai‘u
1603 2567 1801 2598 mentionem
1822 2576 1870 2597 re—

1136 2621 1347 2663 quirentibus,
1373 2632 1550 2663 earumque
1578 2620 1749 2653 territoriis
1774 2625 1801 2651 01
1824 2619 1870 2652 di-

1870 245 1918 270 Αη.
1940 243 2054 270 &1072

1931 1148 2061 1173 Ampio-<ima

1878 1178 1982 1199 exemptio
1994 1176 2061 1194 1110111-

1878 1200 2061 1220 1·11111[1111111Ᾰ1111111

1878 1228 1903 1246 ab
1920 1228 2016 1247 omuibus
2027 1228 2061 1246 11ῑ1·

1879 1255 1919 1276 Ιίικ,
1935 1256 1974 1273 clix
