2279 3260
213 232 259 258 Au·
280 231 308 257 C.
330 232 396 259 1670

243 766 311 785 Causa
336 766 398 785 hnins

220 795 392 812 ‹·omii·iiiiicalto-

217 824 247 838 uu
263 818 375 839 calet-aus.

229 1659 393 1680 communicatio

444 222 506 255 *15³8

407 280 553 313 ci11s1h=111
574 277 840 324 Cougrcgati'onis
858 282 1076 326 praepositum
1092 293 1146 324 gc-

407 335 571 374 neralcni,
606 335 719 366 fratres
754 340 784 366 et
810 335 990 374 moniales,
1019 335 1143 373 domos,

405 391 599 426 conwntus,
627 387 786 429 collegia,
819 392 991 430 ceteraque
1024 386 1146 418 eisdem

404 437 603 480 pertinentia
623 439 813 481 respective,
837 439 1022 482 privilegiis,
1041 438 1146 470 indul-

405 489 462 531 tis,
488 490 744 534 immunitatibus
762 517 769 531 ‚
796 491 1072 533 exemptionibus,
1100 489 1146 521 in-

406 542 581 584 dulgentiis
597 548 628 575 ct
645 543 768 585 gratiis,
785 543 869 574 (licto
884 542 995 575 Ordini
1014 552 1148 574 conces-

407 595 449 627 sis
468 600 498 627 et
518 596 744 634 conwdcndis,
763 596 820 635 uti,
839 595 935 638 potiri
955 600 987 626 et
1007 595 1147 637 gaudere

410 648 529 680 debere
560 648 781 687 declaraverit,
808 653 840 679 ct
870 647 949 680 alias
985 653 1081 691 prout
1116 646 1147 678 in

410 701 562 743 praefatis
589 701 704 733 litteris
726 700 856 732 uberius
882 699 1090 740 continctur;

454 754 468 796 ἓ
500 753 530 785 02.
559 753 646 785 Licet
677 758 782 785 autem
817 754 930 785 fratres
961 752 1147 785 Carmelitac

411 805 709 838 Calccatiomniluis
731 805 919 848 privilegiis,
937 804 1148 847 indulgentiis

411 862 442 889 et
454 857 563 900 gratiis
574 858 735 900 praefatae
749 857 1001 900 Congregatioui
1017 858 1148 889 fratrum

409 910 683 943 Discalceatorum
702 910 863 943 concessis
892 906 1047 943 hactenus
1063 910 1147 942 fruiti

409 963 474 996 sint
498 964 529 995 in
549 963 610 995 vim
630 963 732 995 dictae
755 963 993 1003 declarationis,
1016 974 1086 1006 qna,
1108 963 1148 995 ob

408 1016 612 1048 identitatem
629 1016 774 1048 ciusdem
793 1016 1063 1058 Congregationis
1077 1026 1148 1048 cum

409 1068 528 1101 Ordine
544 1068 771 1108 Carmelitauo,
793 1068 982 1100 decernitur
999 1068 1039 1108 id,
1062 1069 1147 1111 quod

410 1122 465 1153 uni
492 1127 540 1153 cst
570 1132 776 1161 concessum,
804 1121 893 1154 altcri
924 1131 1055 1164 qnoque
1082 1126 1149 1153 tan-

410 1185 506 1216 quam
533 1174 701 1216 proprium
720 1179 915 1216 competere,
935 1173 1083 1206 nonnulli
1105 1179 1149 1205 ta-

411 1237 483 1258 men
514 1226 598 1259 circa
632 1227 694 1258 hoc
724 1228 908 1269 scrupulum
933 1226 1069 1259 subinde
1095 1237 1149 1269 pa-

412 1279 538 1319 tiantur,
562 1290 600 1311 eo
627 1280 711 1322 quod
738 1289 802 1311 non
823 1279 907 1311 adsit
931 1289 1083 1321 expressa
1101 1279 1150 1310 dc-

413 1332 546 1363 claratio
565 1342 624 1374 pro
637 1331 786 1363 fratribus
800 1331 980 1364 Carmelitis
994 1330 1148 1364 Calceatis
1171 1341 1173 1346 ·

413 1384 507 1416 sicuti
529 1390 576 1417 est
592 1395 651 1427 pro
676 1384 896 1416 Discalccatis:
916 1383 1009 1416 nobis
1027 1389 1151 1426 propte-
1172 1399 1174 1436 ᾗ
1193 1386 1301 1418 onmia
1321 1386 1456 1429 perindc¹
1477 1398 1512 1418 ac
1542 1386 1566 1418 si
1585 1386 1691 1419 eidem
1710 1387 1820 1420 Ordini
1847 1388 1933 1420 eius-

413 1448 465 1469 rea
492 1437 593 1469 dictus
611 1437 788 1469 Matthaeus
804 1439 894 1480 prior
911 1437 1071 1480 generalis
1093 1437 1151 1468 hu-

412 1490 533 1522 111iliter
559 1490 734 1533 supplicari
762 1490 835 1522 fecit
862 1490 944 1522 utin
963 1490 1150 1533 praemissis

412 1548 596 1585 opportune
621 1543 794 1585 providere
821 1548 853 1575 et
878 1549 912 1575 ut
937 1544 1021 1575 infra
1045 1543 1152 1575 indul-

414 1607 489 1639 gere
516 1597 553 1629 de
579 1596 778 1639 benignitate
805 1597 982 1639 apostolica
1007 1597 1153 1639 dignare-

415 1660 497 1682 mur.
524 1649 586 1682 Nos
605 1650 712 1692 igitur,
734 1650 834 1693 ipsius
861 1650 1010 1683 Matthaei
1036 1661 1152 1694 procu-

414 1703 527 1735 ratoris
552 1703 712 1746 generalis
739 1703 820 1736 votis
846 1704 905 1736 hac
930 1704 961 1735 in
988 1715 1021 1736 re
1052 1714 1154 1747 quan-

416 1762 480 1788 tum
498 1767 569 1789 cum
589 1756 724 1789 Domino
742 1767 913 1800 possumus
935 1757 1154 1790 favorabiliter

413 1819 555 1841 annuere
587 1810 743 1849 volentes,
771 1820 912 1853 eumque
937 1821 954 1842 a
989 1810 1153 1854 quibusvis

414 1861 771 1902 excommunicationis,
802 1862 1024 1906 suspensionis
1050 1869 1081 1896 et
1105 1863 1153 1896 in-

414 1915 550 1955 terdicti,
574 1915 711 1958 aliisque
726 1910 952 1948 ecclesiasticis
971 1916 1151 1957 sententiis,

414 1967 559 1999 censuris
577 1972 608 1999 et
624 1967 748 2011 poenis,
768 1978 784 1999 a
798 1967 866 2000 iure
887 1969 934 2000 vel
955 1968 993 2000 ab
1009 1969 1151 2009 homine,

416 2020 527 2063 quavis
546 2020 714 2052 occasione
739 2021 787 2053 vel
813 2022 907 2052 causa
932 2021 1019 2061 latis,
1039 2022 1064 2054 si
1083 2023 1154 2066 qui-

418 2075 476 2105 bus
502 2071 748 2116 quomodolibet
772 2073 946 2105 innodatus
972 2074 1088 2115 existit,
1115 2076 1154 2108 ad

364 2159 374 2168 ,
418 2125 564 2158 elfectum
588 2125 811 2169 praesentium
846 2126 1011 2159 dumtaxat
1040 2138 1154 2161 consc-

419 2179 603 2222 quendmu,
631 2179 745 2210 harum
772 2178 855 2211 serie
892 2180 1099 2213 absolventes
1124 2188 1156 2214 et

418 2233 603 2264 absolutum
630 2232 698 2264 fore
724 2237 904 2272 censentes,
930 2243 966 2264 ac
988 2238 1051 2265 tam
1068 2244 1156 2277 prae-

419 2286 567 2323 satarom,
594 2295 688 2328 quam
718 2284 853 2318 aliarum
879 2296 1155 2330 quarumcumque

419 2338 597 2370 litteraa‘uin
632 2337 902 2380 apostolicarum,
941 2339 979 2371 ad
1015 2339 1157 2373 favorem

419 2396 672 2423 memoratorum
712 2391 845 2423 fratrum
886 2391 1157 2426 Discalceatorum

421 2454 600 2487 eorumque
621 2443 889 2486 Congregationis
915 2446 1159 2487 quomodolibet

422 2503 448 2530 e!
479 2497 747 2539 quandocumque
773 2502 1001 2538 emanatarum,
1030 2503 1158 2532 tenores

422 2549 652 2593 praesentibus
687 2560 746 2592 pro
778 2551 875 2594 plene
907 2555 939 2582 et
961 2551 1159 2584 sufficienter

424 2602 586 2646 expressis
600 2601 771 2635 etinsertis
790 2601 956 2644 habentes,
973 2603 1158 2638 huiusmodi

986 234 1165 258 BULLMUI'M
1190 234 1340 259 uolumini

1188 282 1485 325 simplicationibus
1511 283 1674 323 inclinati,
1704 283 1846 326 praefato
1872 283 1929 316 Or-

1190 335 1255 368 dini
1293 335 1426 379 eiusque
1455 337 1603 370 fratribus
1629 338 1785 371 Caheeatis
1809 343 1842 370 ct
1862 348 1929 370 nic-

1190 387 1338 428 nialibus,
1357 400 1392 421 ac
1414 389 1570 430 domibus,
1589 390 1813 430 conventibus,
1835 391 1917 423 colle

1190 440 1262 482 giis,
1276 441 1459 484 ceterisque
1477 442 1516 474 ad
1531 443 1662 475 eosdem
1681 442 1930 486 quomodolibet

1190 492 1428 534 pcrtinentibus
1451 495 1642 537 respective,
1669 500 1704 527 ut
1726 496 1877 528 omnihus
1899 500 1930 527 et

1190 544 1323 587 singulis
1348 545 1535 588 privilegiis,
1555 547 1698 586 indultis,
1725 547 1931 580 imnnniitati-

1190 596 1258 636 bns,
1284 597 1555 639 exemptionibus,
1581 599 1790 641 indulgentiis
1815 604 1932 642 etgra-

1192 649 1252 690 tiis,
1278 660 1359 692 quae
1385 649 1486 682 dictae
1513 650 1763 693 Congregationi
1796 652 1931 685 fratrum

1190 701 1480 741 Discalceatorum,
1506 702 1638 746 eiusque
1665 704 1815 736 fratribus
1832 731 1839 744 ,
1865 715 1931 737 mo-

1191 754 1349 793 nialibus,
1376 755 1533 795 domibus,
1566 756 1722 798 collegiis,
1749 757 1931 800 ceterisque

1191 807 1228 839 ad
1255 806 1355 850 ipsam
1382 807 1670 850 congrcgationem
1685 809 1933 851 quomodolibet

1191 859 1429 901 pertinentibus
1449 860 1604 892 hactenus
1629 871 1688 903 per
1712 860 1829 893 Scdem
1852 861 1932 903 Apo-

1191 911 1334 944 stolicaui
1353 912 1608 954 quomodolibet,
1627 912 1724 945 etiam
1746 923 1819 945 cum
1846 915 1932 946 clau-

1192 965 1261 996 sula
1287 964 1483 1007 prohibitiva
1507 965 1828 1005 comnnmicationis,
1856 976 1932 998 con-

1192 1027 1277 1049 cessa
1294 1018 1422 1048 fuerunt
1438 1022 1469 1049 et
1487 1018 1518 1049 in
1548 1018 1686 1050 futurum
1712 1018 1933 1061 quandocum-

1192 1080 1252 1112 que
1278 1070 1508 1109 conccdentur,
1536 1070 1709 1103 dummodo
1736 1075 1841 1103 tamen
1868 1070 1933 1103 sint

1191 1122 1223 1153 in
1248 1133 1329 1161 usu,
1365 1133 1424 1155 nec
1458 1128 1605 1155 revocata
1641 1128 1695 1155 aut
1731 1123 1791 1155 sub
1824 1123 1932 1166 aliqua

1192 1175 1398 1207 revocatione
1424 1176 1671 1218 comprehensa,
1699 1175 1931 1219 pariformiter‚

1192 1233 1223 1260 et
1246 1228 1366 1270 absquo
1394 1229 1458 1260 ulla
1484 1238 1618 1270 prorsus
1655 1228 1861 1268 dill'erentia,
1886 1229 1932 1261 uti

1193 1280 1278 1319 frui,
1306 1280 1402 1323 potiri
1436 1286 1467 1313 et
1491 1282 1632 1323 gaudere
1659 1281 1762 1314 libere
1789 1287 1820 1314 et
1844 1281 1932 1315 licite

1193 1333 1319 1376 possint
1356 1338 1387 1365 et
1421 1334 1549 1365 valeant
1581 1333 1611 1366 in
1643 1333 1791 1366 omnibus
1819 1340 1850 1366 et
1875 1345 1933 1378 per

1193 1449 1253 1481 que
1281 1438 1430 1470 fratribus
1465 1438 1621 1472 Calceatis
1658 1445 1690 1472 et
1713 1440 1931 1480 monialibus,

1194 1502 1229 1522 ac
1254 1491 1416 1531 domibus,
1443 1492 1666 1533 conventibus,
1693 1493 1853 1535 collegiis,
1884 1504 1934 1525 ce-

1195 1543 1335 1586 terisque
1350 1544 1389 1575 ad
1404 1543 1508 1587 ipsum
1533 1544 1684 1582 Ordinem
1712 1545 1934 1588 spectantibus

1195 1596 1378 1628 huiusmodi
1404 1596 1596 1629 nominatim
1622 1603 1653 1629 et
1678 1608 1833 1640 expresse
1859 1608 1936 1631 con-

1194 1659 1285 1681 cessa
1300 1649 1436 1681 fuissent
1453 1655 1484 1681 et
1499 1650 1532 1683 in
1554 1651 1693 1682 futurum
1718 1651 1937 1683 concederen-

1197 1708 1254 1742 tur,
1281 1702 1472 1735 auctoritate
1493 1703 1685 1746 apostolica,
1713 1708 1826 1736 tenore
1844 1715 1936 1747 prae-

1195 1755 1344 1795 sentium,
1367 1756 1574 1789 concedimus
1594 1762 1626 1789 et
1650 1757 1867 1799 indulgemus.

1239 1809 1253 1852 ξ
1290 1808 1321 1841 3
1361 1808 1577 1841 Decerneutes
1617 1809 1746 1841 easdem
1783 1820 1936 1852 praesen-

1197 1867 1243 1895 tes
1274 1862 1397 1895 litteras
1431 1873 1563 1905 scmper
1594 1861 1725 1902 firmas,
1751 1862 1871 1896 validas
1905 1869 1937 1895 et

1196 1916 1342 1948 efficaces
1370 1914 1506 1948 existere
1532 1920 1563 1947 et
1588 1916 1675 1956 fore,
1703 1926 1844 1959 suosque
1869 1917 1938 1959 ple-

1197 1969 1305 2001 narios
1331 1973 1362 2001 et
1385 1967 1529 2010 integros
1555 1967 1685 2000 effectus
1704 1968 1815 2000 sortiri
1833 1975 1864 2001 et
1883 1969 1940 2002 ob-

1197 2022 1319 2061 tinere,
1347 2026 1378 2054 et
1403 2021 1478 2060 illis,
1508 2021 1545 2053 ad
1572 2031 1652 2064 quos
1673 2026 1796 2064 spectat
1828 2027 1859 2061 et
1878 2033 1937 2065 pro

1198 2081 1343 2117 tempore
1376 2074 1648 2116 quandocumque
1691 2074 1886 2117 spectabit,v
1906 2075 1938 2107 in

1198 2127 1349 2160 omnibus
1379 2131 1410 2158 et
1434 2136 1493 2169 per
1518 2126 1626 2158 omnia
1658 2126 1847 2169 plenissime
1876 2127 1939 2160 suf-

1198 2179 1330 2222 fragari,
1360 2178 1473 2221 sicque
1490 2178 1522 2210 in
1548 2179 1734 2222 praemissis
1759 2190 1818 2223 per
1843 2191 1939 2224 quos-

1198 2242 1335 2276 cumque
1366 2231 1487 2264 iudices
1513 2232 1695 2264 ordinarios
1715 2237 1745 2264 et
1759 2233 1937 2276 delegatos,

1199 2285 1294 2319 etiam
1312 2295 1477 2317 causarum
1496 2284 1607 2328 palatii
1622 2285 1791 2328 apostolici
1817 2286 1939 2319 audito-

1199 2350 1261 2380 res,
1285 2338 1422 2371 iudicari
1449 2344 1480 2371 et
1501 2338 1628 2371 deliniri
1655 2338 1788 2381 debere,
1804 2349 1840 2372 ac
1865 2339 1938 2372 irri-

1202 2398 1265 2424 tum
1283 2396 1314 2424 et
1331 2391 1427 2423 inane
1445 2391 1472 2423 si
1494 2401 1586 2424 secus
1612 2401 1714 2434 super
1739 2390 1790 2424 his
1823 2403 1840 2425 a
1859 2402 1938 2436 quo-

1201 2455 1306 2488 quam,
1338 2443 1447 2487 quavis
1481 2443 1687 2483 auctoritate,
1713 2444 1856 2478 scienter
1887 2447 1939 2479 vel

1202 2498 1399 2540 ignoranter,
1420 2497 1594 2540 contigerit
1611 2497 1782 2530 attentari:

1245 2551 1310 2594 §4¹-
1333 2550 1402 2583 Non
1428 2550 1633 2584 obstantibus
1665 2551 1874 2594 praemissis,
1900 2562 1936 2585 ac

1203 2606 1312 2638 nostra
1329 2609 1359 2638 et
1375 2603 1588 2637 cancellariae
1606 2604 1806 2651 apostolieae
1825 2606 1936 2652 regula

1927 234 1977 262 An.
1999 236 2027 263 C.
2053 237 2118 264 itu-,0

1973 1819 2086 1840 Deru-otum
2105 1821 2133 1840 ir·
2178 1844 2181 1846 ,

1946 1849 2020 1866 ritans.

1973 2556 2130 2579 Contrariorum

1947 2585 1965 2605 di
1976 2588 2066 2610 togatum·-
