2279 3260
225 185 273 209 An.
295 184 324 209 C.
350 182 415 208 ¹073
460 173 524 205 [100

419 229 600 262 decembris
633 239 806 270 imchxni,
827 227 1033 271 pontificatus
1051 225 1153 259 nostri

418 292 503 314 anno
530 292 572 314 iv.

815 333 837 366 I.
865 333 900 365 G.
925 332 1063 364 Srrsuis.

452 396 510 423 nat.
529 396 572 422 die
588 396 621 423 ί23
637 395 787 422 decembris
809 395 886 428 1673,
913 393 1008 428 pontif.
1031 400 1102 418 annio
1118 397 1151 417 lv.

455 457 619 490 Πεμίείναία
636 458 664 482 in
680 456 844 482 Sem-clario
862 454 958 483 Brev„
976 453 1005 478 in
1018 452 1066 477 lib.
1077 459 1154 477 men-

417 501 456 528 sris
477 501 622 532 ianuar-2⁴1⁴,
640 503 726 534 purte
756 506 773 532 1,
793 499 844 532 fol⁴
866 498 925 523 1:31.

720 638 846 671 CXLIX.

422 719 488 752 Pro
512 718 665 761 episcopis
689 716 823 747 vicariis
855 714 1040 757 aposlolicis
1070 713 1157 756 apud

467 772 569 808 Sinas,
588 774 655 807 ele„
674 769 856 810 prorossatv'o
884 766 1053 809 facultatis
1077 765 1159 797 ordi-
1178 784 1181 814 η,

466 823 570 854 nandi
608 821 780 862 indifferens
820 820 958 851 illarum
997 819 1155 862 partium,

466 875 561 906 etium
588 875 707 916 abs-que
733 873 837 912 tilulo,
863 883 933 904 cum
961 871 1090 903 indulto
1114 871 1159 902 eis

466 926 688 958 commutandi
711 925 855 967 officium
879 925 1040 957 divinum.

641 1005 775 1030 Clemens
796 1004 876 1036 Papa
898 1004 938 1035 X,

565 1048 601 1075 ad
622 1048 755 1074 futuram
775 1047 820 1074 rei
840 1046 1021 1074 memoriam.

258 1129 351 1149 Litterae
370 1128 415 1148 Ale-

232 1157 303 1175 xandri
316 1154 350 1174 vn
363 1154 415 1174 rese-

233 1185 310 1202 runtur.

469 1119 483 1161 ξ
512 1118 538 1150 l.
559 1119 645 1150 Alias
671 1123 862 1150 emanarunt
886 1129 900 1150 a
928 1117 1028 1150 felicis
1055 1127 1162 1150 recor-

427 1171 565 1204 dationis
590 1172 772 1204 Alexandro
791 1171 876 1214 Papa
901 1171 951 1203 Vll
976 1170 1162 1213 praedeces-

427 1235 498 1256 sore
535 1229 648 1256 nostro
689 1224 815 1255 litterae
852 1223 884 1255 in
924 1223 1022 1256 simili
1059 1223 1162 1255 forma

428 1276 550 1316 Brevis,
580 1276 699 1308 tenoris
724 1276 777 1318 qui
803 1276 965 1318 sequitur,
990 1275 1160 1308 videlicet:

591 1329 779 1361 Alcammler
803 1329 897 1371 Papa
927 1327 999 1367 Vll,

537 1381 580 1412 ad
603 1382 751 1423 suturam
777 1381 826 1413 rei
849 1381 1046 1412 memoriam.

472 1433 609 1465 Iniuncti
636 1433 729 1465 nobis
747 1432 898 1465 caelitus¹
924 1432 1094 1475 pastoralis
1119 1431 1164 1464 os-

431 1486 496 1518 ficii
522 1487 603 1518 ratio
629 1487 768 1528 postulat
796 1491 829 1518 ut
853 1485 935 1518 nihil
965 1485 1091 1518 anobis
1112 1485 1166 1517 de-

430 1539 561 1571 siderari
596 1538 779 1581 patiamur,
816 1549 880 1580 quo
911 1537 1087 1570 christiana
1119 1547 1165 1569 re-

429 1591 519 1633 ligio,
536 1591 727 1634 praesertim
747 1590 779 1622 in
800 1591 987 1633 longinquis
1005 1590 1163 1633 partibus,

431 1644 557 1677 felicius
581 1644 613 1675 in
639 1644 715 1683 dies,
747 1643 911 1686 aspirante
956 1648 1053 1686 atque
1078 1643 1166 1676 adiu-

432 1702 525 1729 vante
558 1696 703 1734 Domino,
737 1697 841 1728 valeat
869 1696 1055 1739 propagari.

484 1750 570 1781 Alias
610 1748 767 1791 siquidem
807 1749 1010 1781 venerabiles
1054 1749 1168 1781 fratres

433 1802 636 1834 Franciscum
656 1802 742 1834 Palla
760 1801 1045 1845 Heliopolitanum,
1061 1812 1097 1834 ac
1112 1802 1168 1834 Pe-

434 1861 515 1887 trum
540 1855 689 1887 Lambert
713 1855 932 1898 Berytensem,
951 1866 1077 1888 necnon
1096 1860 1170 1888 tunc

435 1908 468 1939 in
496 1907 643 1940 humanis
677 1914 825 1950 agentem
855 1909 961 1941 bonae
992 1908 1168 1941 memoriae

435 1960 592 2003 ignatium
602 1960 770 1993 Cotolendi
784 1961 1096 2004 Metellopolitanum
1108 1961 1170 2003 epi-

436 2022 572 2055 scopos,
598 2012 733 2045 vicarios
765 2013 961 2056 apostolicos
993 2014 1170 2056 respective

436 2064 469 2096 in
501 2064 645 2107 partibus
670 2065 837 2105 Sinarum,
864 2066 923 2098 sub
948 2066 1041 2098 certis
1072 2067 1169 2099 modo

438 2122 470 2149 et
501 2117 602 2149 forma
627 2122 701 2149 tunc
733 2118 913 2160 expressis,
932 2118 1168 2161 deputavimus.

480 2169 521 2202 Ut
537 2175 642 2202 autem
661 2170 691 2202 in
709 2171 855 2213 partibus
874 2171 1046 2214 praedictis
1065 2183 1171 2205 saeer-

439 2223 550 2255 dotum
590 2222 815 2265 indigenarum
849 2224 1010 2257 ordinatio
1046 2225 1171 2258 facilius

438 2275 568 2318 peragi,
609 2280 703 2318 atque
739 2276 785 2309 ita
815 2275 894 2309 fides
931 2278 1090 2312 catholica
1114 2279 1172 2311 ibi-

439 2329 512 2361 dem
535 2327 680 2368 firmius,
706 2329 921 2363 benedicente
945 2330 1098 2371 Domino,
1124 2343 1172 2364 ra-

439 2381 536 2414 dicari
562 2382 702 2422 valeret,
729 2382 916 2414 memoratis
940 2382 1110 2416 Francisco
1137 2395 1173 2416 ac

439 2433 532 2466 Petro
558 2439 590 2467 et
613 2434 736 2477 Ignatio
762 2434 923 2478 episcopis
951 2446 1021 2468 cum
1046 2437 1173 2470 christi-

256 2176 361 2202 Facultas,
371 2183 426 2198 com-

243 2204 335 2233 mutandi
364 2204 426 2225 horas

245 2236 365 2251 canonicos.

476 2507 486 2529 1
519 2503 677 2531 Huiusmodi
710 2504 816 2531 litterae
844 2505 871 2531 in
897 2505 1033 2535 Bullario
1060 2507 1174 2535 Alexan-

440 2548 481 2575 dri
501 2548 544 2575 Vll
565 2557 617 2575 non
638 2548 796 2584 legebantur
816 2549 852 2584 (R.
874 2549 921 2584 T.).

999 179 1178 204 BULLARIUM
1202 178 1353 204 ROMANUM

1934 179 1981 204 An.
2002 178 2032 204 C.
2055 176 2121 204 ¹673

1196 224 1345 258 fidelibus
1377 227 1559 259 earumdem
1594 227 1732 270 partium
1754 226 1925 268 indigenis,

1197 278 1257 309 sibi
1297 279 1474 321 respective
1507 279 1551 311 uti
1577 279 1701 311 vicariis
1739 278 1926 321 apostolicis

1198 329 1380 362 huiusmodi
1395 341 1455 373 pro
1476 337 1620 374 tempore
1640 331 1788 370 subditis,
1806 336 1839 363 ut
1857 330 1928 373 ipsi,

1198 382 1272 414 licet
1296 382 1416 415 idioma
1444 383 1578 416 latinum
1604 395 1669 417 non
1695 384 1927 423 intelligerent,

1197 434 1419 475 nihilominus,
1439 436 1612 468 dummodo
1630 436 1709 469 illud
1731 437 1840 478 legere
1858 445 1931 467 nos-

1197 491 1277 525 sent,
1304 487 1414 529 eisque
1440 497 1543 519 canon
1569 488 1686 520 missae
1715 499 1750 520 ac
1774 489 1930 520 formulae

1199 544 1471 571 sin-ramentorum
1488 539 1648 572 Ecclesiae
1675 540 1929 578 declararentur,

1199 591 1236 623 ad
1263 602 1374 624 omnes
1412 592 1506 624 etiam
1543 603 1651 626 sacros
1688 594 1930 636 presbyteratus

1200 644 1341 684 ordines,
1359 645 1491 677 servatis
1509 645 1588 677 alias
1613 645 1791 685 servandis,
1807 655 1933 688 promo-

1199 707 1280 735 veri,
1308 701 1339 728 et
1368 697 1509 739 promoti
1536 697 1566 729 in
1594 697 1657 730 illis
1689 698 1785 730 etiam
1822 698 1933 730 altaris

1200 748 1382 780 ministerio
1416 748 1598 781 ministrare
1638 749 1740 782 libere
1778 755 1809 781 et
1847 749 1933 781 licite

1201 806 1334 843 possent
1347 806 1379 833 et
1395 802 1546 839 valerent,
1568 801 1787 844 dispensandi,
1807 812 1934 834 necnon

1201 854 1421 886 recitationem
1446 854 1542 886 officii
1564 855 1672 894 divini,
1700 855 1852 887 horarum
1879 854 1937 886 sci-

1203 906 1279 939 licet
1309 906 1537 938 canonicarum
1558 933 1564 946 ,
1593 907 1715 939 eisdem
1739 906 1936 940 chrIstifide-

1203 959 1286 991 libus
1316 959 1347 991 in
1373 959 1598 991 recitationem
1631 960 1767 992 aliarum
1802 970 1935 1002 precum

1204 1010 1371 1043 incorum
1407 1011 1517 1052 linguai
1551 1010 1686 1045 arbitrio
1715 1024 1771 1045 suo
1796 1023 1938 1045 commu-

1205 1064 1302 1103 tandi,
1318 1065 1513 1104 facultatem,
1529 1065 1722 1097 auctoritate
1747 1065 1937 1108 apostolica,

1205 1117 1243 1149 ad
1264 1117 1467 1159 septennium
1483 1117 1656 1157 dumtaxat,
1674 1118 1888 1150 concessimus
1908 1123 1939 1149 et

1205 1169 1360 1212 impertiti
1385 1180 1505 1209 sumus,
1538 1175 1570 1202 et
1595 1170 1673 1203 alias
1698 1175 1795 1213 prout
1819 1171 1851 1202 in
1878 1176 1940 1203 ter-

1206 1222 1254 1253 nis
1279 1221 1396 1253 nostris
1422 1221 1453 1253 in
1488 1221 1584 1254 simili
1620 1222 1722 1254 forma
1748 1223 1855 1255 Brevis
1891 1223 1941 1255 lit-

1207 1274 1282 1306 teris
1308 1274 1358 1306 die
1383 1284 1401 1306 x
1426 1274 1619 1316 sel‘itembris
1643 1284 1762 1308 mncfflx
1783 1280 1815 1307 et
1836 1275 1887 1307 die
1903 1285 1943 1307 xx

1207 1327 1400 1368 septembris
1444 1336 1549 1359 MDCLx
1585 1327 1766 1370 respective
1803 1328 1943 1370 desuper

1208 1379 1375 1422 expeditis,
1404 1390 1538 1422 quarum
1566 1384 1694 1412 tenores
1716 1380 1942 1422 praesentibus

1207 1441 1265 1473 pro
1290 1432 1386 1473 plene
1423 1436 1455 1463 et
1487 1431 1683 1464 sufficienter
1718 1431 1881 1474 expressis
1906 1442 1943 1464 ac

1208 1485 1246 1516 de
1271 1484 1368 1517 verbo
1394 1484 1432 1516 ad
1457 1484 1590 1517 verbum
1614 1484 1742 1517 insertis
1760 1484 1872 1517 haberi
1895 1495 1943 1517 vo-

1208 1538 1325 1576 lumus,
1345 1536 1477 1569 uberius
1495 1538 1692 1569 continetur.

1253 1589 1330 1621 Cum
1363 1594 1490 1629 autem,
1523 1588 1606 1622 sicut
1638 1600 1697 1632 pro
1730 1594 1819 1632 parte
1852 1600 1943 1632 prae·
1970 1601 2138 1631 ,racuiiasor-

1211 1642 1347 1674 satorum
1378 1641 1537 1674 Francisci
1570 1647 1600 1674 et
1630 1642 1716 1674 Petri
1752 1628 2139 1680 vicariorumllllffll‘ksdffi‘il

1210 1694 1463 1738 apostolicorum
1498 1700 1532 1726 ut
1562 1695 1743 1738 praefertur
1775 1682 2044 1739 deputato·i›¹¹r¹i‘}'2x.¹¹t
2067 1687 2086 1700 ’Π
2106 1685 2139 1700 ‘u'

1211 1758 1281 1780 rum
1317 1748 1412 1780 nobis
1448 1758 1554 1791 nuper
1579 1748 1762 1791 expositum
1793 1748 1874 1789 suit,
1900 1748 1946 1782 di-

1211 1806 1297 1834 ctum
1323 1800 1530 1844 septennium
1556 1811 1665 1833 versus
1695 1801 1794 1834 finem
1819 1802 1881 1834 iam
1907 1795 1967 1834 la?

1211 1853 1313 1893 batur,
1340 1854 1425 1885 bona
1450 1863 1523 1886 vero
1548 1853 1676 1886 stabilia
1700 1853 1885 1886 Sinensium
1908 1855 1947 1886 ad

1213 1906 1414 1949 possidentes
1438 1907 1581 1938 absolute
1608 1917 1673 1939 non
1698 1912 1855 1949 spectent,
1891 1908 1947 1940 sed

1212 1960 1342 1993 illorum
1368 1959 1491 1991 domini
1522 1957 1613 1991 sunt¹
1635 1969 1745 2001 reges,
1773 1959 1828 2002 qui
1866 1959 1949 1992 dicta

1213 2013 1309 2051 bona,
1335 2011 1449 2055 quibus
1474 2011 1600 2043 libitum
1627 2017 1685 2051 est,
1716 2011 1779 2043 vita
1810 2012 1946 2044 durante

1213 2065 1413 2104 concedunt3
1434 2075 1469 2096 ac
1489 2063 1625 2107 proinde
1643 2075 1742 2106 super
1762 2065 1947 2097 huiusmodi

1212 2118 1306 2151 bonis
1342 2117 1492 2160 perpetui
1525 2117 1708 2160 patrimonii
1746 2119 1854 2151 titulus
1891 2129 1949 2161 pro

1214 2171 1404 2205 ordinandis
1421 2171 1460 2204 ad
1479 2181 1586 2204 sacros
1611 2171 1742 2204 ordines
1760 2182 1819 2214 per
1839 2182 1951 2204 eorum

1214 2230 1366 2268 parentes
1404 2234 1460 2256 seu
1485 2224 1566 2256 alios
1593 2224 1625 2256 in
1649 2223 1714 2257 illis
1739 2225 1885 2267 partibus
1903 2235 1951 2256 as-

1215 2277 1336 2320 signari
1370 2287 1435 2309 non
1469 2277 1589 2320 possit:
1628 2288 1695 2318 nos,
1722 2278 1951 2320 propagandae

1214 2330 1401 2373 firmiusque
1427 2330 1620 2362 radicandae
1652 2329 1684 2362 in
1710 2330 1854 2363 eiusdem
1880 2341 1953 2373 par-

1215 2384 1300 2417 tibus
1332 2383 1511 2416 catholicae
1547 2382 1632 2422 fidei,
1669 2388 1822 2425 quantuni
1860 2383 1952 2416 nobis

1215 2447 1253 2469 ex
1273 2437 1338 2469 alto
1365 2435 1568 2475 conceditur,
1593 2437 1775 2468 consultum
1802 2447 1874 2469 esse
1899 2447 1952 2468 cu-

1215 2490 1351 2533 pientes,
1369 2489 1537 2532 dietosque
1553 2488 1757 2522 Franciseum
1771 2494 1803 2522 et
1823 2489 1951 2522 Petrum

1250 2552 1263 2577 1
1288 2551 1381 2585 Aptius
1401 2551 1458 2586 lege
1479 2552 1534 2578 sint
1554 2552 1591 2586 (a,
1607 2552 1656 2584 τ.).
