2279 3260
217 259 265 285 An.
287 259 315 285 (ἶ.
341 257 401 282 um

245 424 313 444 Causa
328 425 399 446 decta-

218 455 314 472 ΓλΙΙυῺΙδ.

251 1637 324 1657 omnia
348 1638 406 1661 gesta

225 1670 261 1690 ςιι-ι·
277 1664 315 1683 hos
333 1663 407 1683 fratres

225 1692 330 1710 atu-atala
349 1695 398 1709 ruvo

226 1719 307 1737 cantur.

455 246 514 279 170

413 305 473 336 tiae
499 310 750 336 cousentaneum
784 312 854 335 esse
879 301 911 334 in
943 295 1076 333 Domino
1101 309 1170 344 ar-¹

412 357 580 389 bitramur.

455 410 469 452 ἓ
494 409 524 440 ’1.
543 408 620 441 Cum
645 409 752 451 itaque
773 407 869 450 (sicut
885 404 1084 448 accepimus)
1100 402 1148 435 di-

411 461 488 494 lecti
514 460 567 493 tilii
587 460 700 493 fratres
718 458 897 492 Excalceati
922 456 1051 490 Ordinis
1075 455 1150 487 Ere-

412 514 562 545 mitarum
587 513 688 545 sancti
715 510 885 553 Augustini
911 509 943 541 in
970 518 1071 550 regno
1092 507 1150 539 Ln-

413 565 546 598 sitaniae
556 563 790 597 monasterium
804 560 1030 604 Conceptionis
1044 560 1078 592 B.
1092 559 1150 591 Ma-

415 618 479 650 riae
508 618 646 660 Virginis
676 617 913 654 lmmaeulatae,
944 613 976 645 in
1007 623 1070 655 quo
1098 611 1151 644 de-

415 677 504 714 gunt,
523 676 663 702 erectum
685 679 744 711 pro
770 669 847 700 cura
863 665 1053 699 monialium
1072 664 1151 697 eius·

415 725 488 757 dem
501 722 638 763 Ordinis,
653 733 669 754 a
687 720 910 754 iurisdictione
929 718 1037 751 dilecti
1056 717 1152 750 etiam

416 777 471 809 filii
497 776 614 819 prioris
641 773 802 817 generalis
827 773 926 805 totius
950 770 1077 804 Ordinis
1099 770 1153 802 hu-

415 828 552 860 iusmodi
572 826 762 866 exemerint,
782 831 813 857 et
833 823 1077 867 congregationi
1094 822 1152 854 Ex-

415 883 630 914 calceatorum
654 878 829 922 Hispaniae
855 876 1073 917 subiecerint,
1096 885 1153 908 no-

414 934 508 967 vinos
540 934 577 965 ad
612 932 756 965 habitum
783 930 985 969 admiserint,
1012 934 1045 961 et
1071 938 1152 960 nova

417 987 615 1020 monasteria
641 986 761 1018 ibidem
788 984 914 1026 erigere
946 994 983 1015 ac
1020 981 1152 1014 fundare

411 1034 670 1084 praetenderint,
686 1038 848 1081 pendente
866 1034 1086 1069 controversia
1104 1044 1154 1065 su-

416 1104 475 1136 per
499 1091 685 1125 huiusmodi
702 1101 734 1123 re
753 1090 785 1122 in
797 1088 1048 1132 congregatione
1059 1097 1154 1120 vene-

416 1146 568 1179 rabilium
603 1145 732 1177 fratrum
767 1148 955 1175 nostrorum
986 1141 1017 1174 S.
1049 1141 1085 1173 R.
1116 1140 1151 1172 E.

417 1198 629 1232 cardinalium
654 1196 794 1240 negotiis
811 1201 843 1228 et
859 1193 1153 1228 consultationibus

417 1252 644 1295 episcoporum
669 1255 701 1283 et
725 1248 923 1292 regularium
955 1246 1152 1290 praeposita,

418 1305 552 1338 dilectus
578 1314 654 1336 vero
673 1302 756 1336 filius
777 1306 969 1345 procurator
993 1299 1155 1342 generalis

418 1358 518 1390 totius
541 1356 670 1389 Ordinis
695 1354 853 1398 praedicti
877 1352 1032 1386 institerit
1061 1362 1155 1384 revo-

418 1410 484 1442 cari
509 1409 674 1452 praedicta
702 1407 823 1447 omnia,
850 1411 962 1448 utpote
988 1410 1155 1444 attentata,

418 1468 448 1495 et
474 1461 660 1494 huiusmodi
687 1470 785 1492 novas
810 1459 993 1491 erectiones
1021 1463 1052 1490 et
1078 1458 1154 1489 sun-

418 1515 565 1548 dationes
587 1513 679 1547 dictis
705 1513 859 1545 fratribus
885 1511 1085 1551 Excalceatis
1110 1511 1155 1543 in-

419 1568 531 1602 terdici
557 1579 592 1600 ac
618 1565 803 1610 prohiberi:
1177 1577 1179 1599 t

462 1622 477 1666 ξ
502 1621 534 1654 ⁶2.
561 1620 641 1653 ilinc
674 1625 722 1652 est
746 1619 831 1662 quod
856 1628 922 1657 nOS,
943 1618 1054 1650 habita
1075 1618 1157 1649 rela-
1177 1607 1179 1612 ἲ

419 1675 506 1708 tione
531 1672 711 1706 sententiae
737 1670 998 1714 congregationis
1019 1671 1157 1703 nonnul-

419 1729 525 1760 lorum
557 1726 703 1758 eiusdem
734 1724 765 1757 S.
801 1724 838 1756 R.
876 1723 911 1756 E.
943 1715 1179 1756 cardinaliunr

420 1791 518 1825 super
550 1781 611 1812 hoc
646 1778 777 1822 negotio
810 1790 826 1810 a
855 1777 948 1810 nobis
973 1777 1159 1820 specialiter

421 1834 657 1878 deputatorum,
674 1832 728 1876 qui
743 1831 904 1864 rationum
917 1835 1081 1863 momenta
1096 1835 1157 1862 tam

421 1888 453 1920 in
488 1888 569 1920 facto
604 1896 698 1929 quam
734 1885 767 1917 in
798 1885 868 1917 iure
897 1894 957 1928 per
987 1888 1157 1926 utramque

420 1945 545 1984 partem
563 1939 658 1971 allata
673 1937 796 1981 pluries
815 1937 1020 1977 audiverunt,
1032 1941 1157 1969 contro-

419 1993 543 2026 versiae
570 1991 753 2024 huiusmodi
779 1990 876 2023 finem
908 1989 1079 2032 imponere
1104 2000 1157 2021 cu-

421 2046 560 2088 pientes,
578 2049 666 2076 motu
680 2043 824 2087 proprio,
844 2053 880 2075 ac
897 2053 933 2074 ex
949 2043 1037 2074 certa
1057 2042 1159 2074 seien-

422 2099 465 2130 tia
490 2102 522 2130 et
546 2098 673 2129 matura
695 2096 931 2129 deliberatione
957 2094 1084 2134 nostris,
1107 2095 1159 2127 de-

423 2163 485 2195 que
518 2150 717 2194 apostolieae
742 2148 913 2193 potestatis
937 2147 1157 2191 plenitudine,

424 2209 579 2237 attentata
603 2203 768 2246 praedicta
791 2202 973 2234 revocanda
989 2211 1068 2241 esse,
1090 2202 1161 2234 nul-

427 2260 556 2300 lumque
582 2257 629 2289 ius
654 2260 842 2299 competere
873 2254 1024 2286 fratribus
1052 2254 1161 2287 Excal—

428 2313 524 2344 ceatis
551 2309 723 2354 Hispaniae
754 2319 852 2352 super
882 2308 938 2341 illo
964 2308 1160 2340 monasterio

428 2366 640 2409 [lissipenae
659 2369 768 2396 erecto
786 2373 844 2406 pro
863 2364 938 2395 cura
962 2362 1161 2402 monialium,

427 2429 532 2461 neque
558 2427 629 2450 esse
654 2417 760 2449 locum
785 2414 1164 2448 dismembrationiillius

426 2483 443 2504 a
469 2471 626 2513 religione
642 2497 650 2510 ,
676 2479 737 2501 nec
774 2478 843 2501 esse
868 2468 975 2501 locum
1008 2467 1165 2500 erectioni

426 2534 587 2557 novorum
603 2527 822 2555 conventuum
841 2520 971 2553 fratrum
989 2520 1166 2553 Discalcea-

428 2584 534 2612 torum
559 2576 687 2610 Ordinis
705 2574 806 2608 sancti
823 2573 993 2617 Augustini
1014 2573 1046 2606 in
1063 2585 1165 2617 regno

1002 251 1179 276 mttmmt'n
1205 250 1354 273 nouaxtwt

430 2631 622 2672 Lusitaniae,
649 2635 757 2663 tenore
774 2628 995 2675 praesentium
1020 2627 1166 2661 decerni-

1192 309 1260 330 mus
1285 304 1317 330 et
1342 299 1561 337 declaramus,
1586 308 1622 330 ac
1654 302 1828 341 propterea
1853 295 1926 330 illos

1192 350 1273 392 erigi
1309 355 1364 383 aut
1399 351 1525 383 fundari
1560 352 1672 383 harum
1708 350 1791 382 serie
1816 349 1927 392 probi·

1192 401 1318 443 bemus,
1330 407 1361 434 et
1375 402 1548 446 praedictis
1566 402 1717 435 fratribus
1732 400 1928 434 Excalceatis

1193 453 1277 486 circa
1301 454 1555 498 suprascriptam
1576 454 1833 488 controversiam
1858 463 1928 497 per-

1193 512 1325 550 petuum
1342 507 1506 540 silentium
1523 507 1729 550 imponimus.

1237 560 1251 601 g
1276 559 1307 591 2.
1337 558 1554 591 Decet-nentes
1586 560 1713 592 easdem
1742 564 1928 602 praesentes

1194 611 1327 652 litteras,
1354 616 1385 643 et
1410 610 1441 643 in
1462 611 1507 643 eis
1524 617 1676 644 contenta
1697 621 1929 654 quaecumque,

1195 663 1290 696 etiam
1323 674 1359 696 ex
1387 674 1425 696 eo
1458 663 1543 706 quod
1570 663 1704 706 praefati
1733 664 1848 696 fratres
1871 663 1930 696 Ex-

1194 717 1340 757 caloeati,
1361 727 1417 749 seu
1444 716 1498 749 alii
1523 716 1661 759 quilibet
1685 716 1717 749 in
1742 716 1930 760 praemissis

1195 769 1351 802 interesse
1377 769 1534 802 habentes
1559 779 1617 801 seu
1641 769 1762 802 habere
1787 775 1933 813 praeten-

1197 823 1318 863 dentes,
1344 823 1408 855 illis
1427 833 1492 855 non
1509 822 1746 862 consenserint,
1763 832 1823 855 nee
1836 823 1875 855 ad
1896 833 1934 855 ea

1195 871 1307 915 vocati,
1326 875 1412 907 citati
1430 881 1460 908 et
1477 874 1573 907 auditi
1599 874 1726 915 suerint,
1744 885 1801 907 seu
1818 884 1855 907 ex
1873 874 1934 907 alia

1196 939 1399 972 quacumque
1424 930 1540 967 causa,
1566 929 1682 967 colore,
1708 931 1877 970 praetextu
1902 932 1934 959 et

1197 982 1300 1025 capite
1316 1009 1323 1021 ,
1349 982 1446 1014 etiam
1478 981 1510 1014 in
1537 991 1675 1024 corpore
1700 980 1778 1012 iuris
1802 980 1932 1019 clauso,

1198 1036 1287 1068 nullo
1312 1045 1452 1077 unquam
1479 1039 1623 1077 tempore
1649 1034 1688 1066 de
1713 1032 1934 1076 subreptionis

1197 1089 1246 1121 vel
1271 1087 1472 1130 obreptionis
1498 1092 1552 1119 aut
1574 1086 1731 1119 nullitatis
1755 1086 1852 1126 vitio,
1879 1096 1935 1119 seu

1198 1138 1386 1173 intentionis
1411 1145 1539 1172 nostrae
1561 1139 1789 1172 autinteresse
1815 1138 1936 1172 liaben-

1199 1194 1278 1226 tium
1304 1191 1499 1226 eonsensus¹
1536 1192 1640 1225 aliove
1665 1192 1814 1235 quolibet
1838 1191 1936 1224 etiam

1925 249 1971 274 An.
1994 248 2022 273 G.
2049 247 2110 274 ¹⁴37!

1940 571 2051 591 Clau-*ulae
2062 577 2122 596 prae-

1940 600 2068 618 servativa&-

1199 1246 1323 1279 sormali
1358 1250 1389 1278 et
1420 1244 1625 1278 substantiali
1651 1245 1778 1277 defectu
1804 1244 1933 1285 notari,
1955 1269 1957 1272 .

1199 1298 1400 1342 impugnari,
1427 1297 1578 1340 insi-iugi,
1604 1296 1789 1338 retractari,
1815 1302 1869 1330 aut
1897 1298 1937 1330 ad

1200 1352 1356 1384 terminos
1382 1351 1460 1383 iuris
1484 1350 1604 1390 reduci,
1625 1361 1681 1383 seu
1701 1350 1734 1382 in
1755 1355 1938 1383 controver-

1199 1405 1277 1437 siam
1296 1404 1415 1444 vocari,
1440 1409 1494 1436 aut
1514 1404 1665 1436 adversus
1691 1404 1763 1435 illas
1788 1403 1938 1446 aperitio-

1199 1458 1250 1491 nis
1263 1457 1338 1498 oris,
1352 1457 1566 1490 restitutionis
1580 1457 1612 1489 in
1623 1456 1797 1499 integrum,
1813 1456 1938 1489 aliudve

1201 1510 1427 1553 quodcumque
1453 1509 1542 1549 iuris,
1570 1509 1650 1554 sacti·
1672 1510 1720 1541 vel
1746 1508 1868 1551 gratiae
1891 1519 1940 1544 re-

1201 1562 1341 1595 medium
1367 1561 1523 1594 inteutari
1543 1562 1592 1594 vel
1610 1561 1790 1605 impetrari,
1811 1572 1866 1594 seu
1886 1561 1940 1594 im-

1201 1620 1337 1659 petrato,
1357 1613 1430 1646 aut'3
1447 1615 1542 1647 etiam
1561 1619 1660 1653 motu,
1681 1614 1818 1647 scientia
1834 1619 1866 1647 et
1880 1625 1939 1658 po-

1201 1667 1327 1700 testatis
1344 1667 1547 1710 plenitudine
1565 1667 1696 1710 paribus
1713 1677 1870 1700 concesso
1889 1668 1939 1700 vel

1202 1726 1352 1754 emanato
1375 1720 1560 1764 quempiam
1585 1720 1618 1752 in
1643 1720 1762 1753 iudicio
1780 1721 1831 1753 vel
1852 1726 1941 1753 extra

1201 1774 1281 1807 illud
1301 1773 1357 1813 uti,
1382 1784 1440 1805 seu
1466 1784 1500 1805 se
1526 1773 1634 1805 iuvare
1651 1782 1761 1816 posse,
1780 1772 1837 1805 sed
1855 1772 1940 1815 ipsas

1201 1832 1388 1871 praesentes
1413 1826 1538 1859 litteras
1565 1836 1698 1869 semper
1721 1825 1843 1866 firmas,
1866 1825 1942 1858 vali-

1202 1882 1258 1914 das
1277 1886 1308 1913 et
1333 1879 1477 1912 efficaces
1496 1879 1635 1912 existere
1653 1884 1683 1911 et
1702 1879 1783 1919 sore,
1801 1889 1939 1922 suosque

1201 1934 1366 1978 plenarios
1399 1938 1430 1965 et
1454 1933 1597 1975 integros
1621 1931 1750 1965 effectus
1776 1931 1884 1964 sortiri
1909 1938 1942 1965 et

1202 1986 1362 2025 obtinere,
1388 1996 1423 2017 ac
1445 1986 1484 2017 ab
1506 1985 1580 2025 illis,
1598 1985 1637 2017 ad
1662 1994 1745 2028 quos
1769 1987 1893 2028 spectat
1910 1990 1942 2016 et

1201 2050 1261 2084 pro
1294 2044 1441 2081 tempore
1467 2039 1738 2081 quaudofflimque
1765 2037 1939 2080 spectabit,

1202 2093 1432 2126 inviolabiliter
1457 2092 1677 2132 observai·i‚et
1696 2091 1761 2124 illis
1786 2090 1942 2134 respecti—

1201 2159 1239 2181 ve
1264 2147 1296 2179 in
1320 2147 1469 2179 omnibus
1489 2152 1519 2178 et
1545 2156 1603 2188 per
1628 2144 1735 2178 omnia
1750 2144 1940 2188 plenissime

1203 2199 1383 2242 suffragari,

1247 2254 1261 2296 ξ
1286 2253 1318 2285 4.
1345 2252 1460 2295 Sicque
1478 2257 1509 2284 et
1532 2262 1598 2284 non
1623 2251 1718 2284 aliter
1731 2249 1763 2282 in
1784 2250 1941 2293 praemis-

1204 2306 1247 2339 sis
1273 2316 1330 2349 per
1354 2315 1572 2349 quoscumque
1605 2303 1727 2337 iudices
1759 2303 1942 2336 ordinarios

1206 2359 1425 2401 etdelegatos,
1444 2358 1540 2390 etiam
1558 2367 1728 2391 causarum
1743 2356 1854 2400 palatii
1871 2367 1943 2401 apo-

1206 2412 1311 2446 stolici
1337 2412 1509 2451 auditores,
1530 2422 1565 2443 ac
1583 2411 1614 2443 S.
1634 2411 1671 2443 R.
1690 2410 1725 2443 E.
1746 2410 1941 2450 cardinales,

1208 2466 1304 2499 etiam
1330 2465 1369 2498 de
1394 2466 1495 2498 latere
1523 2465 1647 2506 legatos
1678 2469 1709 2496 et
1738 2462 1943 2506 Apostolicae

1208 2520 1300 2553 Sedis
1325 2519 1474 2558 nuncios,
1494 2519 1619 2550 sublata
1637 2517 1682 2550 eis
1699 2523 1731 2550 et
1750 2527 1861 2550 eorum
1880 2516 1946 2549 cui-

1245 2593 1255 2617 1
1278 2589 1349 2616 Edit.
1370 2588 1448 2615 main.
1469 2588 1534 2623 legit.
1552 2596 1689 2615 consensu
1708 2588 1748 2622 (R.
1763 2587 1812 2623 T.)-

1243 2635 1260 2662 2
1280 2635 1378 2662 Vocem
1392 2637 1443 2662 aul
1458 2641 1506 2661 nos
1521 2632 1644 2660 addimus
1658 2637 1696 2668 (a.
1713 2632 1762 2669 τ.).

1990 2261 2021 2281 lua
2045 2260 2136 2280 iudicari

1952 2288 2048 2308 mandat.
