2279 3260
178 229 232 256 An.
249 228 278 257 c.
300 228 368 256 1616
997 231 1140 257 emmens
1162 233 1180 257 x
1204 234 1253 258 τιν,
1776 233 1840 267 ota
1885 243 1938 270 An.
1957 242 1987 270 c.
2005 243 2072 271 ¹676

201 396 321 418 Exordium.

186 1447 349 1469 constitutiones

166 1475 349 1497 extiibenturk’on·

166 1500 225 1522 tisici.

191 2185 286 2207 Pontifex
307 2186 347 2207 has

174 2214 335 2242 constitutiones

162 2241 273 2260 committit
299 2245 348 2260 exa-

163 2265 213 2285 mini
240 2266 348 2290 nonnullo-
377 2286 383 2292 ,

163 2297 208 2311 rum
241 2293 347 2318 praelato·

163 2323 216 2338 rum.

564 278 724 307 ‘clemens
750 280 829 314 Papa
848 281 886 314 x,
1148 283 1300 316 correctis
1335 290 1367 318 et
1400 288 1601 329 emendatis,
1635 291 1878 324 constitutiones

492 324 528 351 ad
548 328 726 358 perpetuam
744 325 790 352 ¹2³
804 325 982 352 mmmmm·
1147 335 1231 378 ipsas
1249 337 1282 370 in
1300 350 1396 372 unum
1414 342 1563 374 volumen
1587 344 1688 385 redigi
1713 351 1876 386 curarunt,

413 384 615 418 Inscrutabili
648 386 773 419 divinae
805 386 1026 429 providentiae
1055 397 1104 419 ar·
1147 390 1267 422 tenoris
1293 392 1347 434 qui
1373 393 1528 437 sequitur,
1554 395 1721 429 videlicet:

369 447 448 470 cano
473 438 512 471 ad
536 439 710 481 pastoralis
736 439 900 482 dignitatis
927 439 1100 482 fastigium,

367 490 492 522 meritis
506 490 581 523 licet
597 491 785 535 imparibus,
805 492 916 531 evecti,
936 493 1001 531 illa,
1019 502 1101 534 quae

366 542 506 575 feliciter
539 544 757 586 gubernandis
784 555 821 577 ac
853 544 1024 577 salubriter
1055 545 1102 577 ‹li-

366 595 510 638 rigendis
534 596 845 639 (long-rogationibus
874 597 1100 640 religiosorum

365 647 510 681 virorum
535 649 604 682 leve
625 649 742 682 Christi
767 651 877 692 iugum
903 650 961 682 sub
985 650 1100 682 arctio-

1148 469 1398 504 Consn'cutitmes
1417 474 1580 515 (Jenerales
1596 476 1737 517 fratrum
1759 477 1879 510 Discal-

1187 528 1349 557 centorum
1391 526 1658 569 Coum-eqationis
1695 530 1879 572 Hispaniae

1189 574 1322 609 Ordinis
1353 578 1408 611 SS.
1434 579 1606 613 Trinitatis
1638 581 1877 625 Retlemplionis

1188 628 1405 671 Captivorum.

365 700 410 732 ris
434 700 626 744 disciplinae
659 703 862 735 observantia
893 703 1099 736 laudabiliter
1143 696 1271 728 POEGULAE
1295 708 1387 754 ⁶22²th
1410 701 1430 730 l·
1456 720 1494 725 —
1514 702 1651 758 Fratres
1679 704 1876 735 Discalceati

364 754 575 797 portantium,
593 766 629 788 ae
647 756 796 799 propriae
824 756 1012 799 alienaeque
1033 766 1097 788 non
1249 746 1384 778 0ffl¹¹¹¹⁸
1405 749 1468 778 SS-
1492 750 1672 788 Trinitans,
1696 757 1756 783 etc.

365 806 525 849 gpipifflflli
551 813 692 848 tantum,
719 809 774 841 Sssd
811 808 903 841 etjam
937 808 1098 851 corporali
1141 805 1231 846 Caput
1253 818 1272 837 Ι.
1289 826 1327 832 —
1347 810 1386 839 De
1408 813 1493 841 tribus
1516 815 1581 843 Polis
1602 815 1797 853 ‹ssa‘ttlialibug
1818 816 1877 845 obe-

365 859 459 892 galutj
484 860 626 893 studiosa
650 860 805 893 charitate
834 861 955 904 jugiter
976 861 1099 893 jugum-
1180 856 1306 886 dz’eutiae.
1320 860 1452 889 castitatis
1463 865 1487 889 cl
1500 864 1679 901 paupertatis,
1691 874 1722 893 ac
1736 864 1768 894 de
1781 869 1877 903 quarto

364 911 521 952 hentium,
539 913 572 946 in
596 913 740 946 Ecclesia
763 913 819 946 Dei
845 914 897 956 pie
925 919 1098 957 sancteque
1180 914 1231 933 ''²⁰''
1249 906 1396 937 ambiendi.

364 964 527 1006 institutis,
543 966 676 1009 provide
690 967 936 1009 prudenterque
953 967 1100 999 ordinata
1186 981 1207 1003 1.
1228 970 1383 1008 Quoniam
1401 974 1608 1009 obedientiae
1629 982 1787 1020 tamquam
1806 979 1874 1011 1)an

366 1027 436 1050 esse
460 1024 658 1058 noscuntur,
682 1023 716 1050 ut
739 1018 829 1050 firma
854 1028 984 1062 semper
1003 1024 1098 1062 atque
1144 1023 1375 1057 fundamentali
1393 1027 1495 1059 omnis
1510 1029 1706 1070 regularium
1723 1030 1874 1063 Ordinum

362 1069 485 1102 illibata
509 1069 696 1113 persistant,
719 1070 890 1113 apostolici
914 1071 1098 1103 muniminis
1143 1076 1331 1118 gubernatio
1363 1078 1531 1120 innititur,
1559 1081 1741 1124 intelligent
1765 1084 1876 1117 fratres

361 1122 538 1164 praesidio,
555 1133 625 1155 cum
652 1123 683 1155 id
701 1133 718 1155 a
734 1123 828 1156 nobis
846 1124 975 1166 petitur,
996 1124 1099 1156 liben-
1142 1135 1271 1162 nostrae
1296 1130 1563 1174 Congregationis
1589 1134 1728 1177 primum
1750 1136 1877 1170 humili-

360 1177 411 1206 ter
435 1174 639 1215 roboramus,
657 1175 739 1207 sicut
763 1176 802 1208 ad
828 1176 1048 1209 sanctissimae
1069 1182 1099 1209 et
1143 1182 1215 1214 tatis
1234 1184 1367 1225 gradum
1386 1195 1457 1217 esse
1484 1186 1702 1221 obedientiam
1722 1189 1790 1222 sine
1808 1201 1877 1224 mo-

360 1226 548 1261 individuae
573 1228 737 1262 Trinitatis
761 1229 910 1272 gloriam,
930 1230 1098 1273 religionis
1142 1236 1194 1275 1133
1216 1240 1289 1268 tunc
1310 1236 1396 1270 enim
1420 1238 1489 1281 ipsa
1514 1239 1702 1274 obedientia
1727 1249 1875 1286 accepta-

360 1279 596 1313 incrementum
622 1286 653 1314 et
677 1281 803 1315 felicem
828 1293 1044 1325 progressum,
1064 1294 1100 1316 ac
1141 1287 1214 1320 bilis
1240 1289 1301 1322 erit
1324 1290 1389 1323 Deo
1415 1296 1446 1324 et
1475 1292 1577 1325 dulcis
1610 1293 1808 1335 horninifflm,
1829 1296 1873 1336 si,

361 1332 543 1366 animarum
568 1335 703 1367 salutem
729 1335 761 1367 in
782 1335 918 1370 Domino
944 1337 1096 1380 expedire
1141 1341 1226 1384 quod
1250 1342 1389 1383 iubetur,
1416 1354 1482 1377 non
1507 1345 1645 1389 trepide,
1671 1357 1737 1380 non
1764 1349 1852 1381 tarde
1868 1376 1875 1389 ,

360 1386 564 1420 arbitramur.
1141 1404 1207 1427 non
1234 1396 1352 1438 tepide,
1371 1403 1426 1429 aut
1450 1408 1522 1430 cum
1546 1409 1718 1441 murmure,
1737 1402 1786 1434 vel
1803 1413 1877 1435 cum

404 1440 418 1482 ἓ
443 1439 475 1472 1.
501 1439 624 1484 Exponi
643 1441 803 1485 siquidem
821 1443 915 1475 nobis
933 1454 1037 1487 nuper
1054 1444 1097 1476 l'e-
1141 1448 1354 1490 responsione
1368 1450 1511 1484 nolentis
1530 1452 1700 1486 efficiatur:
1715 1454 1791 1497 quia
1805 1456 1878 1488 obe-

360 1492 404 1525 eit
428 1491 563 1526 dilectus
588 1493 673 1527 filius
691 1494 828 1528 Didacus
849 1507 866 1528 a
883 1496 961 1536 lesu,
980 1507 1098 1539 procu-
1141 1500 1273 1541 dientia,
1294 1512 1376 1545 quae
1400 1503 1577 1536 maioribus
1602 1506 1788 1548 praebetur,
1811 1507 1876 1541 Deo

359 1550 449 1578 rator
463 1546 624 1588 generalis
639 1546 908 1590 Congregationis
922 1548 1096 1591 Hispaniae
1140 1553 1321 1594 exhibetur,
1343 1555 1412 1598 ipse
1438 1557 1524 1588 enim
1549 1557 1638 1598 dicit,
1660 1559 1725 1598 Qui
1744 1570 1797 1592 vos
1815 1571 1875 1593 au-

360 1598 493 1631 sratrum
517 1599 788 1633 Discalccatorum
815 1601 943 1634 Ordinis
960 1602 1013 1635 SS.
1032 1602 1097 1635 Tri·
1139 1605 1187 1637 dit
1211 1617 1260 1639 me
1280 1607 1393 1648 audet,-
1413 1614 1529 1641 etcum
1546 1609 1633 1642 bono
1651 1611 1759 1644 animo
1777 1623 1795 1644 a
1813 1612 1876 1645 sra-

359 1651 470 1684 nitatis
496 1651 743 1695 Redemptionis
768 1653 983 1696 Captivorum,
1010 1656 1095 1699 quod
1140 1659 1243 1692 tribus
1276 1661 1425 1703 praeberi
1451 1668 1602 1705 oportet,
1630 1663 1704 1706 quia
1735 1664 1876 1698 hilarem

359 1703 474 1737 fratres
489 1704 592 1737 dictae
603 1704 870 1748 Congregationis
885 1707 918 1740 in
936 1708 1001 1741 suis
1015 1708 1097 1752 capi·
1139 1712 1282 1745 datorem
1306 1713 1418 1757 diliyit
1434 1714 1520 1747 Deus
1532 1727 1545 1755 ;
1562 1726 1634 1748 nam
1652 1716 1679 1749 si
1697 1727 1769 1750 cum
1789 1719 1874 1751 malo

359 1758 436 1790 tulis
466 1758 672 1800 generalibus
701 1759 823 1802 aliquas
848 1761 1095 1796 constitutiones
1116 1763 1120 1847 ¹
1139 1764 1246 1798 animo
1264 1765 1375 1799 obedit
1393 1767 1551 1809 subditus,
1567 1774 1598 1801 et
1612 1779 1678 1801 non
1692 1771 1794 1803 solum
1807 1781 1873 1812 ore,

357 1820 417 1854 pro
443 1811 529 1844 felici
562 1823 787 1856 prosperoque
819 1814 919 1857 ipsius
951 1815 1095 1859 Congre-
1137 1828 1248 1850 verum
1273 1819 1370 1851 etiam
1394 1819 1428 1852 in
1445 1821 1543 1853 corde
1562 1821 1587 1853 si
1607 1824 1871 1865 murmuraverit,

357 1863 497 1906 gationis
524 1864 682 1907 regimine
704 1871 735 1898 et
759 1867 920 1908 gubernio
938 1868 1094 1910 fecerunt,
1138 1871 1197 1903 etsi
1221 1871 1357 1915 impleat
1372 1872 1562 1914 iussionem,
1582 1879 1689 1908 tamen
1707 1881 1875 1919 acceptum

356 1925 437 1958 quas
455 1917 550 1950 etiam
575 1928 680 1961 nuper
706 1918 926 1952 definitorium
943 1923 1094 1964 generale
1115 1852 1119 1963 i
1137 1923 1200 1955 iam
1225 1934 1290 1956 non
1310 1924 1373 1957 erit
1396 1925 1473 1967 Deo,
1493 1927 1547 1969 qui
1564 1928 1768 1971 correspicit
1788 1940 1875 1962 mur-

356 1968 504 2002 eiusdem
536 1969 805 2013 Congregationis
839 1973 975 2014 revidit‚
1009 1975 1094 2007 auxit
1136 1976 1301 2017 lnurantis,
1324 1983 1356 2010 et
1379 1989 1439 2021 pro
1463 1979 1519 2012 tali
1544 1980 1626 2013 sacto
1651 1982 1773 2014 nullam
1799 1993 1874 2016 con-

357 2026 390 2054 et
405 2022 555 2062 correxit,
575 2033 611 2055 ac
636 2024 675 2056 ad
700 2025 783 2057 hanc
807 2025 953 2059 Sanctam
977 2027 1093 2061 Sedem
1137 2030 1285 2072 sequitur
1305 2031 1445 2073 gratiam,
1472 2032 1537 2065 imo
1563 2044 1701 2076 poenam
1726 2045 1871 2068 murmu-

356 2075 528 2107 transmitti
554 2076 685 2117 curavit,
703 2083 737 2109 ut
762 2083 876 2111 nostro
897 2084 929 2112 ct
946 2081 1092 2114 eiusdem
1136 2083 1274 2116 rantiuni
1294 2085 1439 2125 incurrit,
1454 2085 1480 2118 si
1498 2097 1565 2119 11011
1585 2097 1658 2120 cum
1679 2089 1872 2124 satisfactio-2

357 2126 449 2161 Sedis
474 2130 655 2171 patrocinio
675 2131 894 2165 munirentur.
1135 2148 1175 2170 ne
1202 2139 1434 2172 emendaverit.

401 2180 416 2223 ἓ
439 2180 470 2213 2.
497 2181 559 2215 Nos
584 2193 661 2216 vero
687 2184 816 2217 easdem
842 2186 1091 2221 constitutiones
1178 2200 1213 2222 11.
1240 2190 1388 2224 Ceterum
1411 2192 1560 2225 volumus
1593 2199 1624 2227 et
1649 2195 1869 2238 declaramus,

358 2234 451 2266 nobis
476 2235 634 2269 exhibitas
659 2238 826 2271 nonnullis
850 2238 1009 2273 Romanae
1034 2241 1092 2274 Cu·
1134 2248 1168 2274 ut
1193 2244 1437 2278 constitutiones
1469 2252 1598 2280 nostrae
1631 2259 1697 2281 non
1722 2250 1871 2293 obligent

1112 2322 1114 2331 .
1134 2307 1192 2329 nos
1218 2297 1257 2330 ad
1281 2299 1407 2341 culpam
1431 2300 1589 2333 lethalem
1615 2306 1670 2333 aut
1693 2303 1867 2344 venialem,

1134 2350 1190 2383 sed
1208 2350 1246 2382 ad
1264 2361 1411 2393 poenam,
1430 2352 1493 2385 nisi
1510 2360 1642 2397 propter
1657 2362 1869 2399 praeceptum

1133 2404 1182 2436 vel
1208 2408 1443 2447 contemptum.

1176 2466 1224 2489 111.
1252 2456 1466 2501 Praeceptum
1496 2465 1602 2493 autem
1626 2462 1750 2494 nullum
1774 2462 1869 2496 intel-

357 2297 425 2320 riae
438 2289 600 2330 praelatis,
615 2301 754 2333 quorum
766 2291 846 2324 fides
871 2304 907 2326 ac
920 2295 1092 2336 prudentia

357 2345 388 2373 et
405 2350 573 2374 sacrorum
589 2352 749 2377 canonum
764 2345 884 2388 peritia
907 2347 1000 2380 nobis
1018 2359 1092 2391 per-

357 2397 466 2436 specta
479 2399 535 2434 est,
552 2394 766 2430 discutiendas
783 2399 1011 2441 commisimus;
1026 2403 1088 2444 qui,

356 2446 517 2479 mandatis
540 2449 659 2481 nostris
676 2457 827 2494 prompto
850 2452 1008 2496 obsequio
1029 2464 1091 2487 mo-

356 2509 426 2532 rem
442 2505 600 2542 gerentes,
616 2501 686 2535 illas
712 2509 837 2537 mature
851 2505 1090 2550 diligmuerspte
1133 2509 1187 2551 ligi
1212 2510 1359 2543 volumus
1385 2517 1417 2544 et
1441 2512 1660 2553 declaramus,
1689 2514 1751 2547 nisi
1779 2516 1867 2558 quod

356 2553 590 2593 examinarunt,
608 2560 649 2597 ct,
667 2558 831 2590 nonnullis
846 2559 990 2601 sublatis,
1009 2571 1091 2594 non·
1133 2568 1258 2605 spectat
1282 2564 1321 2596 ad
1339 2564 1399 2596 tria
1416 2571 1488 2598 vota
1510 2567 1694 2599 essentialia
1724 2572 1756 2599 et
1775 2579 1867 2610 quar-

355 2604 454 2638 nullis
479 2605 623 2650 adiectis,
642 2607 788 2653 aliisque,
802 2611 855 2644 ubi
881 2624 962 2659 opus
985 2615 1088 2658 11101111
1134 2622 1198 2648 111111
1231 2626 1295 2649 11011
1329 2618 1490 2651 ambiendi
1517 2619 1547 2650 111
1582 2619 1717 2662 clericis,
1745 2626 1775 2653 01
1800 2632 1866 2655 non

1912 991 1922 1017 ς
1939 992 1956 1012 1.
1972 991 2002 1012 De
2023 995 2069 1012 vnto

1887 1018 2028 1039 obedientiae.
