2279 3260
126 234 165 262 An
201 237 230 262 C.
251 234 319 264 16Ἰο

169 979 310 1009 {Annibal-i-

129 1010 170 1027 iun·
185 1009 290 1031 ωΙικωιιιπ

157 2031 224 2051 Etiam
242 2031 261 2050 in
278 2036 312 2050 ar-

131 2057 177 2077 duis
186 2058 312 2078 „battis-nun

129 2085 183 2105 »ima
199 2083 245 2104 tuit.

321 289 403 317 ctam
428 283 515 318 illam
538 283 605 318 fore
622 294 659 317 ac
679 283 771 317 divae
789 282 981 316 Catliarinae
1001 283 1056 315 Se-

319 337 412 370 nensi
436 347 502 371 non
521 337 676 380 imparem
694 336 932 380 praesagirent.
951 335 1056 377 AEgris

318 389 510 433 praesertim
531 390 702 422 sollicitam
721 400 851 433 operam
869 389 1054 428 adhibebat,

317 443 389 475 illas
415 453 578 476 sacrorum
604 443 804 475 voluminum
835 443 974 476 lectione
1007 453 1056 475 re-

317 495 440 536 ficiens,
459 501 491 528 et
508 495 609 538 ignito
627 496 666 528 de
683 496 781 528 rebus
797 494 911 527 divinis
925 495 1055 538 eloquio

319 548 358 580 ad
377 549 550 581 caelestem
568 558 713 580 amorem
731 548 872 590 erigens.
891 548 961 591 Ipsa
977 558 1054 580 vero

320 600 400 632 adco
426 601 594 633 vulnerata
629 605 698 633 erat
730 600 842 633 iaculis
868 599 1054 639 charitatis⁷

321 652 402 685 adeo
417 652 575 685 inebriata
589 658 719 686 nectare
734 653 954 691 beatorunmit
966 653 1054 684 vultu

320 705 537 747 praeseferret
561 705 666 738 cordis
692 704 889 744 incendium,
915 704 1054 746 ideoque

320 768 472 790 accensae
497 768 589 790 rosae
614 757 756 800 speciem
782 757 945 789 interdum
970 756 1055 788 exbi—

321 810 432 851 berct,
459 811 561 843 instar
585 810 729 843 siderum
751 810 836 843 illius
861 809 942 842 oculi
973 808 1056 841 scin-

322 863 483 903 tillarent,
504 864 601 896 immo
622 863 787 905 angelicae
812 862 932 895 formae
958 861 1055 893 radiis

322 916 484 948 intuentes
509 916 633 948 bearet.

365 968 587 1001 sextodecimo
626 967 738 1000 aetatis
773 977 858 999 anno
893 967 1055 999 uberrima

321 1022 509 1065 profusione
528 1022 741 1064 lacrymarum
756 1032 772 1053 a
785 1021 974 1064 parentibus
992 1026 1056 1052 tan-

321 1075 393 1107 dem
411 1073 545 1106 extorsit
561 1073 743 1106 facultatem
764 1072 906 1115 religiosi
927 1073 1055 1105 babitus

319 1126 540 1170 suscipiendi,
565 1132 597 1159 et
633 1126 751 1167 gaudio
785 1126 991 1169 triumphans
1022 1126 1054 1158 in

319 1179 516 1212 monasterio
541 1178 573 1211 S.
599 1178 714 1211 Mariae
741 1179 780 1211 de
798 1179 930 1221 Angelis
951 1179 1056 1221 (cuius

318 1232 459 1275 parietes
484 1231 671 1264 suavissime
697 1231 920 1274 osculabatur)
945 1232 1054 1265 Ordini

318 1285 565 1317 Carmelitarum
591 1284 754 1327 adscripta
779 1289 839 1316 est.
860 1285 962 1327 Atque
981 1285 1005 1317 is
1023 1285 1055 1317 in

319 1336 372 1370 illa
397 1337 504 1369 statim
530 1336 731 1370 solitudinis'
755 1347 846 1369 amor
866 1337 997 1377 exarsit,
1022 1342 1057 1369 ut

320 1400 483 1432 nunquam
516 1389 555 1421 ad
581 1389 701 1422 ferreas
735 1395 837 1421 crates
863 1390 1055 1429 accesserit,

321 1443 381 1475 nisi
403 1447 578 1485 praecepto
596 1442 772 1485 superioris
787 1449 913 1482 coacta·y
930 1443 1015 1485 quod
1031 1443 1055 1475 si

322 1495 495 1538 aliquando
513 1506 530 1526 a
550 1495 616 1527 suis
634 1496 721 1528 illam
740 1496 871 1528 latebris
896 1496 1058 1528 abstrahe-

322 1547 384 1585 bat,
399 1549 436 1581 ad
464 1548 657 1591 supplicium
682 1549 853 1591 impellere
873 1548 1056 1587 videbatur;

322 1600 465 1644 ipsorum
498 1601 592 1634 etiam
623 1607 792 1644 parentum
818 1607 847 1634 et
868 1602 1059 1643 consangui-

321 1663 454 1685 neorum
486 1653 656 1696 colloquia,
686 1654 878 1697 praesertim
906 1654 1080 1693 virorumff

320 1706 539 1738 aversabatur.
554 1706 725 1739 Praeterea
745 1707 860 1739 mirum
880 1707 911 1739 in
928 1707 1058 1740 modum

320 1758 461 1791 sollicita
499 1764 569 1791 erat
604 1769 644 1791 ne
682 1760 801 1792 frustra
836 1765 1060 1793 contereretur

321 1816 470 1854 tempus,
498 1812 581 1854 quod
608 1812 723 1844 divinis
751 1812 923 1855 colloquiis
949 1824 1081 1845 conse-1

320 1865 476 1897 orandum
509 1870 589 1897 erat.
622 1865 659 1897 Et
687 1865 761 1908 quia
791 1865 930 1898 iustitiae
957 1872 1060 1899 custos

321 1916 485 1949 silentium
511 1922 572 1957 est,
601 1917 685 1950 illius
710 1918 798 1960 leges
824 1918 959 1950 servavit
986 1918 1060 1951 reli-

323 1969 518 2012 giosissime.

368 2023 391 2054 Α
417 2024 620 2066 superiorum
646 2030 725 2056 nutu
745 2035 784 2057 ne
806 2024 903 2056 latum
929 2025 1059 2067 quidem

323 2086 463 2117 unguem
489 2076 689 2117 discedebat,
716 2077 792 2110 licet
816 2088 881 2109 non
908 2088 978 2110 raro
1004 2077 1061 2110 im-

324 2182 458 2214 cxtasim
480 2188 590 2226 raptae
616 2183 731 2225 virgini
758 2183 840 2216 Deus
865 2183 1057 2226 imperabat,

323 2235 451 2268 nonnisi
493 2236 668 2268 accedente
709 2236 886 2278 superioris
926 2246 1058 2269 assensu

323 2289 555 2331 exequebatur.
583 2289 792 2322 Sanctissimo
811 2290 933 2322 ambitu
949 2289 1058 2322 vilium

322 2341 502 2374 officiorum
528 2342 761 2374 incendebatur
777 2353 784 2382 ;
803 2343 1004 2385 paupertatis
1033 2354 1060 2375 a·

324 2393 526 2426 mantissima
543 2394 718 2436 ,gestiebat
744 2395 768 2427 si
794 2395 871 2438 quid
898 2396 1060 2428 interdum
1081 2413 1082 2418 =

323 2446 406 2479 vitae
428 2448 647 2480 necessarium
672 2447 718 2480 illi
745 2449 919 2481 defuisset:
946 2459 1060 2481 novam
1082 2473 1083 2476 η

325 2509 509 2542 nunquam,
536 2500 592 2532 sed
624 2500 726 2542 magis
763 2501 905 2533 attritam
938 2506 1060 2534 vestem

364 2616 375 2642 1
398 2613 467 2641 Edit.
484 2613 561 2640 Main.
583 2614 645 2650 legit
661 2615 818 2643 soliludine
833 2616 871 2650 (n.
888 2616 936 2651 T.).

933 233 1076 259 eruut-258
1099 235 1116 258 Χ
1142 234 1190 258 ΓΡ.

1099 281 1295 325 quaerebat;
1323 291 1460 325 cumque
1483 283 1626 316 omnium
1646 293 1716 316 sese
1742 283 1835 315 virtu-

1099 339 1164 367 tum
1184 335 1289 367 ideam
1307 335 1500 367 monialibus
1520 336 1698 371 exhiberet.
1717 335 1832 368 iisdem

1098 388 1376 430 interrogantilms
1403 399 1467 431 quo
1484 394 1579 431 parto
1598 388 1748 429 religiosa
1773 389 1836 421 vita

1099 440 1296 473 instituenda
1323 440 1384 478 sit,
1412 441 1611 482 respondere
1637 441 1764 473 solebat
1796 451 1836 473 eo

1099 504 1229 537 semper
1253 494 1368 537 spiritu
1395 493 1583 532 vivendum,
1611 504 1705 536 quem
1730 493 1836 536 prima

1099 546 1264 587 ingressus
1290 547 1341 579 die
1377 551 1616 589 conceperant,
1647 557 1682 577 ae
1713 546 1835 578 nullum

1098 598 1256 641 privatum
1275 599 1483 631 connnodum
1504 599 1584 631 sacri
1599 598 1727 631 Ordinis
1746 598 1837 630 insti-

1099 657 1167 683 tuto
1193 651 1454 693 pracferemlum.

1142 703 1324 735 lnrredibili
1343 704 1459 736 ardore
1481 704 1578 736 animi
1597 703 1834 747 professionem

1098 755 1200 787 emisit
1228 756 1494 798 decimoseptimo
1527 758 1638 789 aetatis
1671 767 1776 788 anno:
1804 761 1836 788 et

1098 808 1136 840 de
1154 808 1297 840 claritate
1313 819 1461 840 crescens
1480 809 1510 841 in
1530 809 1708 841 claritatem
1731 819 1835 851 usque

1098 862 1135 893 ad
1162 861 1343 903 perfectum
1370 861 1481 901 diem,
1512 868 1547 894 ut
1571 872 1699 894 sorores
1724 871 1836 894 omnes

1098 913 1207 945 divino
1221 924 1328 945 amore
1345 914 1609 953 incenderentur,
1625 915 1750 947 illarum
1769 925 1838 946 mu-

1099 976 1177 998 nera
1201 965 1323 1005 obibat,
1357 966 1553 999 domesticos
1579 967 1707 1000 labores
1735 967 1838 999 nocti-

1098 1019 1157 1051 bus
1173 1029 1346 1062 peragens,
1365 1029 1444 1062 quas
1469 1020 1662 1063 plerumque
1689 1020 1838 1053 traduce-

1098 1072 1153 1103 bat
1176 1071 1358 1109 insomnes,
1384 1077 1420 1103 ut
1443 1072 1518 1105 illae
1543 1083 1652 1104 secum
1681 1073 1839 1115 transige-

1100 1129 1171 1156 rent
1195 1124 1263 1157 dies
1288 1124 1319 1156 in
1345 1124 1527 1157 divinarum
1563 1126 1837 1169 contemplatione

1099 1188 1219 1209 rerum.
1247 1178 1336 1215 Quod
1358 1177 1383 1209 si
1405 1178 1579 1221 aliquando
1599 1184 1836 1221 repugnantem

1098 1241 1227 1263 somnus
1244 1231 1451 1273 opprimeret,
1467 1232 1549 1263 miro
1568 1232 1690 1274 pudore
1708 1230 1835 1271 suffusa,

1099 1284 1234 1325 llagellis
1260 1284 1488 1326 corpusculum
1514 1284 1714 1324 cruentabat,
1740 1289 1768 1316 et
1795 1285 1835 1316 ad

1099 1347 1178 1379 opus
1203 1337 1470 1379 regrediebatur,
1495 1338 1551 1369 sed
1589 1337 1674 1380 quod
1708 1338 1739 1369 in
1764 1337 1836 1370 aliis

1101 1391 1207 1422 fovere
1233 1391 1398 1431 satagebat
1425 1391 1538 1422 orandi
1564 1391 1726 1429 studium,
1749 1390 1837 1422 miri-

1101 1443 1158 1476 fice
1176 1443 1232 1475 illo
1255 1443 1393 1486 ipsamet
1411 1444 1499 1485 virgo
1518 1444 1696 1483 aestuabat,
1716 1449 1748 1476 et
1764 1454 1839 1487 per-

1102 1496 1207 1539 petuis
1232 1496 1381 1538 precibus
1408 1503 1551 1529 sanctam
1577 1497 1642 1529 neo
1660 1497 1838 1530 Ecclesiam

1102 1550 1372 1589 conn‘nendabat,
1401 1551 1506 1582 dicere
1532 1556 1686 1583 consueta
1719 1550 1840 1583 Christi

1102 1612 1251 1645 sponsam
1285 1613 1349 1635 non
1378 1604 1606 1645 apptdlandam
1633 1614 1702 1635 esse
1724 1603 1841 1635 sancti-

1102 1655 1274 1688 monialem
1302 1656 1398 1694 illam,
1415 1667 1494 1698 quae
1514 1656 1599 1689 inter
1615 1656 1771 1688 orandum
1793 1667 1840 1689 se-

1103 1708 1179 1740 dulo
1203 1719 1329 1741 memor
1355 1719 1418 1741 non
1445 1715 1531 1741 esset
1555 1719 1694 1751 sponsae
1712 1708 1838 1740 divinae

1103 1761 1280 1793 catholicae
1307 1761 1479 1794 Ecclesiae.
1507 1762 1612 1793 Clioro
1638 1761 1740 1794 defuit
1759 1771 1840 1793 nun-

1103 1824 1210 1856 quam,
1229 1813 1290 1845 nisi
1312 1814 1351 1845 ab
1372 1813 1574 1855 aegritudine
1594 1814 1836 1856 prohiberetur.

1103 1866 1256 1899 Caelestis
1282 1867 1402 1899 amoris
1426 1866 1611 1898 incendium
1638 1865 1670 1898 in
1696 1866 1838 1898 omnium

1103 1918 1217 1950 animis
1250 1919 1390 1951 excitare
1422 1918 1592 1961 cupiebat,
1624 1924 1656 1950 et
1682 1918 1720 1950 ad
1751 1918 1840 1951 illum

1103 1971 1252 2014 perpetui
1278 1971 1400 2003 stimuli
1426 1976 1517 2003 erant
1544 1971 1751 2013 Magdalenae
1777 1973 1842 2004 col-

1104 2023 1220 2065 loquia,
1250 2023 1424 2066 perspicua
1451 2023 1572 2065 ingenii
1598 2023 1682 2055 acies
1700 2050 1707 2063 ‚
1730 2024 1842 2056 mode-

1080 2076 1242 2111 ,stissima
1270 2087 1403 2109 serenae
1445 2077 1559 2109 frontis
1597 2077 1814 2120 tranquillitas
1832 2104 1839 2115 ,

323 2135 477 2171 perarent
501 2130 614 2169 ardua;
634 2130 698 2162 imo
723 2130 817 2162 etiam
845 2130 908 2170 illa,
927 2141 1008 2173 quae
1027 2130 1058 2163 in
1080 2122 1082 2154 =¹

1104 2130 1296 2172 prudentiae
1319 2131 1427 2162 lumen
1447 2129 1581 2167 illustre,
1604 2135 1635 2162 et
1654 2130 1842 2172 prodigiosa

1104 2183 1292 2225 eloquentia
1317 2182 1348 2214 in
1375 2193 1524 2215 sermone
1543 2183 1582 2215 de
1605 2183 1700 2215 rebus
1725 2183 1841 2215 divinis

1103 2235 1229 2268 facilem
1251 2235 1296 2268 illi
1322 2236 1443 2268 aditum
1463 2235 1639 2278 praebebat
1659 2236 1697 2268 ad
1717 2236 1840 2268 animos

1103 2289 1320 2332 occupandos.

1146 2342 1209 2375 Sed
1245 2342 1431 2374 uberiorem
1469 2342 1641 2375 exercendi
1671 2342 1731 2374 zeli
1767 2353 1837 2375 ma-

1103 2394 1215 2427 teriam
1241 2395 1357 2427 sortita
1381 2401 1441 2435 est,
1468 2406 1539 2427 eum
1566 2395 1611 2427 illi
1636 2395 1841 2438 vigesimum-

1104 2448 1233 2481 tertium
1265 2459 1383 2481 annum
1417 2448 1524 2490 agenti
1562 2449 1756 2481 demandata
1793 2454 1841 2482 est

1104 2502 1340 2534 tiruncularum
1364 2512 1450 2542 eura,
1470 2512 1549 2544 quas
1568 2502 1754 2544 praesentia
1771 2502 1841 2545 ipsa

1104 2554 1251 2597 erigebat
1281 2555 1318 2587 ad
1349 2555 1454 2587 studia
1483 2555 1609 2592 divina,
1638 2561 1668 2588 et
1697 2566 1762 2588 uno
1794 2555 1840 2587 in-

1105 2608 1186 2640 tuitu
1210 2608 1375 2641 oculorum
1402 2609 1514 2652 culpae
1542 2607 1676 2640 alieuius
1694 2607 1839 2642 conscias

1749 224 1791 258 ’1ἷῖ
1839 234 1890 260 An.
1907 232 1935 259 C.
1955 228 2028 258 ¹030

1876 714 1930 734 tuno
1953 715 2029 733 aetati<

1846 748 1869 760 ιιι
1878 748 1898 760 ιο
1936 742 2028 760 ἀνι-ηιμ·-

1847 770 1936 792 septim.)
1952 771 2028 792 pinta--

1846 800 1926 813 ςιιιιιυιιι
1946 797 2030 813 emunt.

1872 1769 1909 1790 Stn
1919 1769 1946 1790 lin
1957 1770 2033 1789 oratiu-

1849 1802 1880 1816 nts
1896 1797 2015 1816 annuns-2.

1878 2350 1935 2370 Anno
1959 2350 2033 2370 awaus

1852 2377 1909 2401 nge-s
1920 2384 1951 2396 niu
1972 2380 2034 2395 tri-tio

1851 2407 1949 2427 maguum·
1977 2409 2034 2422 nnn·

1852 2434 1927 2449 {narium
1946 2429 2034 2454 ‹tt-puta-

1853 2459 1892 2476 lus.
