2279 3260
148 218 197 245 An.
219 218 249 245 C.
270 218 336 247 1676

970 221 1112 246 CLEMENS
1135 223 1151 245 Χ
1176 223 1224 246 ΓΡ.

340 268 525 312 theologiae
550 269 775 312 magistrorum
797 268 879 302 vices
903 268 1072 301 obtineant

337 321 460 354 vicarii.

382 385 424 408 lv.
452 374 685 407 Conventuales
704 375 827 418 aliquot
846 375 909 407 sint
926 375 957 406 in
976 375 1073 406 colle-

339 427 398 470 giis
415 427 453 460 ad
478 427 581 460 officia
596 438 707 460 eorum
731 428 868 469 agenda,
889 428 926 459 ad
947 427 1073 459 concio-

341 491 397 512 1105
415 479 581 512 habendas
599 485 629 512 01.
647 479 822 513 audiendas
842 479 1073 517 confessiones,

341 537 375 564 ut
399 532 443 565 sic
467 532 541 565 satis
559 533 712 576 temporis
733 537 860 565 maneat
884 532 1017 574 collegis
1037 532 1075 564 ad

341 585 490 618 studium.
511 585 547 617 Et
568 586 697 628 quando
715 591 859 628 tempore
878 584 1074 628 vespertino,

341 644 375 671 ut
398 639 494 671 moris
519 643 580 678 est,
603 639 826 672 conclusiones
845 638 1073 677 defenduntur,

342 692 367 724 si
393 692 622 725 conventuales
644 696 789 734 tempore
816 691 973 724 orationis
991 700 1075 722 111011-

342 744 413 778 talis
434 745 480 777 eis
509 755 574 777 non
599 744 760 784 assistunt,
787 749 880 777 orent
903 743 935 775 in
961 743 1072 775 choro.

384 808 414 830 v.
453 796 569 829 Cursus
604 796 782 829 litterarius
819 795 952 838 incipiat
982 805 999 826 a
1024 795 1075 827 die

341 850 372 883 S.
400 850 501 882 Lucae
534 849 768 891 Evangelistae‚
797 855 829 881 et
853 849 948 880 duret
971 857 1074 890 usque

341 903 381 935 ad
406 902 491 935 diem
515 901 644 944 vigiliae
670 901 876 934 Pentecostes
902 899 1072 933 exclusive.

341 955 443 988 Huius
465 954 622 997 temporis
646 954 782 986 decursu
809 952 945 995 singulis
962 952 1074 984 diebus

343 1018 407 1041 non
423 1007 543 1040 festivis
562 1006 680 1049 singuli
698 1008 834 1039 lectores
849 1004 1076 1048 philosophiae

343 1061 420 1093 duas
435 1060 557 1092 dictant
570 1059 743 1097 lectiones;
760 1058 878 1100 singuli
899 1067 972 1089 vero
988 1057 1077 1089 11100-

342 1112 446 1154 logiae
470 1121 575 1150 unam,
602 1115 634 1143 et
659 1110 822 1153 quaelibet
849 1109 1021 1142 cuiuslibet
1035 1109 1077 1141 10-

343 1165 440 1198 etoris
475 1163 571 1196 lectio
608 1173 665 1206 per
696 1173 791 1195 unam
826 1162 921 1195 duret
951 1163 1074 1195 horam.

341 1217 494 1250 Similiter
514 1215 651 1258 singulis
672 1216 797 1258 diebus
813 1215 930 1248 festivis
957 1225 1078 1258 expen-

343 1269 437 1302 datur
452 1278 516 1301 una
534 1268 614 1301 hora
638 1268 669 1300 in
687 1267 888 1300 conferentia
912 1267 1076 1307 litteraria,

343 1327 375 1355 et
404 1327 469 1354 tres
502 1321 535 1353 in
569 1319 834 1353 conclusionibus
867 1320 1077 1353 defendendis

343 1374 480 1417 singulis
506 1373 675 1406 dominicis
700 1373 824 1412 diebus,
841 1372 880 1405 ab
899 1373 977 1405 liora
996 1373 1078 1405 vide-

342 1427 419 1460 licet
437 1426 529 1459 tertia
546 1430 621 1469 post
637 1425 807 1458 meridiem
828 1436 931 1468 usque
954 1425 992 1457 ad
1010 1436 1078 1457 sex-

345 1485 419 1512 tam.
446 1479 522 1512 Post
553 1489 684 1511 cursum
707 1489 794 1519 vero,
817 1484 962 1521 tempore
990 1488 1079 1510 vaca-

344 1533 477 1572 tionum,
493 1531 543 1563 bis
568 1531 599 1563 in
630 1530 833 1564 hebdomada
857 1530 1078 1563 confer-entiae

343 1595 405 1629 per
429 1583 569 1628 spatium
600 1584 695 1615 unius
714 1583 812 1616 horae
837 1583 910 1623 sint,
927 1588 958 1615 et
981 1583 1079 1615 semel

345 1637 481 1680 singulis
504 1636 669 1669 mensibus
687 1636 914 1669 conclusiones
924 1646 982 1678 per
1000 1636 1078 1667 duas

345 1690 442 1723 horas
467 1693 605 1722 tantum.
633 1689 741 1721 Patres
768 1693 873 1720 autem
891 1688 1031 1720 ministri
1050 1694 1081 1721 et

345 1745 495 1783 lectores,
517 1747 615 1785 prout
638 1741 703 1774 illis
728 1741 843 1774 melius
868 1741 1020 1784 expedire
1041 1742 1080 1774 vi-

345 1807 414 1830 sum
446 1795 560 1834 suerit,
592 1794 810 1837 designabunt
846 1799 990 1838 tempora
1020 1806 1078 1838 pro

345 1848 438 1882 dictis
462 1846 636 1887 exercitiis,
657 1847 799 1890 exeeptis
817 1847 1080 1880 conclusionibus

344 1906 491 1944 tempore
518 1910 642 1940 cursus,
662 1910 743 1943 quae
767 1900 799 1932 in
826 1900 887 1932 iam
913 1900 1079 1943 designato

344 1953 572 1986 defendantur.

386 2016 431 2039 vi.
451 2004 634 2038 Communis
650 2004 800 2037 mentalis
817 2005 919 2038 oratio
936 2010 997 2038 tam
1014 2016 1080 2038 ma-

344 2059 449 2091 tutina
481 2068 576 2101 quam
608 2057 791 2100 vespertina
831 2068 961 2101 semper
991 2059 1032 2091 sit
1062 2070 1079 2092 a

345 2112 458 2155 quinta
481 2111 560 2144 hora
584 2120 684 2153 usque
710 2110 749 2142 ad
775 2115 909 2150 sextam,
936 2116 967 2143 et
990 2110 1079 2144 finita

344 2165 509 2204 matutina,
531 2164 709 2198 recitentur
726 2164 821 2197 simul
843 2164 954 2206 prima,
974 2166 1078 2205 tertia,

345 2222 432 2251 sexta
448 2222 480 2250 et
495 2227 580 2250 nona
597 2217 628 2248 in
647 2217 749 2259 spatio
764 2217 998 2260 aliquantulum
1014 2219 1080 2251 lon-

346 2270 436 2313 giore
462 2269 595 2302 dimidia
619 2270 709 2310 hora,
731 2274 763 2302 et
788 2270 983 2312 quandoque
1005 2281 1080 2313 pro-

345 2322 470 2362 lixiore,
496 2321 583 2354 iuxta
606 2322 761 2354 maiorem
785 2332 898 2354 earum
923 2323 1080 2365 quantita-

345 2381 422 2416 tem,
451 2380 483 2408 et
503 2374 541 2407 ad
567 2374 692 2407 initium
716 2375 838 2418 primae
860 2379 891 2407 et
915 2385 981 2408 11011
1005 2380 1079 2409 ante

345 2428 481 2471 incipiat
505 2427 680 2461 celebratio
706 2428 888 2461 missarum.

388 2492 445 2515 vll.
472 2480 506 2513 In
532 2480 641 2523 vigilia
665 2480 841 2514 Nativitatis
859 2481 985 2515 Domini
1007 2493 1080 2515 can-

345 2539 430 2568 tetur
452 2533 567 2577 prima,
585 2538 617 2566 et
633 2533 665 2565 in
683 2534 734 2566 die
760 2534 967 2567 Ascensionis
993 2545 1079 2568 nona

346 2598 385 2621 eo
403 2586 499 2619 modo
518 2591 551 2619 et
572 2591 714 2629 tempore
737 2596 772 2619 ac
795 2587 828 2619 in
845 2588 1077 2629 conventibus,

434 2648 513 2676 Ball.
537 2649 619 2675 Rom.
636 2664 668 2667 —
689 2649 748 2675 Vol.
767 2650 872 2677 XVIII.
1020 2651 1054 2677 82

1117 269 1210 302 tertia
1236 279 1365 312 quoque
1398 274 1531 302 canatur
1563 270 1744 302 immmliate
1776 275 1848 301 ante

1116 322 1245 354 missam
1270 324 1517 355 conventualem
1543 322 1573 354 in
1600 323 1651 354 die
1672 323 1848 354 Nativitatis

1118 374 1262 415 Domini,
1293 375 1394 417 prima
1425 375 1475 407 die
1499 375 1661 414 Paschae,
1688 386 1722 407 ae
1749 374 1848 417 prima

1117 426 1334 466 pentecostes,
1349 438 1474 460 necnon
1494 427 1524 459 in
1543 426 1768 458 festivitatibus
1783 427 1850 469 Epi-

1118 479 1280 522 phaniae,
1312 480 1550 523 Assumptionis
1586 479 1699 511 Beatus*
1736 478 1849 509 Mau-iae

1116 524 1268 573 Virginis,
1285 531 1463 564 Nativitatis
1486 531 1517 563 S.
1536 530 1663 563 loannis
1680 530 1849 572 Baptistae,

1119 582 1274 616 Natalitiis
1292 583 1338 616 Ss.
1355 584 1584 627 Apostolorum
1601 583 1684 615 Petri
1705 588 1735 613 et
1753 583 1849 621 Pauli,

1119 635 1218 667 sancti
1244 636 1448 678 patriarchae
1474 635 1573 668 nostri
1592 633 1718 667 loannis
1736 635 1773 666 111.-
1793 634 1852 666 ,1111-

1121 688 1185 727 tha,
1203 698 1239 721 ac
1263 689 1295 720 in
1322 690 1401 721 festo
1419 688 1567 720 Omnium
1594 688 1793 725 Sanctorum,
1821 687 1851 718 in

1120 740 1236 782 quibus
1269 740 1382 772 diebus
1415 745 1501 773 sexta
1531 745 1563 773 01
1586 750 1672 772 nona
1705 739 1853 771 dicentur

1121 793 1236 825 eodem
1252 798 1394 836 tempore
1413 798 1444 826 et
1460 792 1650 836 pausatione
1672 802 1707 824 ac
1729 791 1761 823 in
1779 802 1853 824 con-

1121 845 1280 878 ventibus.

1164 908 1232 931 vni.
1263 898 1358 931 Missa
1383 898 1604 931 conventualis
1630 903 1763 931 canatur
1788 909 1855 930 om-

1120 950 1215 983 nibus
1233 951 1403 983 dominicis
1430 951 1555 991 diebus,
1573 957 1604 983 et
1624 951 1739 984 diebus
1761 952 1855 984 seria-

1121 1003 1179 1043 tis,
1211 1014 1247 1035 ac
1278 1003 1311 1035 in
1344 1003 1567 1036 festivitatibus
1594 1004 1710 1036 Beatae
1736 1003 1854 1036 Mariae

1120 1055 1267 1098 Virginis,
1293 1060 1324 1088 et
1348 1056 1474 1088 Ordinis
1500 1056 1612 1096 nostri,
1639 1061 1734 1100 atque
1759 1057 1855 1090 etiam

1121 1107 1154 1140 in
1180 1107 1230 1140 die
1255 1107 1419 1147 cinerum,
1448 1108 1480 1140 in
1507 1108 1586 1140 feria
1611 1108 1743 1151 quinta,
1769 1111 1857 1141 sexta

1122 1165 1153 1193 et
1169 1160 1301 1193 sabbato
1318 1160 1450 1193 maioris
1477 1161 1714 1200 hebdomadae,
1735 1161 1767 1193 in
1784 1161 1857 1203 vigi-

1120 1210 1162 1246 lia
1176 1213 1390 1252 Pentecostes‚
1410 1213 1442 1245 in
1461 1213 1511 1246 die
1533 1213 1856 1246 Commemorationis

1122 1266 1266 1300 omnium
1288 1267 1527 1307 defunctorum,
1546 1277 1581 1298 ae
1599 1266 1630 1298 in
1648 1271 1787 1310 quatuor
1804 1277 1858 1299 an-

1122 1319 1306 1353 niversariis
1331 1320 1418 1359 anni,
1443 1325 1539 1363 atque
1558 1319 1653 1352 ctiam
1679 1320 1807 1363 quando
1826 1319 1859 1351 fit

1123 1372 1263 1405 officium
1282 1373 1320 1405 de
1336 1372 1444 1416 aliquo
1463 1377 1571 1405 sancto
1590 1378 1729 1416 martyre
1746 1373 1779 1404 in
1797 1374 1859 1405 col-

1122 1425 1207 1468 legio
1232 1425 1289 1458 illo
1314 1425 1370 1457 ubi
1395 1435 1514 1468 eorpus
1544 1425 1595 1457 vel
1628 1425 1763 1467 insignis
1790 1425 1859 1457 eius

1122 1478 1259 1521 reliquia
1272 1482 1465 1510 asservatur.
1477 1477 1647 1510 Praeterea
1661 1477 1693 1509 in
1708 1478 1858 1511 omnibus

1123 1531 1269 1573 collegiis
1290 1530 1386 1563 debet
1409 1530 1530 1563 cantari
1548 1530 1643 1562 missa
1663 1530 1694 1562 111
1713 1531 1858 1573 exequiis·

1123 1588 1306 1616 nostrorum
1324 1583 1552 1626 religiosorum
1570 1583 1804 1623 destinatorum,
1827 1588 1860 1616 et

1123 1636 1251 1679 quando
1270 1645 1305 1667 ex
1328 1635 1494 1668 dotatione
1513 1636 1563 1668 vel
1581 1635 1641 1668 alia
1659 1635 1857 1678 obligatione

1123 1689 1278 1731 perpetua
1306 1687 1369 1720 sive
1391 1687 1563 1730 temporali
1584 1687 1621 1719 ad
1642 1687 1674 1719 id
1695 1692 1857 1720 tenentur:

1123 1741 1273 1774 secundis
1297 1751 1373 1773 vero
1399 1740 1488 1773 seriis
1506 1751 1522 1773 a
1543 1741 1657 1782 regula
1682 1741 1859 1783 designatis

1123 1795 1249 1827 dicatur
1273 1794 1371 1826 missa
1391 1794 1458 1826 sinc
1478 1798 1573 1826 cantu
1599 1805 1658 1837 pro
1685 1794 1856 1827 defunctis:

1123 1850 1160 1880 ea
1184 1846 1287 1887 finita,
1318 1847 1372 1879 siat
1396 1858 1412 1879 a
1443 1847 1673 1880 communitate
1697 1848 1857 1880 absolutio

1122 1900 1264 1933 fidelium
1279 1900 1506 1933 defunctorum
1525 1910 1595 1931 cum
1613 1904 1721 1932 cantu.
1737 1900 1770 1932 111
1786 1911 1859 1943 qua-

1124 1959 1194 1987 tuor
1218 1958 1325 1987 autem
1360 1953 1534 1996 praedictis
1567 1953 1795 1985 anniversariis
1828 1959 1859 1986 et

1122 2007 1154 2039 in
1184 2006 1499 2040 Commemoratione
1538 2006 1681 2038 omnium
1714 2005 1857 2038 fidelium

1123 2060 1347 2093 defunctorum
1372 2064 1446 2103 post
1470 2058 1598 2091 missam
1617 2058 1671 2091 fiat
1687 2069 1747 2101 per
1772 2060 1857 2091 clau-

1123 2117 1224 2145 strum
1248 2111 1425 2155 processio,
1444 2116 1476 2144 et
1488 2111 1546 2145 ubi
1572 2111 1636 2144 hoc
1660 2122 1724 2143 non
1750 2111 1856 2149 suerit,

1123 2170 1270 2198 cantetur
1293 2165 1454 2198 absolutio
1480 2165 1512 2196 in
1539 2165 1687 2197 eeclesia.

1167 2229 1208 2251 lx.
1235 2218 1404 2261 Vesperae,
1426 2217 1486 2250 nisi
1508 2227 1546 2250 eo
1573 2217 1624 2250 die
1651 2217 1799 2250 habenda
1817 2218 1859 2250 sit

1123 2271 1220 2304 lectio
1245 2270 1438 2314 vespertina,
1460 2271 1509 2302 vel
1535 2270 1758 2303 defendendae
1784 2281 1858 2303 con-

1123 2324 1302 2363 clusiones,
1330 2328 1500 2363 canantur,
1527 2328 1589 2355 tani
1615 2322 1737 2365 primae
1763 2333 1857 2365 quam

1124 2377 1293 2416 secundae,
1316 2387 1354 2410 eo
1376 2381 1522 2419 tempore
1550 2381 1581 2408 01
1598 2375 1802 2408 solemnitate
1821 2386 1858 2407 ae

1123 2430 1155 2462 in
1169 2429 1392 2470 conventibus,
1408 2429 1511 2461 tribus
1526 2428 1638 2471 primis
1653 2428 1764 2461 diebus
1777 2428 1858 2460 Nati-

1123 2483 1228 2516 vitatis
1252 2482 1393 2523 Domini,
1416 2482 1517 2515 tribus
1541 2481 1716 2521 paschatis,
1744 2491 1779 2513 ac
1804 2481 1858 2513 tri-

1123 2536 1183 2568 bus
1200 2535 1420 2575 Pentecostes‚
1435 2544 1563 2567 necnon
1582 2534 1614 2566 in
1632 2533 1856 2567 festivitatibus

1124 2587 1177 2622 SS.
1214 2587 1403 2629 Trinitatis,
1436 2587 1586 2630 Corporis
1621 2585 1763 2627 Christi,
1792 2585 1857 2620 Cir-

1749 212 1811 245 11111)
1859 221 1895 246 An

1901 241 1907 247 .
1925 221 1955 248 C.
1975 221 2040 246 1676
