2279 3260
236 226 287 252 An.
303 226 332 252 c.
356 226 421 254 ¹073
467 217 530 251 530ss

303 814 417 832 Contrariis

235 840 331 864 derogat.

428 277 614 319 apostolicis
644 277 926 312 constitutionibus
960 289 1024 312 non
1053 278 1164 310 adver-

428 335 544 369 santes,
568 335 711 364 statuere
733 342 768 365 ac
786 331 958 375 praefinire
978 331 1106 369 debeas,
1125 330 1163 361 ab

429 381 476 421 iis,
497 383 549 424 qni
576 383 761 417 huiusmodi
785 385 914 417 laureae
940 383 1073 425 gradum
1090 392 1165 413 con-

427 435 518 478 sequi
553 436 739 475 voluerint,
775 437 925 478 religiose
959 441 991 468 ct
1026 434 1166 467 fideliter

427 488 661 521 observandas:
688 500 747 521 nos
786 489 871 521 enim
908 488 964 520 tibi
999 488 1163 520 facultates

426 540 565 584 desuper
597 542 793 574 necessarias
826 547 858 573 et
887 546 1088 583 opportunas
1114 541 1165 572 ea-

427 593 499 625 dem
527 594 718 627 auctoritate
746 595 858 626 barum
884 594 967 626 serie
992 593 1163 625 tribuimus

428 651 458 678 et
483 642 706 689 impartimur;
734 648 821 679 salva
847 653 953 679 lamen
979 656 1108 689 semper
1132 645 1163 677 in

428 699 614 741 praemissis
661 699 850 731 auctoritate
898 698 1164 741 Congregationis

429 751 647 793 praefatorum
674 751 898 783 cardinalium.

473 803 487 845 ξ
511 803 541 835 .3.
568 803 636 835 Nun
671 803 872 836 obstantibus
898 802 1102 846 praemissis,
1128 814 1163 835 ac

430 856 712 889 constitutioniluis
738 861 770 888 et
802 857 1063 889 ordinationibus
1094 866 1163 899 apo-

430 909 562 949 stolicis,
581 918 719 948 necnon,
742 914 900 951 quatenus
918 920 998 952 opus
1020 909 1069 949 sit,
1095 908 1166 952 qui-

428 961 549 1000 busvis,
575 961 671 993 etiam
700 961 891 1001 iuramento,
919 962 1163 995 confirmatione

430 1013 608 1056 apostolica
625 1041 631 1053 ,
651 1015 700 1047 vel
726 1015 835 1057 quavis
861 1015 1009 1047 firmitate
1031 1014 1093 1047 alia
1117 1026 1166 1048 ro-

429 1065 560 1105 boratis,
579 1066 705 1099 statutis
726 1072 757 1099 et
781 1067 1080 1107 consuetudinilms,
1103 1067 1165 1110 pri-

428 1118 553 1160 vilegiis
580 1129 722 1162 quoque,
750 1119 884 1152 indultis
903 1125 934 1152 et
955 1120 1070 1153 litteris
1088 1130 1165 1163 apo-

429 1171 551 1204 stolicis
593 1171 625 1203 in
667 1172 865 1205 contrarium
910 1173 1164 1216 praemissorum

429 1223 676 1266 quomodolibet
707 1225 886 1264 concessis,
914 1224 1108 1257 confirmatis
1133 1230 1165 1257 et

428 1276 603 1316 innovatis;
635 1277 752 1320 quibus
778 1277 927 1309 omnibus
953 1283 984 1310 et
1016 1277 1163 1319 singulis,

428 1329 558 1361 illorum
583 1334 712 1361 tenores
733 1329 956 1372 praesentibus
982 1340 1042 1372 pro
1066 1331 1163 1372 plene

428 1387 460 1413 et
488 1382 687 1414 sufficienter
717 1383 878 1425 expressis
905 1388 935 1415 et
958 1382 1089 1415 insertis
1113 1383 1165 1414 liar

427 1434 562 1473 bentes,
588 1434 652 1467 illis
686 1435 764 1467 alias
796 1435 828 1467 in
861 1446 917 1467 suo
949 1436 1066 1468 robore
1093 1446 1164 1478 pcr-

427 1487 599 1527 mansuris,
613 1488 650 1519 ad
669 1488 921 1530 praemissorum
934 1487 1090 1527 effectum,
1105 1489 1165 1520 liac

426 1540 495 1572 vice
531 1540 708 1580 dumtaxat,
738 1541 948 1583 derogamus3
982 1541 1163 1584 ceterisque

427 1592 597 1625 contrariis
615 1593 879 1637 quibuscumque.

470 1645 582 1677 Datum
609 1645 740 1685 Romae,
760 1647 845 1689 apud
863 1646 894 1679 S.
914 1647 1045 1679 Mariam
1068 1647 1165 1680 Maio-

427 1710 505 1738 rem,
537 1700 596 1731 sub
630 1702 750 1733 annulo
789 1701 974 1740 piscatoris,
1009 1701 1060 1733 die
1098 1712 1163 1734 xvii

427 1753 537 1796 aprilis
562 1763 736 1793 nnctxxni,
754 1753 962 1797 pontificatus
985 1754 1089 1787 nostri
1108 1766 1164 1787 an-

427 1817 468 1838 no
487 1816 536 1840 111.

835 1860 857 1893 Ι.
878 1860 913 1894 G.
934 1861 1072 1895 Strsms.

462 1922 520 1948 Dat.
539 1921 582 1948 die
604 1922 633 1948 17
653 1922 746 1957 aprilis
768 1923 844 1955 1673,
866 1923 961 1958 pontif·
982 1931 1053 1950 anno
1073 1930 1112 1950 111.

463 1991 630 2024 Reyz'scrata
653 1992 686 2018 in
711 1992 818 2019 Sem-et.
845 1993 993 2026 Brevimn,
1015 1994 1064 2020 lz'b.
1086 2003 1163 2020 men-

427 2035 466 2062 sis
484 2035 599 2069 aprilis,
617 2039 697 2070 part.
719 2042 736 2070 1,
757 2036 807 2070 fol.
830 2036 891 2062 416.

731 2229 847 2263 CXXX.

428 2335 631 2380 Appi—almu'o
655 2346 709 2367 seu
735 2335 936 2377 confirmatio
966 2335 1084 2369 decreti
1106 2348 1159 2370 sa-

473 2399 545 2420 rrae
587 2389 853 2431 Conqreqalionis
885 2389 1101 2432 episcoporum
1135 2394 1163 2422 el

472 2441 676 2483 *reyrclarium
702 2445 813 2472 contra
838 2441 1020 2473 erectionem
1052 2442 1164 2475 domus

472 2505 527 2526 seu
552 2497 722 2525 com-entus
753 2494 1029 2535 Cappuccinorum
1062 2496 1095 2526 in
1121 2495 1164 2526 ci-

472 2547 570 2579 vitate
594 2551 622 2578 a!
650 2546 757 2578 insula
784 2546 1002 2584 ,noroy-semma
1037 2551 1065 2579 el
1094 2558 1164 2590 per-

472 2604 603 2643 petuum
623 2610 718 2643 super
734 2610 767 2631 re
785 2600 965 2642 impositum
985 2600 1162 2633 silentiam.

1008 230 1185 254 nt'LLAmI'M
1211 228 1361 255 ROMANUM

1432 279 1564 307 clemens
1585 279 1662 314 Papa
1683 279 1717 310 X.

1346 323 1382 349 ad
1402 323 1534 351 futuram
1552 326 1595 351 rei
1617 324 1798 351 memoriam.

1251 383 1265 425 ἓ
1283 383 1312 415 1.
1332 383 1447 427 Nuper,
1463 395 1521 428 pro
1539 390 1629 428 parte
1647 385 1837 418 dilectorum
1856 383 1938 417 silio-

1207 446 1276 467 rum
1317 436 1451 468 fratrum
1489 437 1647 470 Minorum
1680 437 1808 470 Ordinis
1839 437 1940 470 sancti

1207 488 1368 520 Francisci
1389 489 1427 521 dc
1445 489 1657 522 Observantia
1681 495 1940 533 nuncupatorum

1209 541 1239 573 in
1259 541 1362 573 insula
1387 541 1556 574 Maioricae
1577 542 1775 584 degentium,
1802 543 1943 585 Congre-

1208 593 1329 634 gationi
1354 593 1590 626 venerabilium
1610 594 1741 627 fratrum
1760 600 1943 628 nostrorum

1207 645 1237 677 S.
1261 645 1297 677 R.
1321 645 1354 677 E.
1383 645 1596 678 cardinalium
1633 647 1774 689 negotiis
1808 652 1840 680 et
1870 658 1945 679 con-

1208 697 1440 730 sultationibus
1458 699 1684 742 episcoporum
1703 704 1734 732 et
1750 701 1944 742 regularium

1207 751 1410 793 praepositae
1429 751 1585 793 exposito,
1605 752 1691 794 quod
1711 752 1826 785 fratres
1844 752 1945 785 Mino-

1208 813 1258 835 res
1271 802 1400 835 Ordinis
1416 803 1561 836 eiusdem
1575 804 1677 836 sancti
1691 804 1852 837 Francisci
1871 804 1946 847 Cap-

1208 856 1334 899 puccini
1371 856 1546 899 nuncupati
1583 857 1645 889 iam
1682 857 1756 890 inde
1789 857 1829 889 ab
1861 868 1944 890 anno

1207 919 1344 942 uncxtix
1368 920 1558 952 promovere
1585 914 1762 952 coeperant
1786 909 1946 942 fundatio-

1208 973 1282 995 nem
1299 962 1373 995 novi
1392 968 1570 995 conventus
1588 962 1620 995 in
1638 962 1743 994 insula
1761 967 1791 994 et
1816 961 1944 994 civitate

1207 1015 1421 1055 Mzrioricensi,
1445 1016 1510 1054 sed,
1532 1020 1668 1058 propter
1692 1014 1870 1057 angustiam
1895 1025 1946 1048 re-

1208 1067 1313 1110 gionis
1343 1073 1375 1100 et
1404 1067 1533 1100 nimiam
1567 1067 1781 1110 quantitatem
1808 1077 1947 1099 conven-

1209 1125 1296 1152 tuum
1325 1127 1355 1153 et
1375 1120 1651 1153 monasteriorum
1672 1120 1806 1153 aliorum
1825 1119 1946 1152 Mendi-

1208 1174 1347 1206 cantium
1358 1184 1393 1205 ac
1407 1172 1604 1213 monialium,
1621 1184 1721 1215 usquc
1736 1173 1774 1205 ad
1792 1173 1945 1206 nimirum

1207 1225 1417 1269 quadraginta
1435 1225 1540 1264 trium,
1557 1225 1588 1257 in
1611 1226 1714 1258 insula
1735 1226 1885 1268 (quorum
1902 1226 1946 1258 vi-

1208 1279 1285 1321 ginti
1311 1284 1434 1321 septem
1459 1284 1534 1311 sunt
1558 1278 1821 1319 Mendicantium,
1850 1284 1882 1311 et
1907 1289 1944 1311 ex

1208 1332 1253 1364 eis
1279 1337 1351 1364 octo
1378 1331 1510 1363 fratrum
1536 1331 1695 1363 Minorum
1721 1331 1823 1363 sancti
1848 1331 1946 1363 Fran-

1207 1384 1280 1417 cisci
1303 1384 1341 1416 de
1366 1384 1586 1423 Observantia,
1607 1383 1669 1416 alia
1687 1384 1750 1416 duo
1771 1384 1948 1416 monacho-

1209 1448 1287 1477 rum,
1302 1442 1330 1469 et
1353 1436 1479 1479 reliqua
1497 1437 1698 1479 monialium)
1723 1437 1848 1469 fuerant
1865 1447 1948 1469 sem-

1208 1500 1266 1532 per
1289 1488 1409 1525 reiecti,
1425 1494 1455 1521 et
1476 1489 1698 1529 nibilominus,
1712 1499 1783 1521 cum
1805 1489 1843 1521 de
1863 1489 1945 1522 facto

1209 1542 1329 1574 ibidem
1343 1541 1519 1584 hospitium
1535 1541 1754 1584 aperuissent,
1771 1541 1855 1574 dicta
1866 1541 1946 1574 Con-

1208 1594 1354 1637 gregatio
1380 1595 1418 1627 ad
1453 1594 1726 1637 supplicationem
1755 1595 1946 1627 eorumdem

1210 1649 1342 1680 fratrum
1379 1648 1536 1680 Minorum
1572 1648 1672 1680 sancti
1706 1647 1869 1680 Francisci
1906 1648 1945 1680 de

1185 1707 1187 1716 ’
1207 1700 1416 1733 Observantia
1442 1701 1492 1733 die
1512 1711 1610 1733 xxvnl
1631 1700 1767 1732 ianuarii
1786 1710 1872 1734 MDCL
1898 1700 1946 1732 in·

1208 1753 1353 1786 iunxerat
1379 1758 1454 1785 tunc
1480 1753 1628 1786 existenti
1654 1753 1824 1785 Ordinario
1849 1753 1945 1786 Maio-

1207 1806 1337 1845 ricensi,
1356 1810 1398 1845 ut,
1414 1807 1537 1838 attenta
1564 1805 1821 1838 contradictione
1846 1805 1945 1838 dicto-

1207 1870 1275 1892 rum
1299 1858 1560 1898 lllendicantiumy
1577 1858 1660 1890 nibil
1687 1857 1863 1899 innovaret,
1882 1869 1942 1891 nec

1206 1912 1411 1955 permitteret
1433 1916 1466 1943 ut
1489 1912 1603 1943 fratres
1620 1911 1813 1953 Cappuccini
1837 1911 1944 1953 hospi-

1207 1966 1283 1997 tium
1321 1975 1379 1997 nec
1415 1964 1510 1996 aliam
1541 1964 1671 1996 domum
1697 1968 1941 2006 permanentem

1207 2019 1237 2050 in
1250 2017 1333 2050 dicta
1346 2017 1473 2049 civitate
1490 2016 1653 2059 aperirent
1664 2027 1723 2048 nec
1739 2017 1917 2049 retinerent
1930 2028 1937 2056 ;

1250 2070 1264 2113 ᾖ
1289 2070 1319 2102 02.
1352 2069 1474 2109 Verum,
1503 2069 1596 2101 dictis
1623 2069 1774 2100 fratribus
1799 2068 1941 2111 Cappuc-

1206 2123 1285 2156 cinis
1309 2122 1441 2155 obedire
1467 2122 1700 2160 recusantibus,
1728 2132 1808 2164 opus
1838 2124 1941 2154 fuerat

1205 2182 1240 2208 ut
1264 2176 1375 2208 eadem
1397 2174 1608 2217 Congregatio
1633 2174 1683 2207 die
1699 2185 1737 2206 xv
1757 2174 1837 2207 iunii
1855 2175 1939 2207 eius-

1207 2230 1279 2262 dem
1310 2228 1384 2260 anni
1420 2237 1505 2261 MDCL
1540 2227 1686 2271 praecise
1723 2228 1940 2262 committeret

1206 2282 1360 2326 episcopo
1386 2286 1420 2313 ut
1443 2281 1515 2313 illos
1540 2286 1671 2323 cogeret
1703 2282 1741 2314 ad
1771 2282 1942 2314 disceden-

1207 2336 1280 2368 dum
1312 2335 1350 2367 ab
1376 2334 1495 2374 insula,
1515 2335 1582 2374 scd,
1598 2334 1661 2366 illis
1688 2334 1941 2368 obstinatissime

1208 2387 1339 2421 obedire
1379 2387 1626 2426 recusantibus,
1660 2387 1794 2430 praevio
1830 2397 1944 2420 eorum

1208 2439 1359 2482 confugio
1378 2439 1414 2471 ad
1434 2445 1623 2482 praetensas
1649 2445 1814 2482 exemptas
1831 2440 1944 2473 domos

1209 2493 1380 2536 hospitalis
1413 2494 1443 2525 S.
1477 2493 1604 2525 loannis
1637 2493 1940 2536 Hierosolymitani,

1209 2547 1322 2579 iterum
1340 2546 1408 2588 ipsa
1429 2545 1641 2588 Congregatio
1667 2547 1873 2579 mandaverat
1892 2558 1944 2579 ex-

1210 2610 1320 2642 presse
1347 2598 1451 2631 cidem
1478 2599 1634 2642 episcopo
1661 2604 1695 2631 ut
1719 2600 1941 2633 ordinationes

1949 227 1998 255 An.
2020 229 2049 256 C.
2068 228 2134 257 1073

1965 394 2090 442 rExp⁰⁵ffi⁰
2106 397 2135 417 fa·

1952 427 1961 442 c
1973 427 1988 443 i.

1991 2077 2036 2098 Alia
2060 2084 2134 2099 sacr-w

1958 2107 2126 2130 ernian-eganonis

1952 2132 2045 2151 decreta.
