2279 3260
176 237 227 272 An.
245 243 274 271 C.
299 244 362 272 1671

205 2346 331 2368 Subi-unatim
341 2348 362 2366 et

178 2372 218 2398 hyp
230 2374 300 2392 >inu-ca

179 2399 274 2446 {³3:32¹}
306 2404 362 2419 m‘m·
375 2392 553 2432 universos,
568 2395 674 2436 (Ilload
688 2404 826 2427 annuam
846 2405 1002 2427 summam
1024 2407 1111 2439 1]ΓῖΠὲ-

372 294 476 333 causa,
491 293 587 326 etiam
614 293 645 325 in
663 303 800 336 corpore
823 292 899 325 iuris
924 293 1052 332 clausis,
1072 292 1107 324 li-

371 351 442 379 ceat
465 346 603 388 collegio
628 351 660 378 et
680 345 876 389 depositario
899 345 973 378 dicti
992 344 1106 377 Montis

371 409 431 441 pro
457 403 603 440 tempore
630 397 860 435 existentibus,
887 407 946 440 pcr
977 408 1031 436 so,
1056 398 1105 429 vel

372 449 480 489 alium,
492 460 547 482 seu
562 449 652 489 alios,
669 449 745 482 dicti
757 449 871 481 Montis
884 450 1021 482 nominc.
1036 460 1107 491 pro-

347 500 443 545 ‘pria
460 503 661 541 anctoritate,
677 502 745 533 sine
766 497 901 534 alicuius
920 502 1032 533 iudicis
1053 512 1106 532 ‚sou

372 555 481 587 curiae
507 555 637 587 decreto
662 555 712 587 vel
738 555 905 593 mandato,
933 560 963 587 et
987 555 1107 596 absque

371 607 448 639 vitio
474 607 569 649 spolii
589 613 621 639 et
640 611 882 646 attentatorum,
902 608 1106 649 corporalem

372 664 404 691 et
439 660 598 691 actualem
635 659 874 701 possessionem
908 658 1044 690 civitatis
1078 663 1109 689 ct.

372 712 469 744 castri
482 712 732 754 praedictorum,
749 712 944 754 illorumque
956 712 1109 743 membro-

371 774 453 803 rum,
480 769 511 797 et
536 764 653 797 iurium
679 763 764 796 dicto
782 763 877 796 Monti
896 769 929 795 ut
950 773 1047 805 supra
1065 772 1109 793 as-

371 817 570 857 signatorum
597 822 629 849 et
650 817 878 858 obligatarum,
893 815 995 848 libere
1017 820 1048 847 et
1072 814 1108 846 li-

372 868 432 901 cite
457 879 594 912 capere,
621 869 884 912 apprehendere,
919 862 1107 910 captamque

372 926 404 953 et
428 922 665 964 apprehensam
685 922 826 953 retinere
848 925 879 952 et
903 920 1107 958 continuare,

371 983 500 1006 necnon
525 974 646 1006 fructus
666 978 697 1006 et.
719 974 938 1006 emolumenta
955 983 990 1004 ex
1017 972 1109 1004 dictis

372 1027 501 1059 civitate
527 1032 558 1059 et
581 1031 687 1059 castro
713 1026 938 1069 provenientia
962 1025 1109 1068 percipe-

369 1089 415 1119 re,
442 1079 570 1120 exigere
596 1083 627 1111 et
651 1080 767 1118 levare,
794 1089 838 1119 ac,
857 1079 883 1111 si
909 1078 1010 1119 magis
1030 1077 1107 1120 ipsis

372 1132 524 1174 expedire
549 1131 721 1171 videbitur,
737 1132 769 1163 in
795 1137 863 1164 toto
891 1132 940 1164 vel
957 1131 989 1162 in
1007 1135 1107 1173 parte,

371 1183 468 1217 etiam
495 1184 662 1227 quibusvis
683 1184 840 1227 personis,
863 1195 898 1215 ac
922 1193 981 1226 pro
1006 1183 1109 1225 pretio

371 1248 427 1269 seu
452 1237 580 1280 pretiis,
599 1238 841 1270 conditionibus
866 1242 897 1269 et
920 1236 1110 1279 responsio-

370 1290 465 1322 nibus
498 1289 740 1332 reperibilibus,
769 1294 801 1322 et
832 1289 869 1321 ad
903 1294 1029 1331 tempus
1064 1288 1109 1321 eis

369 1342 572 1382 benevisum,
601 1343 699 1375 semel
726 1348 757 1374 ct
780 1341 912 1385 pluries,
928 1347 959 1373 et
983 1341 1108 1383 quoties

371 1395 417 1427 eis
433 1394 604 1437 placuerit,
622 1396 740 1434 locare,
758 1395 942 1433 arrendare‚
962 1399 993 1427 et
1013 1395 1044 1427 in
1062 1396 1107 1427 lo—

370 1447 532 1480 cationem
558 1452 591 1480 et
614 1448 785 1480 arrendam
810 1448 1004 1487 concedere,
1020 1457 1056 1479 ac
1075 1447 1107 1478 iu

371 1500 684 1533 administrationem
711 1501 798 1539 dare,
829 1501 957 1540 fructus,
987 1501 1108 1532 affictus

371 1558 404 1585 et
427 1553 658 1596 responsiones
683 1553 879 1593 huiusmodi,
900 1564 958 1597 pro
975 1564 1109 1586 concur-

371 1606 456 1638 renti
480 1609 549 1638 rata
574 1607 659 1639 dicto
684 1606 780 1639 Monti
806 1617 864 1649 pro
890 1607 963 1639 dote
990 1611 1021 1638 et
1044 1607 1109 1638 sru-

372 1659 477 1691 ctibus
495 1664 531 1691 ut
551 1669 646 1702 supra
664 1659 832 1701 assignata,
850 1659 1029 1702 percipere⁷
1048 1659 1109 1691 exi-

373 1721 448 1752 gere
474 1716 506 1743 et
528 1721 734 1754 recuperare,
761 1716 792 1743 et
816 1712 855 1743 de
881 1712 1008 1751 exactis,
1029 1717 1105 1752 etc.,

373 1767 404 1794 et
429 1762 580 1795 habuisse
606 1763 766 1796 confessis
794 1765 966 1802 solventes,
981 1769 1012 1796 et
1029 1775 1108 1807 qnos

373 1814 434 1846 erit
459 1825 551 1858 opus,
570 1816 726 1858 quietare,
747 1820 779 1847 et
802 1815 835 1847 in
860 1816 1052 1849 solventium
1071 1817 1109 1848 sa-

372 1876 483 1899 vorem
509 1867 578 1899 iura
603 1872 635 1900 et
658 1868 801 1900 actiones
827 1869 943 1901 cedere
959 1874 990 1901 et
1005 1873 1108 1901 trans-

372 1920 479 1959 serre3
506 1919 545 1952 ad
571 1930 653 1962 quae
678 1925 709 1953 et
732 1919 793 1952 alia
810 1921 985 1962 praemissa
1002 1922 1109 1954 onmia

372 1973 555 2005 necessaria
572 1977 604 2005 et
620 1978 805 2016 opportuna
820 1973 921 2006 dictos
931 1975 1109 2011 montistas,

374 2029 406 2057 et
429 2025 602 2067 collegium
621 2031 653 2057 et
678 2026 905 2068 depositarios,
924 2032 1112 2069 procurato-

373 2088 426 2110 res
456 2078 699 2119 irrevocabiles,
724 2084 759 2110 ut
785 2079 814 2111 in
845 2090 910 2111 rem
937 2081 1108 2123 propriam,

373 2140 446 2162 cum
472 2131 622 2164 facultate
640 2132 868 2171 substituendi,
887 2138 918 2164 et
934 2133 1004 2165 aliis
1025 2135 1111 2166 clau-

374 2183 452 2215 sulis
485 2189 516 2215 et
545 2184 754 2216 facultatibus
780 2186 974 2217 necessariis
999 2192 1026 2218 et
1054 2198 1110 2230 op-

373 2235 529 2277 portunis,
549 2237 733 2278 specialiter
757 2242 788 2269 et
813 2247 961 2279 expresse
994 2239 1111 2271 consti-

374 2288 493 2321 tuimus
519 2294 551 2322 et
575 2289 779 2332 deputamus.

341 2379 361 2392 m
416 2340 431 2382 ἓ
456 2340 509 2373 12.
537 2341 673 2384 Eosque,
688 2347 751 2374 tam
776 2343 821 2374 nti
848 2343 994 2385 singulos
1016 2355 1109 2387 quam

374 2445 510 2485 dictam,
537 2445 688 2488 illiusque
716 2447 917 2479 exactionem
943 2453 975 2479 et
998 2459 1111 2481 conse-

373 2498 549 2538 cntionem,
564 2497 597 2530 in
622 2509 717 2531 omne
735 2499 784 2531 ius
811 2505 842 2532 et
866 2501 969 2532 locum
991 2506 1022 2533 et
1047 2501 1111 2543 pri-

373 2550 526 2593 vilegium
540 2551 700 2583 dictorum
720 2552 758 2584 de
784 2552 919 2593 Ursinis,
935 2564 1110 2597 eorumque

373 2603 554 2638 haeredum
580 2609 612 2636 et
635 2603 902 2637 descendentium
929 2610 960 2638 et
983 2616 1111 2640 succes-

996 245 1138 269 CLEMENS
1161 246 1179 269 Χ
1204 246 1252 269 ΡΡ.

1781 239 1838 272 ΕΣὛΙ

1149 304 1265 333 sorum,
1287 294 1447 336 ponimns,
1467 294 1615 327 substitui
1634 307 1691 327 x‚us
1714 301 1746 328 ct
1770 297 1884 329 subro-

1150 357 1273 386 gamus,
1293 352 1329 379 :tc
1348 347 1432 379 hona
1445 348 1639 389 supradicta,
1652 359 1716 380 non
1733 349 1882 381 obstante

1150 399 1232 440 qnod
1259 399 1323 431 sint
1347 399 1444 430 cnivis
1466 400 1715 432 fideicommisso
1741 402 1883 432 subiecta

1150 455 1182 481 et
1199 451 1276 483 alias
1289 452 1677 493 quomodolibetgravata
1692 458 1721 484 ct
1741 459 1880 491 oum-ata,

1151 511 1186 532 cx
1213 507 1295 541 tunc,
1312 513 1370 544 pro
1396 502 1519 543 ints-gra
1538 504 1699 535 solutione
1726 504 1883 535 sructnnni

1151 560 1179 585 et
1197 555 1395 586 extinctione
1411 555 1485 587 dicti
1505 556 1631 595 Montis,
1643 556 1786 588 ciusdem
1802 557 1884 588 Mon-

1152 605 1189 637 tis
1231 607 1445 639 creditorihus
1482 618 1540 639 nec
1577 619 1641 640 non
1679 608 1883 650 depositariis

1151 668 1235 689 nunc
1260 664 1291 691 et
1316 670 1374 701 pro
1401 665 1545 702 tempore
1573 661 1743 701 cligcndis,
1758 671 1814 703 pro
1831 671 1885 693 co-

1152 720 1220 742 rum
1245 711 1466 744 indemnitatis
1502 713 1718 752 relevatione,
1751 719 1811 745 tam
1848 724 1883 745 ex

1151 766 1244 795 causa
1269 765 1476 806 pecuniarum
1504 776 1582 807 quas
1609 766 1682 797 dicti
1708 766 1821 797 fratres
1846 767 1884 797 de

1152 815 1255 847 Ursini
1267 817 1378 858 quovis
1391 822 1536 859 tempore
1547 818 1723 851 delicerent
1736 819 1766 850 in
1784 819 1886 851 banco

1153 867 1213 898 dict
1230 879 1309 899 irum
1344 869 1616 911 depositariortnn
1649 872 1812 913 deponere
1847 871 1886 903 ad

1153 919 1298 951 ell'ectum
1324 921 1468 953 solvendi
1492 922 1613 955 fructus
1638 923 1781 956 ciusdem
1800 924 1887 956 Mon-

1153 972 1201 1010 tis,
1218 982 1312 1014 quam
1330 973 1524 1014 provisionis
1550 976 1682 1007 cedulae
1708 986 1768 1018 per
1785 976 1886 1008 dictos

1152 1024 1363 1066 depositarios
1381 1026 1420 1057 ad
1440 1027 1578 1059 savorem
1604 1028 1826 1060 montistarum
1853 1034 1888 1060 ut

1151 1087 1246 1119 supra
1262 1077 1441 1119 faciendae,
1461 1090 1495 1111 ac
1509 1081 1707 1113 cambiorum
1723 1086 1754 1113 et
1773 1092 1889 1113 rccam-

1152 1129 1289 1169 biorum,
1316 1141 1395 1173 quae
1421 1142 1519 1174 super
1543 1133 1673 1165 summis
1707 1139 1855 1176 utsupra
1872 1145 1889 1166 a

1152 1182 1325 1224 praedictis
1338 1183 1458 1216 Ursinis
1478 1184 1587 1217 debito
1603 1190 1748 1228 tempore
1765 1186 1797 1218 in
1810 1187 1889 1218 ban-

1152 1246 1189 1266 co
1200 1236 1388 1268 eorumdem
1399 1237 1668 1279 depositariorum
1683 1249 1745 1270 non
1759 1239 1889 1281 deposi-

1153 1288 1224 1320 tatis
1243 1288 1415 1321 decurrere
1441 1290 1625 1331 contigerit,
1643 1301 1677 1322 ac
1695 1291 1888 1324 damnorum

1152 1346 1183 1371 et
1197 1340 1355 1372 interesse
1370 1352 1429 1383 per
1443 1342 1572 1374 eosdem
1599 1343 1812 1385 depositarios
1832 1344 1891 1376 for-

1152 1404 1207 1424 san
1222 1393 1457 1435 patiendorum,
1478 1395 1680 1439 aliorumque
1699 1397 1891 1439 promitten-

1152 1446 1267 1477 dorum
1293 1446 1530 1487 observatione,
1548 1458 1649 1490 usque
1668 1450 1706 1481 ad
1732 1449 1890 1491 integram

1152 1498 1296 1540 ipsorum
1320 1499 1547 1532 montistarum
1573 1506 1604 1533 et
1629 1502 1809 1543 respective
1838 1503 1890 1534 de—

1152 1551 1378 1592 positariorum
1388 1552 1649 1593 satisthctionem,
1661 1554 1796 1596 aliisque
1804 1565 1890 1597 prae-

1152 1603 1265 1643 missis,
1293 1614 1329 1635 ac
1355 1607 1511 1647 perpetua
1538 1605 1711 1645 validitate,
1739 1607 1891 1639 observa-

1153 1655 1240 1688 tione
1267 1662 1298 1688 et
1323 1657 1578 1699 adimplemento
1601 1659 1743 1690 omnium
1770 1664 1800 1691 et
1825 1660 1890 1691 sin-

1153 1709 1302 1750 gulorum
1333 1709 1596 1751 praemissorum,
1612 1711 1697 1742 ultra
1722 1722 1891 1753 quascum-

1153 1771 1214 1803 que
1223 1761 1300 1793 alias
1309 1761 1538 1803 obligationes,
1555 1764 1889 1795 ceterorumomnium

1152 1814 1311 1845 bonorum
1337 1814 1433 1846 etiam
1451 1814 1759 1848 iurisdictionalium
1780 1821 1811 1848 et
1827 1816 1890 1848 seu-

1153 1866 1281 1906 dalium,
1297 1872 1329 1899 et
1353 1872 1416 1898 tam
1442 1867 1660 1910 praesentium
1687 1880 1780 1911 qnam
1806 1870 1890 1901 sutu-

1153 1929 1272 1958 rorum,
1299 1921 1498 1961 generaliter
1522 1932 1558 1952 ac
1584 1921 1814 1963 specialitcrct
1839 1933 1891 1954 e«-

1153 1982 1276 2014 presse,
1301 1972 1370 2004 sine
1389 1978 1495 2005 tamen
1514 1973 1713 2015 praeiudicio
1739 1985 1891 2016 quorum-

1153 2035 1288 2067 cumque
1314 2024 1429 2056 iurium
1450 2025 1602 2058 Gamerae
1630 2032 1772 2066 nostrae,
1793 2033 1827 2059 ut
1844 2039 1889 2059 su-

1154 2088 1218 2119 pra,
1237 2084 1269 2109 et
1285 2077 1384 2109 circa¹
1406 2078 1493 2110 illius
1511 2079 1755 2120 obligationem,
1776 2086 1807 2112 et
1824 2092 1887 2113 non

1154 2129 1243 2169 alias,
1263 2136 1338 2171 etc.,
1358 2130 1537 2172 obligamus
1564 2137 1595 2163 et
1620 2132 1887 2174 hypothecamus,

1154 2187 1185 2214 et
1210 2183 1353 2224 obligata
1371 2189 1402 2215 et
1421 2184 1640 2226 liypothccata
1665 2185 1734 2217 sore
1760 2191 1792 2217 et
1809 2196 1887 2225 esse,

1154 2237 1347 2278 easdemque
1363 2238 1588 2279 obligationes,
1600 2239 1809 2281 hypothecas,
1821 2251 1890 2273 nec-

1154 2299 1218 2321 non
1243 2289 1356 2322 Moutis
1382 2290 1566 2322 huiusmodi
1593 2291 1800 2331 erectionem,
1825 2303 1890 2325 om-

1154 2341 1270 2384 niaque
1303 2348 1335 2374 et
1365 2342 1490 2385 singula
1516 2344 1713 2386 pracmisw,
1745 2350 1776 2377 et
1808 2356 1888 2387 quae

1154 2394 1228 2426 inde
1253 2400 1430 2437 sequentur
1455 2406 1688 2438 quaecumque,
1715 2404 1885 2440 perpetua,

1153 2447 1284 2488 valida²‚
1300 2448 1391 2480 firma
1408 2454 1440 2480 et
1456 2449 1597 2481 efficacia
1618 2450 1685 2481 sore
1704 2455 1735 2481 ct
1752 2461 1835 2490 esse,
1853 2461 1889 2483 ac

1153 2501 1281 2543 plenam
1308 2501 1462 2533 firmitatis
1494 2502 1595 2533 robur
1627 2502 1747 2534 habere
1778 2508 1810 2535 et
1832 2503 1889 2536 ob-

1190 2572 1199 2596 1
1225 2570 1316 2597 Potius
1336 2571 1395 2605 lege
1415 2572 1490 2598 citra
1509 2574 1546 2603 (R.
1564 2572 1612 2603 Τ.).

1189 2615 1206 2641 2
1226 2615 1326 2642 Forsan
1346 2616 1488 2651 legendum
1508 2620 1643 2652 perpetuo
1660 2617 1754 2644 valida
1771 2618 1811 2652 (R.
1827 2619 1875 2654 T.).

1890 248 1940 274 An.
1959 247 1987 275 C.
2010 248 2072 275 167¹
