2279 3260
114 283 159 306 an.
175 270 203 306 (ἶ.
225 270 293 306 167ὸ

924 270 1066 298 etwinus
1087 274 1105 297 x
1131 273 1179 297 1³1³.

303 337 373 359 rum
397 325 562 364 Venetum,
587 323 865 363 Panormitamim,
890 322 1060 355 Medion-v

301 389 412 418 nense,
437 377 657 417 Fert-ariense,
684 377 886 415 Perusinum,
911 376 1039 408 Floren-

301 431 413 471 tinum,
445 430 639 469 Viennense,
674 429 828 462 lanuense
862 429 1060 471 ottavo-1

301 483 412 523 liense,
432 482 544 515 baberi
570 482 723 524 deinceps
750 481 869 514 debere
895 491 953 523 pro
974 481 1039 513 eol-

302 534 413 576 legiis,
440 535 520 567 itaut
552 539 722 575 regentes,
750 533 803 576 qui
840 543 899 576 per
923 542 1037 565 novem
1059 534 1060 542 ¹

303 587 473 619 continuos
498 596 599 618 annos
625 585 657 617 in
683 585 752 618 aliis
779 585 950 628 gymnasiis
976 583 1061 616 ter-'

301 639 375 678 tiae,
397 639 557 671 secundae
584 643 615 670 et
639 638 763 681 primae
784 638 895 670 classis
915 638 1040 670 insuda-
1060 654 1061 661 1

301 697 393 731 runt,
419 691 558 734 promoti
583 697 697 734 postea
721 692 759 723 ad
786 691 968 734 praedictas
993 686 1062 723 re-1

303 743 440 785 gennas,
458 744 496 776 ad
515 744 651 786 collegia
675 744 900 785 intelligantur
920 753 1042 775 assum-

303 795 359 838 pti,
378 796 460 828 utin
486 802 654 840 posterum
680 797 833 839 frequens
860 795 1040 838 regentium

302 857 458 881 numerus
490 849 620 892 incepto
656 859 750 881 cursu
782 859 846 881 non
877 849 1039 891 privetur,

305 905 336 933 et
360 901 417 941 illi,
447 902 501 944 qui
529 902 692 945 expressis
718 901 888 934 sudoribus
912 910 971 944 per
995 904 1043 932 tot

304 964 407 987 annos
432 955 661 997 defatigarunt,
680 955 718 987 ad
736 954 881 987 bravium
900 953 1042 997 paterni-

304 1007 378 1040 tatis
402 1008 746 1051 comprehendendum
778 1008 955 1040 faciliorem
985 1007 1043 1039 lia-

302 1061 402 1093 beant
425 1072 601 1094 accessum.
631 1061 815 1094 Teneantur
839 1067 949 1093 tamen
977 1060 1043 1093 sin-

304 1114 369 1157 guli
395 1119 548 1157 regentes
573 1119 744 1148 tractatum
762 1124 859 1146 unum
878 1114 916 1146 ad
934 1113 1042 1146 minus

305 1167 453 1210 quolibet
470 1178 554 1200 anno
572 1167 636 1199 suis
654 1167 855 1200 auditoribus
870 1168 1042 1210 explanare

305 1225 336 1252 et
362 1221 524 1263 complete
549 1220 662 1260 finire;
690 1219 825 1263 insuper
851 1224 882 1252 et
902 1219 1043 1263 disputa-

304 1273 410 1306 tiones
440 1278 472 1305 et
497 1274 557 1315 (ut
588 1272 700 1315 aiunt)
726 1273 861 1305 circulos
886 1273 986 1305 tribus
1011 1272 1041 1304 in

304 1326 507 1359 hebdomada
522 1326 646 1359 vicibus
664 1326 703 1358 ad
722 1326 835 1358 horam
852 1326 1043 1368 protrahen-

305 1378 363 1411 dos
388 1378 524 1411 habere.
544 1377 634 1416 Quod
656 1378 680 1410 si
700 1389 764 1411 non
783 1379 929 1419 fecerint,
948 1383 1043 1422 atque

305 1431 525 1464 authenticam
552 1430 647 1464 tidem
666 1442 682 1463 a
701 1431 879 1473 guardiano
906 1442 1044 1471 conv-en-

305 1490 356 1517 tus
382 1484 596 1527 subscriptam
615 1484 654 1516 de
673 1485 833 1527 completa
850 1485 974 1517 lectura
990 1485 1044 1517 lia-

304 1537 447 1580 bitisque
465 1536 737 1580 disputationibus
751 1546 814 1569 non
829 1537 1043 1577 ostenderint,

307 1601 372 1623 non
395 1600 490 1634 posse
509 1590 554 1622 eis
571 1590 717 1622 sufficere
735 1589 772 1621 ad
792 1589 974 1632 provinciae
992 1601 1045 1633 pa-

306 1644 506 1685 ternitatem,
525 1643 632 1680 immo,
653 1644 677 1676 si
697 1644 835 1676 maxima
860 1654 959 1687 super
983 1644 1044 1676 hoe

306 1697 457 1730 remissio
484 1697 769 1740 deprehendatur,
800 1699 922 1729 lectura
950 1697 1045 1729 etiam

305 1750 376 1794 ipsa
400 1751 576 1794 privandos
602 1761 672 1783 esse
700 1750 882 1783 statuimus.

444 1804 497 1837 Ad
521 1804 713 1846 diffinitores
736 1809 914 1847 perpetuos.

350 1867 381 1890 v.
400 1856 516 1889 Omnes
537 1857 687 1900 perpetui
710 1858 902 1889 diffinitores
924 1862 956 1889 et
977 1868 1047 1900 pro·
1066 1879 1067 1886 1

306 1910 480 1942 vinciarum
499 1915 607 1953 patres
626 1921 643 1942 a
661 1911 802 1953 generali
820 1910 969 1943 ministro
987 1922 1047 1953 per

267 1974 270 1978 ·
308 1968 456 2007 patentes
476 1962 624 2003 instituti,
642 1970 736 2006 atque
755 1962 788 1995 11ί
807 1964 1046 2006 provinciarum

309 2016 503 2050 diffinitoriis
528 2016 698 2059 approbati
727 2022 757 2049 et
782 2017 915 2060 recepti,
935 2017 1068 2068 suffra-3

309 2070 396 2111 gium
421 2070 526 2102 serant
550 2070 600 2112 (ut
620 2070 651 2101 in
670 2069 796 2101 Urbana
816 2069 1046 2103 constitutione

309 2122 553 2166 praescribitur)
579 2122 610 2154 in
637 2122 889 2166 quibuscumque
915 2123 1047 2156 electio-

310 2176 403 2209 nibus
428 2187 484 2208 seu
516 2176 649 2218 capituli
680 2187 735 2208 seu
762 2176 1045 2218 congregationis,

310 2240 382 2262 cum
406 2240 464 2273 pro
485 2229 550 2262 illis
569 2234 674 2261 certus
690 2240 841 2262 numerus
868 2230 1045 2272 praescribi

310 2293 375 2315 non
399 2281 519 2325 possit:
545 2282 629 2324 quod
656 2282 735 2314 alias
761 2287 952 2315 attentatum
977 2284 1048 2326 plu-

310 2335 463 2367 rimarum
489 2335 548 2366 suit
572 2345 668 2366 causa
694 2335 989 2377 perturbatiotium,
1017 2342 1045 2368 ct

311 2398 328 2419 a
342 2387 507 2420 laboribus
525 2398 584 2430 pro
603 2387 761 2429 religione
782 2388 941 2420 obeundis
956 2389 1046 2420 multi

313 2440 409 2473 etiam
440 2450 474 2472 ex
501 2440 638 2473 cordatis
673 2441 797 2473 animos
833 2441 1044 2473 deflexerunt.

313 2494 389 2526 ldeo
413 2494 562 2526 statuitur
588 2499 620 2525 ut
643 2494 675 2526 in
702 2494 806 2526 futuri,
829 2495 968 2537 capitulo
1001 2506 1048 2527 ‹Ji-
1068 2509 1070 2516 v

313 2546 416 2578 nerali
442 2545 646 2577 revideantur
666 2550 814 2588 patentes
844 2553 872 2577 et
896 2546 1047 2588 requisita

350 2662 361 2687 ¹
384 2660 533 2696 Praeposit.
550 2668 566 2687 a
583 2669 631 2687 nos
646 2660 769 2687 addimus
784 2662 810 2695 (n
839 2662 888 2694 r).

1081 322 1211 354 illorum
1232 321 1285 363 qui
1312 330 1375 353 non
1403 319 1511 351 :ulline
1536 324 1757 351 convenerunt
1782 319 1815 350 in

1080 373 1268 407 diffinitorio
1293 384 1348 406 seu
1375 371 1635 415 congregatione,
1655 376 1686 403 et
1711 373 1814 403 solum

1081 430 1289 461 admittantur
1306 428 1352 461 illi
1374 428 1404 460 in
1430 426 1651 460 diffinitorium
1672 436 1727 457 seu
1747 436 1817 457 coir

1082 482 1302 523 gregationem
1321 481 1357 513 ad
1377 485 1485 513 votum
1504 480 1673 512 serendum
1701 478 1752 520 qui
1772 478 1818 509 in-

1081 535 1165 567 venti
1194 534 1312 566 suerint
1335 544 1405 565 cum
1431 532 1547 565 debitis
1581 530 1754 573 requisitis.
1783 530 1820 561 ll-

1081 587 1216 629 legitimi
1243 592 1348 619 autem
1383 585 1498 618 talibus
1527 583 1703 616 indecorati
1730 593 1820 625 prae-

1082 639 1219 681 scriptis,
1235 639 1273 671 ab
1287 639 1433 681 ingressu
1452 638 1554 670 solum
1571 635 1748 668 dislinitorii
1768 645 1821 666 ei:-

1083 692 1264 731 cludantur,
1283 695 1489 723 remanentes
1506 690 1537 721 in
1556 688 1721 732 primaevo
1737 691 1819 719 statu

1083 745 1168 777 circa
1193 743 1436 788 praerogativas
1471 748 1501 775 et
1534 740 1820 785 praecedentiam,

1084 797 1191 840 sicque
1224 798 1255 829 in
1281 796 1428 839 qualibet
1457 794 1622 838 provincia
1654 793 1821 833 catalogus

1083 849 1138 881 liat
1163 859 1273 881 eorum
1298 853 1424 891 patrum
1458 846 1524 890 quss
1537 846 1658 879 debent
1689 845 1719 877 in
1742 845 1823 877 disti-

1083 902 1204 934 nitorio
1226 901 1364 934 admitti.
1392 900 1525 933 Cautum
1543 899 1682 943 proinde
1711 903 1757 931 est
1783 908 1822 929 ne

1084 954 1238 997 deinceps
1263 954 1302 986 ad
1327 954 1408 986 tales
1440 952 1652 996 paternitates
1678 951 1719 984 ob
1741 960 1820 982 con-

1085 1007 1194 1040 ciones
1230 1006 1400 1050 praestitas
1437 1005 1646 1038 admittantur
1677 1003 1739 1036 nisi
1776 1002 1822 1035 illi

1086 1061 1138 1104 qui
1158 1070 1216 1103 per
1237 1059 1406 1092 duodecim
1424 1059 1570 1100 integros
1588 1067 1690 1089 annos
1708 1056 1740 1088 in
1758 1056 1825 1099 pri-

1086 1113 1227 1146 moribus
1244 1112 1345 1145 nostri
1363 1111 1491 1144 Ordinis
1514 1110 1655 1153 templis,
1674 1109 1826 1142 videlicet

1086 1165 1307 1203 Assisiatensi,
1335 1165 1500 1203 Romano,
1529 1163 1701 1202 Patavino,
1720 1162 1827 1194 Bono-

1086 1218 1202 1258 niensi,
1223 1218 1353 1257 Veneto,
1380 1216 1602 1259 Neapolitano,
1630 1214 1826 1247 Panormita-

1085 1281 1137 1311 no,
1151 1269 1392 1308 Mediolanensi,
1405 1267 1605 1306 Florentino,
1615 1266 1825 1305 Ferrariensi,

1086 1323 1291 1362 Taurinensi,
1325 1321 1553 1355 Caesenatensi
1571 1348 1578 1361 ,
1606 1319 1824 1357 Ariminensi,

1088 1375 1300 1416 Urbinatensi,
1316 1376 1490 1413 Asculano,
1505 1374 1621 1406 Pisano
1632 1384 1667 1406 ac
1678 1372 1824 1411 Senensi,

1086 1429 1258 1462 conciones
1282 1427 1576 1471 quadragesimales
1602 1427 1693 1469 (non
1719 1430 1826 1457 autem

1087 1482 1256 1524 annuales)
1282 1482 1396 1523 inagna
1423 1480 1616 1523 populorum
1643 1477 1828 1521 frequentia

1088 1540 1119 1567 et
1143 1533 1325 1567 eruditione
1351 1532 1538 1565 habuerint.

1322 1586 1374 1619 Ad
1398 1585 1590 1628 collegyiales.

1130 1651 1174 1674 vr.
1191 1639 1334 1682 Collegia
1354 1638 1523 1681 religionis
1539 1638 1625 1670 iuxta
1647 1637 1781 1670 sormam
1797 1642 1828 1669 et

1089 1694 1276 1727 methodum
1291 1693 1438 1725 Urbanae
1453 1691 1692 1725 constitutionis
1708 1691 1746 1723 ad
1765 1690 1829 1733 pri-

1089 1748 1207 1780 stinum
1229 1747 1437 1785 reducantur,
1460 1745 1539 1777 itaut
1564 1745 1713 1788 quolibet
1730 1744 1828 1776 trien-

1067 1820 1068 1824 =
1089 1801 1141 1834 uio
1159 1811 1194 1833 ex
1215 1799 1399 1832 convocatis
1420 1797 1616 1831 baccalauris
1637 1798 1676 1830 ad
1694 1807 1828 1829 examen

1090 1855 1251 1887 doctiores
1279 1853 1458 1895 eligantur,
1485 1857 1516 1883 et
1548 1851 1633 1883 iuxta
1658 1860 1828 1882 numerum

1089 1908 1127 1939 ab
1141 1907 1262 1939 eisdem
1277 1904 1562 1939 constitutionibus
1577 1904 1753 1947 praefixum
1767 1913 1830 1935 cer-

1090 1961 1128 1993 tis
1143 1960 1289 2002 collegiis
1308 1959 1514 2001 deputentur.
1535 1957 1653 2000 Elapso
1672 1956 1827 1995 triennio,

1090 2014 1206 2046 iterum
1229 2013 1266 2045 ad
1286 2011 1425 2044 severius
1444 2021 1577 2043 examen
1593 2009 1698 2042 cuncti
1716 2019 1829 2041 vocen-

1091 2074 1150 2108 tur,
1169 2066 1232 2110 qui,
1252 2066 1276 2098 si
1299 2065 1445 2108 publicas
1464 2065 1573 2096 theses
1590 2063 1719 2106 egregie
1738 2063 1827 2105 prius

1090 2119 1312 2159 sustinuerint,
1329 2128 1365 2151 ac
1384 2118 1415 2150 in
1436 2117 1582 2149 examine
1609 2127 1671 2148 non
1691 2115 1829 2158 vulgaris

1090 2174 1253 2207 doctrinae
1280 2172 1446 2215 specimen
1473 2170 1642 2210 dederint,
1673 2168 1828 2202 doctorali

1067 2226 1069 2232 '
1090 2230 1198 2261 laurea
1216 2239 1233 2259 a
1250 2226 1393 2269 generali
1416 2225 1564 2257 ministro
1580 2224 1754 2257 donentur.
1780 2222 1828 2255 llli

1090 2293 1174 2321 vero,
1193 2281 1247 2324 qui
1273 2290 1386 2324 parum
1412 2278 1591 2322 profecisse
1620 2276 1739 2310 inventi
1766 2276 1829 2308 sue-

1091 2335 1163 2375 rint,
1183 2344 1242 2377 per
1262 2333 1345 2365 aliud
1369 2331 1544 2364 triennium
1572 2331 1603 2362 in
1630 2330 1744 2362 eodem
1762 2330 1830 2361 eol-

1092 2387 1175 2429 legio
1202 2386 1393 2429 prolientur,
1420 2384 1506 2427 quod
1532 2383 1556 2415 si
1584 2382 1751 2425 provocati
1777 2382 1829 2413 ite-

1091 2451 1159 2472 rum
1185 2439 1223 2471 ad
1261 2448 1394 2471 examen
1428 2441 1503 2480 post
1534 2435 1665 2468 secundi
1699 2434 1828 2467 triennii

1092 2492 1262 2535 periodum
1292 2490 1416 2522 nullam
1439 2499 1528 2532 spem
1554 2488 1718 2531 profectus
1737 2487 1832 2518 dede-

1093 2545 1163 2583 rint,
1183 2556 1198 2576 a
1216 2542 1437 2585 collegialium
1456 2541 1529 2573 albo
1547 2540 1677 2583 penitus
1696 2539 1831 2582 proseri-

1068 2600 1071 2618 ῑ
1092 2599 1222 2637 bantur,
1248 2602 1408 2639 tamquam
1427 2594 1592 2637 simplices
1610 2593 1641 2625 in
1663 2598 1830 2635 posterum

1093 2650 1273 2683 liae-:alauri
1300 2648 1452 2681 habendi.
1475 2648 1614 2680 Vetitum
1641 2651 1746 2678 tamen
1780 2651 1829 2680 est

1734 259 1776 293 99
1822 269 1870 296 An.
1888 267 1917 296 c.
1941 266 2009 296 1670
