2279 3260
95 265 146 292 An.
167 265 196 292 C.
218 265 287 293 ¹670

108 1956 210 1978 indultum
220 1959 284 1977 trans-

101 1984 182 2004 furendi
200 1984 284 2010 pendu-

102 2016 146 2031 nes.

291 312 476 356 specialiter
496 313 545 346 vel
562 312 759 355 generaliter
783 317 946 344 reservata
962 311 1027 343 exi-

290 371 362 405 stat,
376 371 407 398 et
420 375 699 408 quorumcumque
715 370 862 397 votorum
879 369 911 396 ct
922 364 1028 396 Eccle-

290 417 356 450 siae
370 422 618 460 praeceptorum
635 416 959 459 transgressionibus,
976 416 1027 448 lior

290 469 420 502 micidio
441 469 571 528 effluam,
591 480 743 502 manuum
763 469 974 501 violentarum
996 467 1027 499 in

291 523 417 565 quasvis
458 534 614 566 personas
654 523 749 555 etiam
790 521 1053 588 ecclesiasticasl

292 576 371 617 (non
388 581 494 609 tamen
512 575 696 618 episcopos,
716 576 766 608 vel
784 575 864 608 alios
882 574 1028 617 superio·
1049 594 1051 597 -

920 260 1062 287 CLEMENS
1083 264 1101 287 x
1125 262 1174 287 1³1².

1727 254 1763 286 {ll

1070 311 1256 354 quorumvis
1283 310 1438 343 Ordinum
1458 316 1487 343 ct
1506 311 1687 343 ,llilitiairum
1714 323 1807 349 rouu-

1069 363 1195 403 larium,
1224 364 1319 396 ctiam
1348 363 1516 406 hospitalis
1535 365 1565 395 S.
1590 364 1715 395 loannis
1735 364 1808 395 llis»-

1070 417 1292 460 rosolymitani
1314 417 1482 459 praedicti,
1503 417 1808 459 quommlocumqiu:

1071 474 1102 501 ct
1120 469 1398 512 qualitercumque
1418 469 1686 511 qualilicatoriim,
1700 469 1809 500 frui-ti-

1070 522 1142 562 bus,
1169 513 1367 562 redditibus,
1398 521 1631 564 proventibus,
1660 521 1782 553 iuribus
1801 548 1807 560 ‚

1071 574 1319 610 obventionibus
1346 579 1377 607 ct
1403 573 1691 612 distributionibus,
1714 573 1810 604 ctiam

290 639 342 661 res
354 629 530 672 praelatos)
544 629 582 661 de
596 628 773 671 praeterito
787 627 1027 667 iniectionibus,
1049 641 1052 672 Ι
1072 627 1287 669 quotidianis,
1315 638 1371 659 scu
1405 627 1532 659 illarum
1559 627 1629 659 loco
1668 626 1784 657 fructu>-
1803 653 1808 663 ,

291 692 347 715 seu
372 681 501 715 consilii
534 682 584 714 vel
616 682 733 714 favoris
765 682 804 714 ad
830 681 862 713 id
887 676 1051 724 praesta-¹

291 734 441 775 tionibus,
468 735 665 768 ieiuniorum
691 734 922 768 omissionibus
948 733 1029 776 (non

291 792 398 820 tamen
416 788 616 821 recitationis
630 788 785 821 horarum
803 786 1029 819 canonicarum

291 840 492 884 aliorumque
507 841 689 874 divinorum
708 840 915 882 officiorum),
933 844 964 871 et
981 839 1029 870 de-

291 893 389 936 nique
407 893 446 926 ab
467 893 618 926 omnibus
634 900 665 926 et
682 893 941 936 quibuscumque
960 891 1030 923 aliis

290 945 404 978 vestris
421 946 572 989 peccatis,
587 945 776 978 criminibus
795 950 826 977 et
844 943 1029 977 excessibus

291 1009 328 1032 ac
344 999 480 1039 delictis,
505 1005 804 1042 quantumcumque
825 996 975 1040 gravibus
1001 1001 1032 1028 et

291 1051 489 1092 enormibus,
517 1051 612 1084 etiam
639 1051 756 1084 talibus
782 1055 920 1094 propter
950 1059 1030 1092 quae

290 1105 389 1138 Sedes
415 1105 579 1148 praedicta
596 1105 710 1137 merito
728 1103 926 1137 consulenda
939 1102 1030 1142 soret,
1052 1105 1053 1110 ’

290 1157 442 1191 videlicet
466 1169 483 1190 a
508 1157 671 1190 contentis
690 1157 722 1189 in
748 1157 864 1190 litteris
882 1156 933 1189 die
955 1155 1031 1188 Coe·
1052 1181 1054 1186 .

293 1221 353 1243 nae
379 1210 505 1243 Domini
535 1210 696 1253 publicari
722 1209 904 1249 consuetis,
930 1208 1032 1241 semel

290 1268 416 1294 tanturn
440 1262 473 1294 in
498 1262 560 1294 vita
580 1268 610 1295 et
629 1263 741 1295 mortis
768 1262 912 1301 articulo,
931 1260 964 1292 in
982 1271 1033 1292 re-

291 1315 387 1358 liquis
412 1326 488 1348 vero
515 1315 619 1348 dictae
638 1315 711 1348 Sedi
728 1315 1031 1358 quomodocumque

291 1368 473 1409 reservatis,
489 1368 622 1412 aliisque
644 1369 809 1411 quibusvis
828 1367 966 1407 casibus,
984 1366 1034 1399 se-

291 1423 355 1454 mel
379 1422 413 1454 in
438 1432 533 1461 anno,
558 1421 819 1460 confessionibus
844 1420 958 1453 vestris
984 1420 1031 1453 di-

292 1474 434 1517 ligenter
467 1474 609 1515 auditis,
643 1475 713 1507 sine
752 1480 861 1507 tamen
897 1473 1032 1506 alicuius

291 1527 503 1571 praeiudicio,
522 1528 714 1560 auctoritate
733 1526 909 1570 apostolica
928 1526 1034 1559 absol-

292 1590 376 1619 vere,
404 1586 435 1613 et
453 1581 545 1613 vobis
570 1591 630 1624 pro
656 1580 837 1613 commissis
862 1581 1056 1623 poeniten-i

293 1633 371 1666 tiam
395 1634 566 1676 iniungere
592 1635 780 1674 salutarem,
807 1644 936 1666 necnon
961 1639 1034 1666 vota

293 1697 519 1730 quaecumque
551 1687 805 1730 (ultramarino,
841 1687 1034 1719 visitationis
1055 1699 1056 1716 ι

292 1740 441 1773 liminum
467 1741 639 1773 beatorum
658 1741 875 1784 apostolorum
896 1740 982 1772 Petri
1004 1745 1034 1772 et
1055 1773 1057 1781 ,

294 1792 406 1834 Pauli,
436 1794 655 1837 castitatisque
688 1799 720 1826 et
755 1792 923 1836 religionis
951 1793 1034 1826 votis

294 1846 461 1878 dumtaxat
480 1847 638 1890 exceptis)
658 1847 689 1879 in
707 1847 769 1879 alia
786 1846 916 1890 pietatis
935 1857 1036 1890 opera
1055 1853 1057 1855 ’

294 1904 495 1932 commutare
520 1901 635 1932 valeat.

338 1951 353 1994 ξ
377 1951 431 1984 11.
457 1951 619 1994 Vobisque
644 1952 781 1985 ulterius
798 1957 829 1984 et
845 1951 1034 1995 cuicumque

293 2010 435 2039 vestrum
459 2005 656 2048 respective,
684 2011 717 2038 ut
748 2005 944 2048 quicumque
973 2005 1057 2038 loci*

294 2057 464 2098 Ordinarii,
479 2059 534 2103 vel'
549 2058 696 2091 canonici
715 2059 1035 2102 metropolitanarum

294 2121 350 2144 seu
373 2111 506 2144 aliarum
532 2112 767 2145 cathedralium
801 2113 1032 2152 ecclesiarum,

295 2168 352 2196 aut
375 2174 537 2207 personae
571 2165 603 2197 in
634 2165 789 2207 dignitate
815 2164 1035 2197 ecclesiastica

296 2217 514 2256 constitutae,
541 2224 604 2249 tam
641 2218 674 2249 in
708 2217 792 2250 dicta
825 2217 910 2250 curia
940 2229 1057 2261 quam-

297 2275 386 2302 extra
411 2280 480 2302 eam
506 2270 545 2302 ad
570 2269 602 2302 id
628 2281 686 2313 per
710 2281 763 2303 vos
789 2271 964 2313 respective
983 2282 1034 2303 co-

299 2333 366 2354 rani
391 2322 517 2355 notario
543 2328 572 2355 et
599 2323 735 2355 testibus
763 2323 822 2356 tide
850 2323 954 2365 dignis
980 2323 1036 2356 cli-

299 2374 396 2416 gendi
422 2385 478 2407 seu
505 2375 685 2418 eligendae,
711 2386 932 2419 quascttrnqtlt}
958 2365 1058 2419 pen-i

298 2427 408 2460 sioues
441 2438 562 2460 annuas
596 2428 688 2461 vobis
722 2440 820 2472 super
853 2434 1058 2472 n‘iensarum}

299 2479 508 2512 abbatialiurn
531 2491 587 2513 seu
612 2481 835 2524 capitularium
855 2493 890 2514 ac
915 2482 1037 2525 episco-
1056 2508 1058 2526 Ι,

1072 680 1226 719 redditus,
1253 685 1444 722 proventus,
1470 679 1552 718 iura,
1579 678 1810 716 obventiones,

1072 732 1320 765 distributiones
1338 739 1369 764 et
1383 733 1602 764 emolumenta
1620 731 1708 763 vobis
1727 740 1813 762 nunc

1073 790 1104 817 et
1128 796 1187 828 pro
1214 791 1361 828 tempore
1395 785 1556 826 assignata
1588 789 1618 815 ct
1649 788 1810 815 reservata

1073 848 1108 870 ac
1132 838 1327 870 reservanda
1351 847 1410 880 pro
1436 839 1558 869 summa
1584 836 1735 868 videlicet
1754 840 1812 867 tre-

1073 897 1241 923 centorum
1278 890 1466 922 ducatorum
1504 889 1572 921 auri
1611 890 1649 921 dc
1687 890 1813 921 camera

1074 943 1179 987 quoad
1204 943 1349 984 singulos
1376 948 1527 982 vestrum,
1546 942 1813 985 quandocumque

1074 995 1167 1029 alicui
1193 1002 1332 1029 vestrum
1364 995 1545 1038 respective
1581 995 1747 1037 placuerit,
1774 994 1815 1025 si·

1074 1050 1138 1081 niul
1160 1049 1210 1081 vel
1235 1048 1426 1087 successive,
1444 1047 1475 1079 in
1495 1052 1562 1080 toto
1580 1048 1628 1079 vel
1655 1046 1686 1079 in
1710 1052 1813 1089 parte,

1075 1102 1170 1135 etiam
1196 1101 1227 1133 in
1249 1101 1420 1134 cuiuslibet
1443 1106 1583 1133 vestrum
1604 1100 1716 1132 mortis
1741 1099 1816 1131 arti-

1075 1157 1156 1195 culo,
1179 1166 1306 1188 cassare
1321 1160 1352 1188 et
1373 1155 1572 1196 extinguere,
1592 1165 1627 1185 ac
1644 1160 1815 1196 postquam

1075 1214 1217 1241 cassatae
1233 1214 1264 1240 et
1279 1208 1436 1240 extinctae
1452 1207 1581 1246 suerint,
1598 1207 1675 1243 alias
1694 1207 1816 1238 similes

1053 1261 1250 1307 ,pensiones
1283 1271 1405 1293 annuas
1431 1270 1530 1303 super
1556 1259 1678 1292 eisdem
1709 1258 1818 1290 fructi-

1053 1318 1055 1353 ἑ
1076 1315 1146 1354 bus,
1161 1313 1356 1352 redditibus,
1377 1313 1598 1356 proventibus,
1614 1311 1746 1349 iuribus,
1763 1311 1817 1342 ob-

1077 1366 1283 1399 ventionibus
1304 1372 1335 1398 et
1353 1365 1636 1398 distributionibus
1652 1370 1683 1396 et
1701 1364 1817 1395 emolu-

1076 1419 1208 1460 mentis,
1225 1430 1279 1451 seu
1290 1419 1420 1452 illarum
1433 1420 1503 1451 loco
1516 1419 1645 1457 fructus,
1662 1417 1817 1456 redditus,

1077 1477 1261 1515 proventus,
1279 1472 1357 1511 iura,
1375 1470 1595 1510 obventiones,
1622 1469 1817 1502 distributio-

1076 1536 1134 1558 nes
1153 1531 1183 1557 et
1201 1526 1417 1558 emolumenta
1443 1523 1638 1562 huiusmodi,
1658 1533 1759 1565 usque
1779 1523 1817 1554 ad

1076 1588 1234 1610 summam
1253 1582 1283 1609 et
1304 1577 1513 1619 quantitatem
1532 1575 1738 1618 praet‘lictffln,
1762 1575 1817 1606 uni

1076 1631 1126 1663 vel
1145 1630 1291 1673 pluribus
1310 1629 1380 1661 aliis
1394 1629 1546 1672 personis
1565 1628 1659 1660 etiam
1682 1638 1740 1670 pei·
1761 1638 1817 1659 vos

1078 1682 1294 1722 nominandis,
1321 1682 1416 1715 etiam
1443 1692 1667 1724 quaecumque
1684 1708 1691 1720 ,
1725 1686 1819 1723 quot—

1078 1747 1219 1779 cumque
1246 1740 1278 1768 et
1310 1735 1555 1778 qualiacumque
1587 1734 1743 1766 beneficia
1768 1745 1820 1766 ec-

1078 1790 1256 1823 clesiastica
1283 1789 1505 1822 obtinentibus
1525 1793 1555 1820 et
1573 1787 1819 1830 expectantibus

1079 1843 1206 1876 clericis
1228 1854 1282 1875 scu
1304 1842 1445 1875 clericali
1463 1842 1650 1874 charactere
1670 1840 1817 1882 insigniri

1077 1897 1268 1936 volentibus,
1287 1897 1383 1929 etiam
1401 1896 1448 1928 eis
1467 1899 1571 1938 quoad
1590 1895 1735 1931 vixerint,
1763 1905 1820 1926 seu

1079 1961 1190 1983 eorum
1216 1950 1481 1993 procuratoribus
1500 1950 1537 1981 ad
1564 1948 1595 1980 id
1621 1948 1761 1990 speciale
1780 1948 1818 1983 ‚ab

1078 2004 1124 2036 eis
1149 2003 1338 2040 mandatum
1365 2002 1568 2041 habentibus,
1590 2001 1703 2033 iisdem
1723 2002 1819 2034 modo

1079 2062 1112 2089 et
1136 2057 1238 2089 fornia
1263 2056 1381 2098 quibus
1405 2054 1495 2087 vobis
1520 2054 1701 2096 assignatae
1720 2061 1745 2086 ct
1770 2064 1820 2086 rc-

1078 2113 1222 2141 servatae
1248 2118 1306 2140 seu
1332 2107 1494 2150 assignata
1519 2112 1550 2139 et
1575 2117 1728 2139 concessa
1755 2107 1819 2139 sne-

1078 2162 1143 2194 rint
1167 2160 1360 2205 respective,
1388 2161 1484 2193 etiam
1510 2161 1631 2202 absque
1656 2169 1819 2192 consensu

1079 2216 1208 2248 easdem
1238 2215 1415 2258 pensiones
1450 2216 1577 2247 solvere
1611 2214 1817 2254 debentium,

1079 2269 1203 2302 etiamsi
1229 2268 1301 2301 illas
1327 2270 1376 2301 vel
1403 2268 1457 2300 illa
1482 2269 1560 2300 alias
1587 2267 1703 2299 cassari
1723 2273 1753 2299 et
1772 2278 1820 2299 re-

1079 2322 1200 2354 servari
1226 2322 1264 2354 de
1291 2333 1375 2354 noio
1394 2320 1530 2353 l'aciendi
1551 2322 1733 2353 facultatem
1753 2331 1817 2352 non

1081 2374 1270 2414 habueritis,
1292 2385 1326 2406 ac
1352 2373 1527 2417 pensiones
1546 2379 1574 2405 ct
1594 2375 1724 2409 riticius,
1747 2373 1818 2405 red-

1080 2428 1184 2468 ditus,
1211 2433 1405 2470 proventus,
1432 2427 1517 2467 iura,
1545 2427 1757 2459 obventiones
1782 2437 1817 2457 ae

1080 2481 1326 2514 distributiones
1347 2486 1379 2513 ct
1398 2482 1613 2513 emolumenta
1633 2479 1816 2512 huiusmodi

299 2532 420 2575 palium
439 2538 470 2565 ct
486 2533 821 2577 archiepiscopalium,
837 2545 871 2566 ac
889 2545 1036 2577 quorum·
1056 2539 1058 2569 ῑ
1080 2535 1175 2566 ctiam
1201 2534 1324 2577 pluries
1350 2540 1471 2566 cassata
1503 2540 1530 2566 ct
1566 2534 1603 2565 de
1633 2544 1714 2565 novo
1739 2532 1817 2563 :issi-

300 2596 436 2628 cunique
462 2585 692 2619 beneficiorum
717 2588 1034 2628 cccl-:siasticorum,
1056 2590 1058 2599 ’
1081 2595 1175 2629 gnata
1194 2588 1321 2626 {izei-im,
1341 2588 1490 2629 usquead
1511 2597 1664 2619 >innui-aiu
1681 2592 1706 2615 ct
1722 2596 1817 2627 qemn-

303 2648 374 2671 cum
400 2642 476 2672 cura
501 2646 532 2673 et
556 2640 625 2672 sine
651 2641 742 2681 cura,
769 2641 979 2674 saccularium
1006 2649 1037 2675 et
1056 2659 1060 2686 g
1081 2642 1202 2674 titatcm
1239 2641 1455 2684 praeditum,
1483 2640 1577 2672 etiam
1603 2639 1718 2671 litteris¹
1742 2649 1816 2681 apo—

1816 263 1863 288 An.
1881 263 1909 288 C.
1932 261 1999 289 1¹:70
