2279 3260
464 251 527 283 5:18

427 309 652 352 a1·p1·ol.›a1nus,
674 309 801 352 illisque
823 307 1019 342 inviolabilis
1042 310 1163 349 aposto-

426 362 505 394 licae
522 361 676 394 firmitatis
691 362 791 395 robur
808 361 984 400 adiiciinus,
1003 370 1037 391 ac
1051 367 1164 391 omnes

427 420 457 447 et
482 415 628 457 singulos
654 414 730 447 iuris
758 415 806 447 vel
835 414 904 446 facti
932 412 1087 450 defectus,
1108 409 1162 453 qui

427 472 561 511 propter
581 468 758 510 praemissa
781 467 921 509 desuper
939 464 1049 508 quovis
1066 463 1163 495 modo

428 520 681 559 intervenerunt,
722 530 778 551 seu
815 518 892 550 alias
919 515 1162 559 quomodolibet

430 572 640 605 intervenisse
666 572 744 610 diei,
771 569 893 603 censeri
920 570 968 602 vel
994 566 1164 612 praetendi

431 631 575 668 possent,
602 625 787 668 supplemus
813 628 844 655 ct
868 632 1030 655 sanamus.

263 692 418 720 nat-insum„
474 680 488 720 g
507 678 536 710 7.
558 678 727 710 Praeterea
744 676 875 708 eosdem
898 675 1009 707 decem
1026 682 1164 705 conven-

236 721 481 774 {3⁸:¹25?¹¹¹c⁸.„„'.',555111;
507 731 536 762 in
566 740 679 762 novam
716 727 1001 770 congregationem
1034 726 1165 757 fratrum

237 774 351 797 ³³¹¹⁰⁰⁸¹¹¹¹
431 782 700 815 Dis‹·al‹·eatoruln
719 780 792 813 dicti
811 780 938 812 Ordinis
951 778 1165 811 Eremitarum

431 834 529 867 sancti
550 833 727 876 Augustini,
748 843 829 876 quae
852 831 1064 875 congregatio
1085 829 1166 863 Con-

432 887 591 929 ceptionis
607 887 641 919 B.
659 886 775 918 Mariae
789 885 927 928 Virginis
942 884 1165 917 immaculatae

432 940 522 982 regni
536 939 752 982 Portugalliae
774 938 964 981 nuncupari,
983 948 1018 970 ac
1038 936 1076 969 ab
1102 946 1166 968 uno

430 993 548 1026 vicario
567 993 710 1036 generali
724 992 947 1035 capitulariter
964 995 996 1023 et
1011 989 1170 1029 canonice

433 1046 471 1078 de
490 1046 645 1079 sexennio
664 1045 695 1077 in
717 1045 908 1078 sexennium
929 1043 1081 1086 eligendo
1099 1043 1166 1085 regi

433 1104 463 1131 et
480 1098 662 1142 gubernari,
678 1108 803 1131 necnon
823 1102 942 1130 statuta
966 1101 997 1129 et
1015 1095 1168 1129 constitu-

434 1152 539 1184 tiones
556 1151 818 1194 congregationis
835 1150 943 1183 ltaliae
959 1150 1091 1183 fratrum
1105 1148 1167 1181 Dis-

434 1206 649 1238 ealeeatorum
683 1203 827 1236 eiusdem
865 1203 993 1235 Ordinis
1034 1202 1072 1235 ab
1109 1202 1168 1233 har

434 1258 464 1291 S.
493 1258 574 1291 Sede
600 1258 795 1301 asprobatas
816 1257 988 1289 observare
1007 1255 1123 1288 debeat
1140 1260 1167 1287 et

435 1316 592 1350 teneatur,
620 1309 710 1342 firma
735 1316 839 1342 tamen
867 1310 897 1341 in
923 1309 1073 1342 omnibus
1098 1318 1169 1350 per-

434 1369 584 1396 manente
628 1363 821 1395 auctoritate
866 1367 895 1394 et
943 1361 1169 1404 superioritate

436 1428 530 1460 quam
570 1416 696 1459 priores
730 1415 898 1458 generales
937 1414 1012 1447 dicti
1044 1413 1170 1446 Ordinis

434 1480 531 1512 super
566 1469 643 1502 alias
677 1468 861 1501 huiusmodi
899 1466 1170 1509 congregationes

435 1523 567 1555 fratrum
591 1522 863 1554 Discalceatorum
884 1520 1049 1559 obtinent,
1076 1529 1111 1550 ae
1136 1520 1171 1550 ea

435 1576 507 1618 lege
531 1581 566 1607 ut
591 1573 726 1606 dilectus
759 1572 842 1605 filius
874 1572 1050 1605 modernus
1082 1571 1171 1614 prior

436 1627 598 1672 generalis
625 1626 767 1659 eiusdem
786 1625 923 1664 Ordinis,
950 1635 1008 1668 pro
1026 1624 1086 1657 hae
1108 1624 1172 1667 pri-

436 1684 486 1715 ma
500 1681 569 1714 vice
588 1685 721 1719 tantum,
738 1678 891 1711 vicarium
909 1678 1095 1721 generalem
1114 1688 1172 1710 no-

436 1745 493 1767 vae
519 1731 779 1775 congregationis
804 1730 988 1763 huiusmodi
1010 1730 1048 1762 ad
1065 1740 1172 1762 sexen-

436 1787 525 1820 nium
546 1785 735 1818 auetoritate
754 1786 864 1817 nostra
884 1783 1058 1826 apostolica
1075 1783 1173 1825 depu-

438 1845 504 1872 tare
530 1838 655 1877 debeat,
682 1847 776 1880 quam
803 1837 841 1868 ad
868 1847 937 1869 rem
956 1840 1172 1879 opportunam

438 1892 467 1925 ei
501 1892 615 1923 harum
652 1889 734 1922 serie
771 1888 939 1921 tribuimus
975 1888 1172 1926 facultatem,

438 1950 536 1983 motu,
563 1941 708 1978 seientia,
734 1941 971 1974 deliberatione
990 1945 1021 1973 et
1038 1944 1172 1983 potesta-

440 1998 478 2030 tis
492 1995 693 2040 plenitudine
718 1994 861 2037 paribus,
883 1994 994 2026 itidem
1013 1998 1172 2036 perpetuo

439 2050 594 2092 erigimus
618 2053 650 2080 et
674 2046 877 2080 instituimus.

313 2127 429 2148 Romano
485 2105 500 2146 ἓ
524 2101 554 2134 8.
582 2101 627 2133 Ita
644 2105 750 2132 tamen
778 2104 812 2131 ut
830 2099 876 2131 illi
898 2098 1051 2141 religiosi,
1071 2099 1122 2141 qui
1141 2099 1172 2130 in

255 2154 630 2201 Jssssffiffiffssffssmemoratis
655 2152 866 2186 conventibus
882 2151 952 2184 seu¹
969 2152 1084 2185 erectis
1104 2153 1174 2185 nul-

246 2206 430 2257 gffj¹g,.‡'3{'}'g⁰,²,⁵,fl
441 2209 516 2243 liter
540 2206 675 2251 professi
701 2206 946 2248 dignoscuntur,
963 2205 1118 2238 admoniti
1134 2206 1173 2238 de

247 2260 314 2280 ΝΜ·
442 2263 588 2296 nullitate
607 2270 719 2293 eorum
738 2258 962 2302 professionis,
982 2259 1087 2291 denuo
1106 2269 1174 2291 earn

442 2317 476 2350 in
493 2314 641 2348 inanibus
658 2312 835 2356 superioris
851 2311 973 2353 localis,
994 2312 1088 2344 etiam
1106 2313 1175 2345 nul-

442 2371 473 2403 lo
499 2369 560 2401 alio
588 2365 743 2399 novitiatu
768 2369 911 2408 peracto,
937 2370 1095 2407 quatenus
1121 2375 1176 2397 an-

442 2432 517 2455 num
544 2418 715 2452 novitiatus
733 2417 811 2450 alias
829 2416 993 2460 peregisse
1010 2417 1177 2461 reperian-

445 2480 506 2515 tnr,
532 2472 719 2506 solemniter
743 2470 899 2510 emittant,
926 2474 1051 2503 retento
1071 2475 1177 2503 tamen

444 2528 514 2561 iure
540 2523 791 2569 praecedentiae
816 2534 832 2556 a
851 2523 901 2556 die
919 2523 1122 2556 admissionis
1140 2523 1176 2556 ad

445 2581 592 2614 habitum
607 2590 614 2619 3
642 2582 829 2610 recusantes
847 2587 935 2616 vero,
952 2576 1054 2609 libere
1080 2576 1118 2609 ad
1133 2586 1180 2608 se-

483 2644 493 2670 1
516 2641 625 2669 Videtur
641 2639 782 2676 legendum
798 2639 838 2666 sic
853 2646 901 2675 pro
917 2647 964 2665 sen
980 2639 1016 2673 (a.
1035 2638 1083 2673 Τ.).

234 262 281 289 An.
303 261 332 286 C.
352 260 418 288 ¹675

1005 258 1181 283 armanum
1205 256 1355 282 nonitNt'M

1940 254 1988 281 An.
2011 254 2039 280 C.
2059 253 2126 280 ¹075

1206 306 1311 338 culum
1337 304 1442 338 redire
1468 306 1593 348 possint
1617 304 1640 338 si
1667 304 1705 338 ad
1724 313 1834 337 sacros
1851 302 1936 336 ordi-

1207 368 1263 391 nes
1291 368 1356 392 non
1381 358 1499 391 fuerint
1523 359 1679 402 promoti,
1705 358 1753 391 sin
1778 357 1894 398 minus,
1921 367 1938 389 a

1208 409 1333 442 vinculo
1350 409 1515 452 religionis
1536 410 1673 443 absoluti
1693 409 1725 442 in
1742 411 1872 443 saeculo
1890 420 1939 442 re-

1208 467 1356 495 maneant
1369 472 1440 494 cum
1457 462 1670 505 suspensione
1688 463 1728 495 ab
1747 462 1937 495 eorumdem

1208 514 1359 547 ordinum
1392 514 1546 547 exercitio
1582 515 1687 548 donec
1719 515 1758 548 de
1794 514 1938 558 legitimo

1207 566 1404 610 patrimonio
1438 566 1502 599 sive
1534 566 1694 600 beneficio
1719 567 1941 600 ecclesiastico

1208 618 1248 651 ad
1267 629 1378 651 eorum
1398 629 1573 662 congruam
1591 619 1856 653 sustentationem
1879 619 1942 652 suf-

1209 670 1327 703 ficienti
1352 681 1384 705 se
1410 682 1480 704 esse
1505 671 1651 714 provisos
1676 681 1784 704 coram
1802 671 1867 704 suis
1886 670 1941 704 Or-

1209 722 1342 756 dinariis
1367 729 1515 757 constare
1540 723 1686 757 fecerint.

1251 775 1312 819 {9-
1332 776 1495 816 volentes,
1516 782 1546 809 et
1565 781 1655 809 motu
1682 775 1778 809 simili
1807 781 1943 810 statuen-
2006 788 2026 808 i„
2042 788 2136 814 quonam

1211 834 1268 870 tes,
1295 834 1330 861 ut
1361 829 1392 861 in
1425 833 1603 862 memorato
1629 834 1791 862 conventu
1821 830 1860 862 de
1883 818 2136 862 xa-ssss'flllflffinlz‘rtfffi

1208 882 1323 924 bregas
1349 892 1502 914 numerus
1530 881 1664 914 fratrum
1690 881 1812 924 viginti,
1837 882 1870 914 in
1893 868 2138 921 re-¹'2'ss}3‘}{-2'il¹.2n‡f²

1210 934 1306 977 liquis
1321 944 1397 967 vero
1415 933 1628 966 conventibus
1646 933 1835 977 praedictis,
1853 921 2138 976 quin-{iiiifu'ciiiiiiwssaiss

1211 986 1314 1019 decim
1339 997 1404 1019 non
1423 986 1568 1026 excedat,
1589 986 1753 1029 iidemque
1771 974 2018 1018 conventus¹¹⁰⁰¹⁸
2033 971 2116 993 ¹¹³¹¹³⁰⁸

1212 1040 1354 1082 praefata
1385 1044 1502 1072 statuta
1535 1045 1566 1072 et
1594 1039 1841 1072 constitutiones
1870 1049 1946 1072 con-

1212 1092 1408 1135 gregationis
1433 1093 1566 1125 fratrum
1590 1092 1861 1125 Discaleeatorum
1886 1092 1946 1124 Ita-

1212 1146 1272 1178 liae
1297 1146 1472 1178 ohservare
1499 1150 1680 1178 teneantur.

1255 1198 1269 1241 ἓ
1295 1197 1347 1231 10.
1380 1198 1511 1231 Demum
1547 1197 1652 1230 eidem
1684 1208 1785 1231 novae
1813 1207 1949 1240 congre·
2005 1209 2141 1239 nuscum„

1213 1249 1343 1292 galieni,
1368 1249 1450 1282 sicut
1467 1249 1694 1292 praemittitur,
1721 1259 1737 1281 a
1762 1249 1856 1282 nohis
1881 1238 2142 1282 ere-fssssssssffissffltltssl'a

1363 1302 1368 1308 .
1428 1302 1433 1307 .
1551 1301 1556 1307 .
1589 1301 1594 1306 .
1867 1300 1873 1306 .
1959 1288 2038 1308 indulta
2060 1290 2080 1308 et
2099 1293 2142 1312 nri-

1213 1307 1279 1335 ‹Jtae
1305 1307 1336 1335 et
1361 1307 1533 1341 institutae,
1549 1302 1702 1344 illiusque
1728 1301 2043 1342 conventibusflaegffi,
2066 1314 2141 1339 quibus

1213 1355 1445 1398 superioribus,
1473 1354 1623 1387 fratribus
1647 1360 1679 1387 et
1702 1353 1853 1397 personis
1878 1340 2142 1397 qui-{fflgss'ssgaussl‘iss

1213 1407 1421 1450 buscumque,
1447 1417 1483 1439 ac
1506 1407 1651 1450 ipsorum
1676 1411 1894 1439 conventuum
1918 1394 2009 1439 et¹¹⁴²²

1214 1459 1477 1502 congregationis
1492 1459 1649 1500 ecclesiis,
1662 1458 1714 1491 ut¹
1729 1459 1951 1502 praeeminen-

1215 1511 1275 1552 tiis,
1292 1512 1535 1555 praerogativis,
1551 1511 1887 1552 honoribus‚iuribus,
1906 1512 1951 1544 in-

1215 1565 1310 1597 dultis
1336 1570 1367 1597 et
1392 1565 1502 1607 gratiis
1527 1570 1590 1597 tam
1613 1564 1836 1608 spiritualibus
1854 1575 1951 1608 quam

1217 1617 1466 1661 temporalibus,
1493 1618 1609 1661 quibus
1636 1618 1780 1661 praefata
1805 1628 1947 1660 congre-

1216 1671 1301 1713 gatio
1328 1671 1461 1703 fratrum
1486 1671 1761 1704 Discaleeatorum
1786 1671 1895 1704 Italiae
1914 1671 1952 1704 il·

1216 1724 1338 1767 liusque
1364 1729 1546 1765 conventus,
1566 1723 1734 1764 ecelesiae,
1755 1724 1951 1767 superiores,

1217 1778 1328 1810 fratres
1345 1782 1375 1809 et
1392 1787 1561 1821 personae,
1589 1782 1651 1809 tam
1667 1777 1707 1809 de
1730 1776 1809 1817 iure,
1833 1787 1892 1809 usu
1917 1782 1950 1809 et

1215 1829 1459 1869 consuetudine,
1477 1840 1572 1873 quam
1586 1840 1623 1862 ex
1634 1829 1843 1862 concessione
1860 1839 1949 1872 apos-

1216 1883 1320 1923 tolica,
1346 1888 1378 1915 et
1408 1882 1486 1916 alias
1523 1882 1771 1926 quomodolibet
1794 1887 1947 1922 utuntur,

1218 1938 1364 1969 fruuntur
1388 1941 1418 1969 et
1442 1936 1595 1979 gaudent,
1622 1946 1657 1968 ac
1675 1935 1733 1974 uti,
1751 1935 1811 1967 frui
1833 1940 1864 1967 et
1880 1945 1952 1978 gau-

1217 1991 1292 2024 dere
1302 1988 1449 2034 possunt²
1462 1993 1656 2032 etpoterunt
1669 1988 1701 2020 in
1716 1988 1868 2028 futurum,
1881 1989 1950 2032 pari

1216 2044 1313 2085 modo
1340 2049 1369 2076 et
1388 2043 1509 2085 absque
1527 2043 1592 2074 ulla
1612 2051 1746 2084 prorsus
1768 2040 1952 2074 differentia

1216 2097 1273 2137 uti,
1300 2097 1357 2129 frui
1383 2101 1413 2129 et
1438 2095 1577 2139 gaudere
1603 2095 1705 2128 libere
1723 2099 1755 2127 et
1771 2094 1857 2127 licite
1876 2106 1951 2138 pos-

1218 2151 1281 2183 sint
1305 2155 1337 2183 et.
1365 2151 1510 2188 valeant,
1537 2152 1646 2188 motu,
1673 2147 1809 2180 seientia
1839 2153 1871 2180 et
1894 2158 1951 2190 po-

1219 2203 1343 2237 testatis
1367 2200 1573 2246 plenitudine
1598 2210 1633 2232 ac
1660 2205 1772 2233 tenore
1785 2200 1948 2244 praefatis,

1218 2255 1425 2290 concedimus
1450 2258 1481 2286 et
1504 2253 1720 2295 indulgemus.

1262 2310 1276 2353 ξ
1301 2309 1354 2341 Μ.
1374 2308 1590 2341 Decernentes
1608 2306 1737 2339 easdem
1763 2312 1951 2350 praesentes

1218 2363 1350 2402 litteras,
1363 2366 1395 2394 et
1419 2361 1451 2393 in
1477 2360 1522 2393 eis
1546 2364 1695 2392 contenta
1720 2370 1950 2403 quaecumque,

1219 2415 1314 2448 etiam
1335 2424 1371 2447 ex
1395 2424 1433 2447 eo
1459 2412 1544 2456 quod
1566 2411 1703 2455 quilibet
1719 2412 1750 2444 in
1768 2412 1953 2456 praemissis

1220 2468 1376 2501 interesse
1402 2466 1560 2498 habentes
1592 2475 1650 2497 seu
1676 2465 1796 2498 habere
1821 2474 1956 2509 quomo-

1221 2521 1346 2554 dolibet
1376 2519 1649 2562 praetendentes,
1685 2518 1781 2551 etiam
1817 2518 1955 2551 cuiusvis

1991 2312 2102 2333 Decretum
2118 2314 2144 2334 ir-

1962 2343 2034 2360 rit-aus.

1258 2594 1269 2619 1
1293 2589 1456 2618 Pai-ticulam
1477 2592 1507 2617 ut
1526 2597 1574 2616 nos
1594 2589 1716 2616 addimus
1735 2592 1773 2623 (n.
1788 2592 1836 2621 τ.).

1257 2637 1273 2663 2
1288 2635 1354 2662 Male
1369 2634 1434 2662 edit.
1453 2633 1531 2661 Maia.
1548 2633 1611 2670 legit
1622 2634 1732 2669 possint
1747 2636 1784 2666 (a.
1800 2633 1849 2669 τ.).

2275 75 2277 78 Α
2264 0 2279 55 *ΑΜ
