<?xml version="1.0" encoding="UTF-8"?>
<!DOCTYPE html PUBLIC "-//W3C//DTD XHTML 1.0 Transitional//EN"
    "http://www.w3.org/TR/xhtml1/DTD/xhtml1-transitional.dtd">
<html xmlns="http://www.w3.org/1999/xhtml" xml:lang="en" lang="en">
 <head>
  <title>
</title>
<meta http-equiv="Content-Type" content="text/html;charset=utf-8" />
  <meta name='ocr-system' content='tesseract 3.04.00' />
  <meta name='ocr-capabilities' content='ocr_page ocr_carea ocr_par ocr_line ocrx_word'/>
</head>
<body>
  <div class='ocr_page' id='page_1' title='image "./bullarumdiplomat18cath_0405.png"; bbox 0 0 2279 3260; ppageno 0'>
   <div class='ocr_carea' id='block_1_1' title="bbox 146 240 330 267">
    <p class='ocr_par' dir='ltr' id='par_1_1' title="bbox 146 240 330 267">
     <span class='ocr_line' id='line_1_1' title="bbox 146 240 330 267; baseline 0.005 -1"><span class='ocrx_word' id='word_1_1' title='bbox 146 240 193 266; x_wconf 86' lang='grc' dir='ltr'>Αη.</span> <span class='ocrx_word' id='word_1_2' title='bbox 212 240 240 265; x_wconf 87' lang='lat' dir='ltr'>C.</span> <span class='ocrx_word' id='word_1_3' title='bbox 262 240 330 267; x_wconf 76' lang='lat'>¹672</span> 
     </span>
    </p>
   </div>
   <div class='ocr_carea' id='block_1_2' title="bbox 145 514 327 590">
    <p class='ocr_par' dir='ltr' id='par_1_2' title="bbox 145 514 327 590">
     <span class='ocr_line' id='line_1_2' title="bbox 203 514 327 535; baseline -0.016 -1"><span class='ocrx_word' id='word_1_4' title='bbox 203 514 327 535; x_wconf 64' lang='lat' dir='ltr'>Boset-vatio</span> 
     </span>
     <span class='ocr_line' id='line_1_3' title="bbox 145 541 326 565; baseline 0 -5"><span class='ocrx_word' id='word_1_5' title='bbox 145 541 214 564; x_wconf 71' lang='lat' dir='ltr'>quoad</span> <span class='ocrx_word' id='word_1_6' title='bbox 228 541 326 565; x_wconf 65' lang='lat' dir='ltr'>mozula-</span> 
     </span>
     <span class='ocr_line' id='line_1_4' title="bbox 145 568 289 590; baseline 0.007 -4"><span class='ocrx_word' id='word_1_7' title='bbox 145 568 234 590; x_wconf 67' lang='lat' dir='ltr'>ritattuu.</span> <span class='ocrx_word' id='word_1_8' title='bbox 250 570 289 587; x_wconf 80' lang='lat' dir='ltr'>etc.</span> 
     </span>
    </p>
   </div>
   <div class='ocr_carea' id='block_1_3' title="bbox 139 1407 321 1455">
    <p class='ocr_par' dir='ltr' id='par_1_3' title="bbox 139 1407 321 1455">
     <span class='ocr_line' id='line_1_5' title="bbox 154 1407 321 1429; baseline 0.018 -3"><span class='ocrx_word' id='word_1_9' title='bbox 154 1407 265 1428; x_wconf 65' lang='lat' dir='ltr'>chemmin</span> <span class='ocrx_word' id='word_1_10' title='bbox 280 1414 321 1429; x_wconf 77' lang='lat' dir='ltr'>me-</span> 
     </span>
     <span class='ocr_line' id='line_1_6' title="bbox 139 1437 212 1455; baseline 0.014 -1"><span class='ocrx_word' id='word_1_11' title='bbox 139 1437 212 1455; x_wconf 72' lang='lat' dir='ltr'>morat.</span> 
     </span>
    </p>
   </div>
   <div class='ocr_carea' id='block_1_4' title="bbox 173 2513 320 2535">
    <p class='ocr_par' dir='ltr' id='par_1_4' title="bbox 173 2513 320 2535">
     <span class='ocr_line' id='line_1_7' title="bbox 173 2513 320 2535; baseline -0.007 0"><span class='ocrx_word' id='word_1_12' title='bbox 173 2514 208 2535; x_wconf 69' lang='lat' dir='ltr'>Eia</span> <span class='ocrx_word' id='word_1_13' title='bbox 223 2513 320 2535; x_wconf 66' lang='lat' dir='ltr'>omnibus</span> 
     </span>
    </p>
   </div>
   <div class='ocr_carea' id='block_1_5' title="bbox 964 242 1218 266">
    <p class='ocr_par' dir='ltr' id='par_1_5' title="bbox 964 242 1218 266">
     <span class='ocr_line' id='line_1_8' title="bbox 964 242 1218 266; baseline 0.004 -1"><span class='ocrx_word' id='word_1_14' title='bbox 964 242 1105 266; x_wconf 61' lang='lat' dir='ltr'>CLEMENS</span> <span class='ocrx_word' id='word_1_15' title='bbox 1128 244 1145 266; x_wconf 76' lang='grc' dir='ltr'>Χ</span> <span class='ocrx_word' id='word_1_16' title='bbox 1170 243 1218 266; x_wconf 74' lang='lat' dir='ltr'>rt‘.</span> 
     </span>
    </p>
   </div>
   <div class='ocr_carea' id='block_1_6' title="bbox 329 289 1074 2234">
    <p class='ocr_par' dir='ltr' id='par_1_6' title="bbox 339 289 1074 490">
     <span class='ocr_line' id='line_1_9' title="bbox 340 289 1073 333; baseline -0.003 -10"><span class='ocrx_word' id='word_1_17' title='bbox 340 289 518 330; x_wconf 87' lang='lat' dir='ltr'>dioeceses,</span> <span class='ocrx_word' id='word_1_18' title='bbox 545 289 734 333; x_wconf 84' lang='lat' dir='ltr'>provincias,</span> <span class='ocrx_word' id='word_1_19' title='bbox 760 289 916 329; x_wconf 84' lang='lat' dir='ltr'>civitates,</span> <span class='ocrx_word' id='word_1_20' title='bbox 943 290 1073 332; x_wconf 87' lang='lat' dir='ltr'>oppida,</span> 
     </span>
     <span class='ocr_line' id='line_1_10' title="bbox 339 342 1074 385; baseline -0.001 -11"><span class='ocrx_word' id='word_1_21' title='bbox 339 347 441 375; x_wconf 85' lang='lat' dir='ltr'>terras</span> <span class='ocrx_word' id='word_1_22' title='bbox 467 347 499 375; x_wconf 91' lang='lat' dir='ltr'>et</span> <span class='ocrx_word' id='word_1_23' title='bbox 522 344 591 376; x_wconf 88' lang='lat' dir='ltr'>loca</span> <span class='ocrx_word' id='word_1_24' title='bbox 609 342 778 385; x_wconf 86' lang='lat' dir='ltr'>publicent</span> <span class='ocrx_word' id='word_1_25' title='bbox 803 347 834 374; x_wconf 90' lang='lat' dir='ltr'>et</span> <span class='ocrx_word' id='word_1_26' title='bbox 858 342 1011 384; x_wconf 85' lang='lat' dir='ltr'>publicari</span> <span class='ocrx_word' id='word_1_27' title='bbox 1033 342 1074 373; x_wconf 85' lang='lat' dir='ltr'>fa-</span> 
     </span>
     <span class='ocr_line' id='line_1_11' title="bbox 340 394 1073 437; baseline -0.001 -10"><span class='ocrx_word' id='word_1_28' title='bbox 340 395 444 436; x_wconf 87' lang='lat' dir='ltr'>ciant,</span> <span class='ocrx_word' id='word_1_29' title='bbox 475 394 713 437; x_wconf 80' lang='lat' dir='ltr'>ecclesiamque</span> <span class='ocrx_word' id='word_1_30' title='bbox 738 404 794 426; x_wconf 88' lang='lat' dir='ltr'>seu</span> <span class='ocrx_word' id='word_1_31' title='bbox 819 395 974 427; x_wconf 84' lang='lat' dir='ltr'>ecclesias</span> <span class='ocrx_word' id='word_1_32' title='bbox 1001 394 1073 426; x_wconf 85' lang='lat' dir='ltr'>visi-</span> 
     </span>
     <span class='ocr_line' id='line_1_12' title="bbox 339 447 654 490; baseline -0.003 -11"><span class='ocrx_word' id='word_1_33' title='bbox 339 448 451 479; x_wconf 83' lang='lat' dir='ltr'>tandas</span> <span class='ocrx_word' id='word_1_34' title='bbox 472 447 654 490; x_wconf 78' lang='lat' dir='ltr'>designent.</span> 
     </span>
    </p>

    <p class='ocr_par' dir='ltr' id='par_1_7' title="bbox 331 499 1072 1388">
     <span class='ocr_line' id='line_1_13' title="bbox 382 499 1072 543; baseline 0.001 -12"><span class='ocrx_word' id='word_1_35' title='bbox 382 500 396 542; x_wconf 64' lang='grc' dir='ltr'>ξ</span> <span class='ocrx_word' id='word_1_36' title='bbox 421 499 451 531; x_wconf 86' lang='grc'>9.</span> <span class='ocrx_word' id='word_1_37' title='bbox 479 499 547 532; x_wconf 84' lang='lat' dir='ltr'>Non</span> <span class='ocrx_word' id='word_1_38' title='bbox 572 499 770 532; x_wconf 76' lang='lat' dir='ltr'>intendimus</span> <span class='ocrx_word' id='word_1_39' title='bbox 784 505 888 532; x_wconf 85' lang='lat' dir='ltr'>autem</span> <span class='ocrx_word' id='word_1_40' title='bbox 910 510 969 543; x_wconf 87' lang='lat' dir='ltr'>per</span> <span class='ocrx_word' id='word_1_41' title='bbox 986 510 1072 542; x_wconf 90' lang='lat' dir='ltr'>prae-</span> 
     </span>
     <span class='ocr_line' id='line_1_14' title="bbox 337 553 1072 596; baseline 0 -12"><span class='ocrx_word' id='word_1_42' title='bbox 337 557 446 585; x_wconf 72' lang='lat' dir='ltr'>sentes</span> <span class='ocrx_word' id='word_1_43' title='bbox 470 563 567 596; x_wconf 84' lang='lat' dir='ltr'>super</span> <span class='ocrx_word' id='word_1_44' title='bbox 591 553 697 596; x_wconf 80' lang='lat' dir='ltr'>aliqua</span> <span class='ocrx_word' id='word_1_45' title='bbox 715 553 949 595; x_wconf 74' lang='lat' dir='ltr'>irregularitate</span> <span class='ocrx_word' id='word_1_46' title='bbox 967 553 1072 596; x_wconf 89' lang='lat' dir='ltr'>publi-</span> 
     </span>
     <span class='ocr_line' id='line_1_15' title="bbox 337 605 1071 648; baseline 0.001 -11"><span class='ocrx_word' id='word_1_47' title='bbox 337 608 372 638; x_wconf 79' lang='lat' dir='ltr'>ca</span> <span class='ocrx_word' id='word_1_48' title='bbox 397 606 444 638; x_wconf 81' lang='lat' dir='ltr'>vel</span> <span class='ocrx_word' id='word_1_49' title='bbox 470 607 604 645; x_wconf 78' lang='lat' dir='ltr'>occulta,</span> <span class='ocrx_word' id='word_1_50' title='bbox 632 609 716 646; x_wconf 78' lang='lat' dir='ltr'>nota,</span> <span class='ocrx_word' id='word_1_51' title='bbox 744 606 887 645; x_wconf 84' lang='lat' dir='ltr'>defectu,</span> <span class='ocrx_word' id='word_1_52' title='bbox 913 605 1071 648; x_wconf 88' lang='lat' dir='ltr'>incapaci-</span> 
     </span>
     <span class='ocr_line' id='line_1_16' title="bbox 334 659 1071 702; baseline 0 -12"><span class='ocrx_word' id='word_1_53' title='bbox 334 664 396 691; x_wconf 86' lang='lat' dir='ltr'>tate</span> <span class='ocrx_word' id='word_1_54' title='bbox 421 659 471 691; x_wconf 80' lang='lat' dir='ltr'>vel</span> <span class='ocrx_word' id='word_1_55' title='bbox 493 659 710 699; x_wconf 78' lang='lat' dir='ltr'>inhabilitate,</span> <span class='ocrx_word' id='word_1_56' title='bbox 737 660 968 702; x_wconf 81' lang='lat' dir='ltr'>quoquomodo</span> <span class='ocrx_word' id='word_1_57' title='bbox 994 669 1071 691; x_wconf 83' lang='lat' dir='ltr'>con-</span> 
     </span>
     <span class='ocr_line' id='line_1_17' title="bbox 334 711 1069 755; baseline 0.001 -13"><span class='ocrx_word' id='word_1_58' title='bbox 334 713 442 751; x_wconf 77' lang='lat' dir='ltr'>tracta,</span> <span class='ocrx_word' id='word_1_59' title='bbox 458 711 658 754; x_wconf 84' lang='lat' dir='ltr'>dispensare,</span> <span class='ocrx_word' id='word_1_60' title='bbox 675 713 722 745; x_wconf 82' lang='lat' dir='ltr'>vel</span> <span class='ocrx_word' id='word_1_61' title='bbox 733 713 873 755; x_wconf 86' lang='lat' dir='ltr'>aliquam</span> <span class='ocrx_word' id='word_1_62' title='bbox 885 712 1069 744; x_wconf 77' lang='lat' dir='ltr'>facultatem</span> 
     </span>
     <span class='ocr_line' id='line_1_18' title="bbox 334 764 1069 807; baseline 0.001 -12"><span class='ocrx_word' id='word_1_63' title='bbox 334 764 475 797; x_wconf 84' lang='lat' dir='ltr'>tribuere</span> <span class='ocrx_word' id='word_1_64' title='bbox 502 765 720 807; x_wconf 75' lang='lat' dir='ltr'>dispensandi,</span> <span class='ocrx_word' id='word_1_65' title='bbox 736 776 790 797; x_wconf 85' lang='lat' dir='ltr'>seu</span> <span class='ocrx_word' id='word_1_66' title='bbox 816 764 1020 803; x_wconf 85' lang='lat' dir='ltr'>habilitandi,</span> <span class='ocrx_word' id='word_1_67' title='bbox 1039 770 1069 796; x_wconf 84' lang='lat' dir='ltr'>et</span> 
     </span>
     <span class='ocr_line' id='line_1_19' title="bbox 331 817 1068 860; baseline -0.001 -11"><span class='ocrx_word' id='word_1_68' title='bbox 331 817 365 849; x_wconf 91' lang='lat' dir='ltr'>in</span> <span class='ocrx_word' id='word_1_69' title='bbox 390 817 559 860; x_wconf 88' lang='lat' dir='ltr'>pristinum</span> <span class='ocrx_word' id='word_1_70' title='bbox 585 821 701 850; x_wconf 85' lang='lat' dir='ltr'>statum</span> <span class='ocrx_word' id='word_1_71' title='bbox 728 818 919 850; x_wconf 83' lang='lat' dir='ltr'>restituendi</span> <span class='ocrx_word' id='word_1_72' title='bbox 940 844 946 857; x_wconf 89' lang='lat'>,</span> <span class='ocrx_word' id='word_1_73' title='bbox 973 817 1068 849; x_wconf 87' lang='lat' dir='ltr'>etiam</span> 
     </span>
     <span class='ocr_line' id='line_1_20' title="bbox 331 869 1067 912; baseline -0.001 -10"><span class='ocrx_word' id='word_1_74' title='bbox 331 869 364 902; x_wconf 91' lang='lat' dir='ltr'>in</span> <span class='ocrx_word' id='word_1_75' title='bbox 376 870 443 902; x_wconf 87' lang='lat' dir='ltr'>foro</span> <span class='ocrx_word' id='word_1_76' title='bbox 461 870 690 909; x_wconf 86' lang='lat' dir='ltr'>conscientiae,</span> <span class='ocrx_word' id='word_1_77' title='bbox 705 880 811 912; x_wconf 86' lang='lat' dir='ltr'>neque</span> <span class='ocrx_word' id='word_1_78' title='bbox 826 870 922 902; x_wconf 85' lang='lat' dir='ltr'>etiam</span> <span class='ocrx_word' id='word_1_79' title='bbox 939 869 1067 902; x_wconf 76' lang='lat' dir='ltr'>easdem</span> 
     </span>
     <span class='ocr_line' id='line_1_21' title="bbox 332 923 1068 966; baseline -0.003 -10"><span class='ocrx_word' id='word_1_80' title='bbox 332 929 518 966; x_wconf 72' lang='lat' dir='ltr'>praesentes</span> <span class='ocrx_word' id='word_1_81' title='bbox 543 924 590 963; x_wconf 86' lang='lat' dir='ltr'>iis,</span> <span class='ocrx_word' id='word_1_82' title='bbox 613 924 666 966; x_wconf 88' lang='lat' dir='ltr'>qui</span> <span class='ocrx_word' id='word_1_83' title='bbox 685 934 701 956; x_wconf 85' lang='lat' dir='ltr'>a</span> <span class='ocrx_word' id='word_1_84' title='bbox 718 924 812 956; x_wconf 91' lang='lat' dir='ltr'>nobis</span> <span class='ocrx_word' id='word_1_85' title='bbox 838 929 869 956; x_wconf 86' lang='lat' dir='ltr'>et</span> <span class='ocrx_word' id='word_1_86' title='bbox 887 923 1068 966; x_wconf 78' lang='lat' dir='ltr'>Apostolica</span> 
     </span>
     <span class='ocr_line' id='line_1_22' title="bbox 332 975 1067 1019; baseline -0.001 -11"><span class='ocrx_word' id='word_1_87' title='bbox 332 975 427 1016; x_wconf 83' lang='lat' dir='ltr'>Sede,</span> <span class='ocrx_word' id='word_1_88' title='bbox 447 978 495 1009; x_wconf 91' lang='lat' dir='ltr'>vel</span> <span class='ocrx_word' id='word_1_89' title='bbox 517 977 555 1009; x_wconf 85' lang='lat' dir='ltr'>ab</span> <span class='ocrx_word' id='word_1_90' title='bbox 574 976 683 1019; x_wconf 85' lang='lat' dir='ltr'>aliquo</span> <span class='ocrx_word' id='word_1_91' title='bbox 706 977 853 1018; x_wconf 84' lang='lat' dir='ltr'>praelato</span> <span class='ocrx_word' id='word_1_92' title='bbox 879 986 934 1008; x_wconf 90' lang='lat' dir='ltr'>seu</span> <span class='ocrx_word' id='word_1_93' title='bbox 963 975 1067 1007; x_wconf 81' lang='lat' dir='ltr'>iudice</span> 
     </span>
     <span class='ocr_line' id='line_1_23' title="bbox 333 1027 1066 1070; baseline -0.004 -9"><span class='ocrx_word' id='word_1_94' title='bbox 333 1029 555 1061; x_wconf 85' lang='lat' dir='ltr'>ecclesiastico</span> <span class='ocrx_word' id='word_1_95' title='bbox 587 1027 874 1067; x_wconf 78' lang='lat' dir='ltr'>excommunicati,</span> <span class='ocrx_word' id='word_1_96' title='bbox 900 1027 1066 1070; x_wconf 82' lang='lat' dir='ltr'>suspensi,</span> 
     </span>
     <span class='ocr_line' id='line_1_24' title="bbox 333 1080 1068 1121; baseline 0 -9"><span class='ocrx_word' id='word_1_97' title='bbox 333 1081 506 1121; x_wconf 81' lang='lat' dir='ltr'>interdicti,</span> <span class='ocrx_word' id='word_1_98' title='bbox 525 1093 581 1114; x_wconf 88' lang='lat' dir='ltr'>seu</span> <span class='ocrx_word' id='word_1_99' title='bbox 600 1081 680 1114; x_wconf 73' lang='lat' dir='ltr'>alias</span> <span class='ocrx_word' id='word_1_100' title='bbox 699 1082 730 1113; x_wconf 90' lang='lat' dir='ltr'>in</span> <span class='ocrx_word' id='word_1_101' title='bbox 749 1080 925 1113; x_wconf 84' lang='lat' dir='ltr'>sententias</span> <span class='ocrx_word' id='word_1_102' title='bbox 946 1086 977 1113; x_wconf 90' lang='lat' dir='ltr'>et</span> <span class='ocrx_word' id='word_1_103' title='bbox 994 1091 1068 1112; x_wconf 90' lang='lat' dir='ltr'>cen-</span> 
     </span>
     <span class='ocr_line' id='line_1_25' title="bbox 333 1133 1069 1177; baseline -0.001 -11"><span class='ocrx_word' id='word_1_104' title='bbox 333 1145 423 1167; x_wconf 86' lang='lat' dir='ltr'>suras</span> <span class='ocrx_word' id='word_1_105' title='bbox 443 1134 593 1167; x_wconf 81' lang='lat' dir='ltr'>incidisse</span> <span class='ocrx_word' id='word_1_106' title='bbox 614 1135 766 1168; x_wconf 85' lang='lat' dir='ltr'>declarati</span> <span class='ocrx_word' id='word_1_107' title='bbox 796 1135 844 1167; x_wconf 79' lang='lat' dir='ltr'>rel</span> <span class='ocrx_word' id='word_1_108' title='bbox 864 1133 993 1177; x_wconf 82' lang='lat' dir='ltr'>publice</span> <span class='ocrx_word' id='word_1_109' title='bbox 1015 1133 1069 1166; x_wconf 82' lang='lat' dir='ltr'>de-</span> 
     </span>
     <span class='ocr_line' id='line_1_26' title="bbox 332 1185 1069 1229; baseline 0 -11"><span class='ocrx_word' id='word_1_110' title='bbox 332 1186 472 1218; x_wconf 81' lang='lat' dir='ltr'>nunciati</span> <span class='ocrx_word' id='word_1_111' title='bbox 491 1187 617 1226; x_wconf 88' lang='lat' dir='ltr'>fuerint,</span> <span class='ocrx_word' id='word_1_112' title='bbox 632 1186 694 1218; x_wconf 88' lang='lat' dir='ltr'>nisi</span> <span class='ocrx_word' id='word_1_113' title='bbox 713 1186 795 1218; x_wconf 90' lang='lat' dir='ltr'>intra</span> <span class='ocrx_word' id='word_1_114' title='bbox 820 1192 946 1229; x_wconf 86' lang='lat' dir='ltr'>tempus</span> <span class='ocrx_word' id='word_1_115' title='bbox 971 1185 1069 1218; x_wconf 83' lang='lat' dir='ltr'>dicta-</span> 
     </span>
     <span class='ocr_line' id='line_1_27' title="bbox 331 1238 1068 1272; baseline -0.001 -1"><span class='ocrx_word' id='word_1_116' title='bbox 331 1250 401 1271; x_wconf 87' lang='lat' dir='ltr'>rum</span> <span class='ocrx_word' id='word_1_117' title='bbox 433 1240 569 1271; x_wconf 79' lang='lat' dir='ltr'>duarum</span> <span class='ocrx_word' id='word_1_118' title='bbox 602 1240 881 1272; x_wconf 83' lang='lat' dir='ltr'>hebdomadarum</span> <span class='ocrx_word' id='word_1_119' title='bbox 906 1238 1068 1271; x_wconf 88' lang='lat' dir='ltr'>satisfece-</span> 
     </span>
     <span class='ocr_line' id='line_1_28' title="bbox 331 1291 1065 1335; baseline 0.001 -12"><span class='ocrx_word' id='word_1_120' title='bbox 331 1292 408 1332; x_wconf 86' lang='lat' dir='ltr'>rint,</span> <span class='ocrx_word' id='word_1_121' title='bbox 435 1297 490 1324; x_wconf 87' lang='lat' dir='ltr'>aut</span> <span class='ocrx_word' id='word_1_122' title='bbox 513 1302 583 1324; x_wconf 87' lang='lat' dir='ltr'>cum</span> <span class='ocrx_word' id='word_1_123' title='bbox 609 1292 754 1335; x_wconf 90' lang='lat' dir='ltr'>partibus</span> <span class='ocrx_word' id='word_1_124' title='bbox 786 1291 1065 1331; x_wconf 79' lang='lat' dir='ltr'>concordaverint,</span> 
     </span>
     <span class='ocr_line' id='line_1_29' title="bbox 332 1345 1064 1388; baseline 0.001 -12"><span class='ocrx_word' id='word_1_125' title='bbox 332 1345 400 1377; x_wconf 89' lang='lat' dir='ltr'>ullo</span> <span class='ocrx_word' id='word_1_126' title='bbox 425 1346 521 1378; x_wconf 89' lang='lat' dir='ltr'>modo</span> <span class='ocrx_word' id='word_1_127' title='bbox 547 1345 711 1387; x_wconf 75' lang='lat' dir='ltr'>suffragari</span> <span class='ocrx_word' id='word_1_128' title='bbox 732 1355 827 1388; x_wconf 90' lang='lat' dir='ltr'>posse</span> <span class='ocrx_word' id='word_1_129' title='bbox 853 1350 906 1377; x_wconf 87' lang='lat' dir='ltr'>aut</span> <span class='ocrx_word' id='word_1_130' title='bbox 931 1345 1064 1377; x_wconf 84' lang='lat' dir='ltr'>debere.</span> 
     </span>
    </p>

    <p class='ocr_par' dir='ltr' id='par_1_8' title="bbox 329 1397 1067 2234">
     <span class='ocr_line' id='line_1_30' title="bbox 377 1397 1067 1441; baseline -0.001 -11"><span class='ocrx_word' id='word_1_131' title='bbox 377 1397 458 1441; x_wconf 60' lang='lat'>{10-</span> <span class='ocrx_word' id='word_1_132' title='bbox 475 1398 544 1431; x_wconf 74' lang='lat' dir='ltr'>&#39;Non</span> <span class='ocrx_word' id='word_1_133' title='bbox 559 1399 758 1431; x_wconf 83' lang='lat' dir='ltr'>obstantibus</span> <span class='ocrx_word' id='word_1_134' title='bbox 783 1398 1067 1431; x_wconf 83' lang='lat' dir='ltr'>constitutionibus</span> 
     </span>
     <span class='ocr_line' id='line_1_31' title="bbox 332 1451 1066 1494; baseline -0.001 -11"><span class='ocrx_word' id='word_1_135' title='bbox 332 1457 361 1483; x_wconf 85' lang='lat' dir='ltr'>et</span> <span class='ocrx_word' id='word_1_136' title='bbox 387 1451 644 1484; x_wconf 80' lang='lat' dir='ltr'>ordinationibus</span> <span class='ocrx_word' id='word_1_137' title='bbox 661 1451 858 1494; x_wconf 90' lang='lat' dir='ltr'>apostolicis,</span> <span class='ocrx_word' id='word_1_138' title='bbox 877 1451 1066 1494; x_wconf 86' lang='lat' dir='ltr'>praesertim</span> 
     </span>
     <span class='ocr_line' id='line_1_32' title="bbox 331 1504 1067 1547; baseline 0 -12"><span class='ocrx_word' id='word_1_139' title='bbox 331 1505 449 1547; x_wconf 86' lang='lat' dir='ltr'>quibus</span> <span class='ocrx_word' id='word_1_140' title='bbox 466 1504 599 1536; x_wconf 78' lang='lat' dir='ltr'>facultas</span> <span class='ocrx_word' id='word_1_141' title='bbox 619 1504 803 1538; x_wconf 78' lang='lat' dir='ltr'>absolvendi</span> <span class='ocrx_word' id='word_1_142' title='bbox 823 1504 855 1536; x_wconf 91' lang='lat' dir='ltr'>in</span> <span class='ocrx_word' id='word_1_143' title='bbox 880 1504 974 1537; x_wconf 90' lang='lat' dir='ltr'>certis</span> <span class='ocrx_word' id='word_1_144' title='bbox 993 1508 1067 1536; x_wconf 91' lang='lat' dir='ltr'>tunc</span> 
     </span>
     <span class='ocr_line' id='line_1_33' title="bbox 330 1556 1065 1600; baseline -0.001 -11"><span class='ocrx_word' id='word_1_145' title='bbox 330 1557 492 1600; x_wconf 72' lang='lat' dir='ltr'>expressis</span> <span class='ocrx_word' id='word_1_146' title='bbox 524 1557 649 1589; x_wconf 81' lang='lat' dir='ltr'>casibus</span> <span class='ocrx_word' id='word_1_147' title='bbox 676 1557 718 1589; x_wconf 85' lang='lat' dir='ltr'>ita</span> <span class='ocrx_word' id='word_1_148' title='bbox 743 1557 887 1589; x_wconf 79' lang='lat' dir='ltr'>Romano</span> <span class='ocrx_word' id='word_1_149' title='bbox 920 1556 1065 1589; x_wconf 80' lang='lat' dir='ltr'>Pontifici</span> 
     </span>
     <span class='ocr_line' id='line_1_34' title="bbox 330 1608 1066 1653; baseline -0.003 -11"><span class='ocrx_word' id='word_1_150' title='bbox 330 1620 390 1653; x_wconf 91' lang='lat' dir='ltr'>pro</span> <span class='ocrx_word' id='word_1_151' title='bbox 404 1614 547 1652; x_wconf 81' lang='lat' dir='ltr'>tempore</span> <span class='ocrx_word' id='word_1_152' title='bbox 566 1609 716 1642; x_wconf 79' lang='lat' dir='ltr'>existenti</span> <span class='ocrx_word' id='word_1_153' title='bbox 734 1608 941 1648; x_wconf 65' lang='lat' dir='ltr'>reservam-¹,</span> <span class='ocrx_word' id='word_1_154' title='bbox 956 1614 991 1640; x_wconf 91' lang='lat' dir='ltr'>ut</span> <span class='ocrx_word' id='word_1_155' title='bbox 1007 1619 1066 1641; x_wconf 88' lang='lat' dir='ltr'>nec</span> 
     </span>
     <span class='ocr_line' id='line_1_35' title="bbox 331 1662 1066 1706; baseline 0 -11"><span class='ocrx_word' id='word_1_156' title='bbox 331 1662 428 1695; x_wconf 84' lang='lat' dir='ltr'>etiam</span> <span class='ocrx_word' id='word_1_157' title='bbox 454 1662 576 1695; x_wconf 87' lang='lat' dir='ltr'>similes</span> <span class='ocrx_word' id='word_1_158' title='bbox 607 1664 655 1695; x_wconf 88' lang='lat' dir='ltr'>vel</span> <span class='ocrx_word' id='word_1_159' title='bbox 691 1663 864 1696; x_wconf 83' lang='lat' dir='ltr'>dissimiles</span> <span class='ocrx_word' id='word_1_160' title='bbox 895 1663 1066 1706; x_wconf 76' lang='lat' dir='ltr'>indulgen-</span> 
     </span>
     <span class='ocr_line' id='line_1_36' title="bbox 331 1716 1066 1749; baseline 0.001 -1"><span class='ocrx_word' id='word_1_161' title='bbox 331 1716 448 1748; x_wconf 86' lang='lat' dir='ltr'>tiarum</span> <span class='ocrx_word' id='word_1_162' title='bbox 467 1721 496 1748; x_wconf 87' lang='lat' dir='ltr'>et</span> <span class='ocrx_word' id='word_1_163' title='bbox 514 1716 700 1749; x_wconf 81' lang='lat' dir='ltr'>facultatum</span> <span class='ocrx_word' id='word_1_164' title='bbox 726 1716 912 1749; x_wconf 90' lang='lat' dir='ltr'>huiusmodi</span> <span class='ocrx_word' id='word_1_165' title='bbox 937 1727 1066 1749; x_wconf 83' lang='lat' dir='ltr'>conces-</span> 
     </span>
     <span class='ocr_line' id='line_1_37' title="bbox 331 1768 1065 1812; baseline 0 -11"><span class='ocrx_word' id='word_1_166' title='bbox 331 1769 456 1808; x_wconf 86' lang='lat' dir='ltr'>siones,</span> <span class='ocrx_word' id='word_1_167' title='bbox 484 1768 546 1800; x_wconf 91' lang='lat' dir='ltr'>nisi</span> <span class='ocrx_word' id='word_1_168' title='bbox 578 1769 616 1801; x_wconf 85' lang='lat' dir='ltr'>de</span> <span class='ocrx_word' id='word_1_169' title='bbox 652 1769 716 1801; x_wconf 87' lang='lat' dir='ltr'>illis</span> <span class='ocrx_word' id='word_1_170' title='bbox 754 1780 907 1812; x_wconf 75' lang='lat' dir='ltr'>expressa</span> <span class='ocrx_word' id='word_1_171' title='bbox 943 1769 1065 1802; x_wconf 87' lang='lat' dir='ltr'>mentio</span> 
     </span>
     <span class='ocr_line' id='line_1_38' title="bbox 331 1820 1065 1864; baseline 0.003 -12"><span class='ocrx_word' id='word_1_172' title='bbox 331 1826 384 1852; x_wconf 83' lang='lat' dir='ltr'>aut</span> <span class='ocrx_word' id='word_1_173' title='bbox 420 1821 572 1864; x_wconf 88' lang='lat' dir='ltr'>specialis</span> <span class='ocrx_word' id='word_1_174' title='bbox 610 1821 777 1863; x_wconf 71' lang='lat' dir='ltr'>derogatio</span> <span class='ocrx_word' id='word_1_175' title='bbox 813 1820 887 1861; x_wconf 79' lang='lat' dir='ltr'>fiat,</span> <span class='ocrx_word' id='word_1_176' title='bbox 914 1823 1065 1864; x_wconf 80' lang='lat' dir='ltr'>cuiquam</span> 
     </span>
     <span class='ocr_line' id='line_1_39' title="bbox 330 1872 1065 1916; baseline 0 -10"><span class='ocrx_word' id='word_1_177' title='bbox 330 1872 500 1916; x_wconf 76' lang='lat' dir='ltr'>suffragari</span> <span class='ocrx_word' id='word_1_178' title='bbox 525 1879 656 1916; x_wconf 83' lang='lat' dir='ltr'>queant,</span> <span class='ocrx_word' id='word_1_179' title='bbox 675 1884 803 1906; x_wconf 82' lang='lat' dir='ltr'>necnon</span> <span class='ocrx_word' id='word_1_180' title='bbox 829 1876 939 1916; x_wconf 71' lang='lat' dir='ltr'>regula</span> <span class='ocrx_word' id='word_1_181' title='bbox 957 1877 1065 1907; x_wconf 79' lang='lat' dir='ltr'>nostra</span> 
     </span>
     <span class='ocr_line' id='line_1_40' title="bbox 331 1926 1067 1969; baseline 0 -10"><span class='ocrx_word' id='word_1_182' title='bbox 331 1927 369 1959; x_wconf 92' lang='lat' dir='ltr'>de</span> <span class='ocrx_word' id='word_1_183' title='bbox 394 1937 460 1959; x_wconf 92' lang='lat' dir='ltr'>non</span> <span class='ocrx_word' id='word_1_184' title='bbox 485 1926 703 1959; x_wconf 82' lang='lat' dir='ltr'>concedendis</span> <span class='ocrx_word' id='word_1_185' title='bbox 729 1927 939 1969; x_wconf 75' lang='lat' dir='ltr'>indulgentiis</span> <span class='ocrx_word' id='word_1_186' title='bbox 956 1928 995 1959; x_wconf 90' lang='lat' dir='ltr'>ad</span> <span class='ocrx_word' id='word_1_187' title='bbox 1019 1927 1067 1959; x_wconf 92' lang='lat' dir='ltr'>in-</span> 
     </span>
     <span class='ocr_line' id='line_1_41' title="bbox 330 1979 1067 2022; baseline 0.001 -11"><span class='ocrx_word' id='word_1_188' title='bbox 330 1985 405 2019; x_wconf 83' lang='lat' dir='ltr'>star,</span> <span class='ocrx_word' id='word_1_189' title='bbox 421 1984 451 2012; x_wconf 88' lang='lat' dir='ltr'>et</span> <span class='ocrx_word' id='word_1_190' title='bbox 476 1989 754 2022; x_wconf 81' lang='lat' dir='ltr'>quorumcumque</span> <span class='ocrx_word' id='word_1_191' title='bbox 779 1979 932 2012; x_wconf 89' lang='lat' dir='ltr'>Ordinum</span> <span class='ocrx_word' id='word_1_192' title='bbox 949 1985 980 2012; x_wconf 90' lang='lat' dir='ltr'>et</span> <span class='ocrx_word' id='word_1_193' title='bbox 994 1990 1067 2012; x_wconf 90' lang='lat' dir='ltr'>con-</span> 
     </span>
     <span class='ocr_line' id='line_1_42' title="bbox 330 2026 1066 2074; baseline 0.001 -11"><span class='ocrx_word' id='word_1_194' title='bbox 330 2032 553 2074; x_wconf 81' lang='lat' dir='ltr'>gregationum</span> <span class='ocrx_word' id='word_1_195' title='bbox 590 2032 655 2064; x_wconf 89' lang='lat' dir='ltr'>sive</span> <span class='ocrx_word' id='word_1_196' title='bbox 685 2026 905 2064; x_wconf 82' lang='lat' dir='ltr'>institutorum</span> <span class='ocrx_word' id='word_1_197' title='bbox 941 2033 1066 2074; x_wconf 77' lang='lat' dir='ltr'>regula-</span> 
     </span>
     <span class='ocr_line' id='line_1_43' title="bbox 330 2083 1065 2124; baseline 0.003 -9"><span class='ocrx_word' id='word_1_198' title='bbox 330 2083 433 2123; x_wconf 89' lang='lat' dir='ltr'>rium,</span> <span class='ocrx_word' id='word_1_199' title='bbox 461 2084 555 2116; x_wconf 88' lang='lat' dir='ltr'>etiam</span> <span class='ocrx_word' id='word_1_200' title='bbox 589 2084 771 2116; x_wconf 80' lang='lat' dir='ltr'>iuramento</span> <span class='ocrx_word' id='word_1_201' title='bbox 790 2111 797 2124; x_wconf 94' lang='lat'>,</span> <span class='ocrx_word' id='word_1_202' title='bbox 822 2085 1065 2118; x_wconf 72' lang='lat' dir='ltr'>confirmatione</span> 
     </span>
     <span class='ocr_line' id='line_1_44' title="bbox 329 2136 1066 2180; baseline 0.004 -12"><span class='ocrx_word' id='word_1_203' title='bbox 329 2136 520 2180; x_wconf 77' lang='lat' dir='ltr'>apostolica,</span> <span class='ocrx_word' id='word_1_204' title='bbox 546 2138 594 2169; x_wconf 89' lang='lat' dir='ltr'>vel</span> <span class='ocrx_word' id='word_1_205' title='bbox 620 2137 730 2180; x_wconf 77' lang='lat' dir='ltr'>quavis</span> <span class='ocrx_word' id='word_1_206' title='bbox 755 2137 905 2170; x_wconf 81' lang='lat' dir='ltr'>firmitate</span> <span class='ocrx_word' id='word_1_207' title='bbox 931 2138 992 2171; x_wconf 79' lang='lat' dir='ltr'>alia</span> <span class='ocrx_word' id='word_1_208' title='bbox 1017 2150 1066 2171; x_wconf 90' lang='lat' dir='ltr'>ro-</span> 
     </span>
     <span class='ocr_line' id='line_1_45' title="bbox 329 2190 1067 2234; baseline 0.003 -13"><span class='ocrx_word' id='word_1_209' title='bbox 329 2190 459 2230; x_wconf 88' lang='lat' dir='ltr'>boratis,</span> <span class='ocrx_word' id='word_1_210' title='bbox 480 2190 605 2222; x_wconf 88' lang='lat' dir='ltr'>statutis</span> <span class='ocrx_word' id='word_1_211' title='bbox 632 2196 664 2222; x_wconf 86' lang='lat' dir='ltr'>et</span> <span class='ocrx_word' id='word_1_212' title='bbox 687 2191 986 2231; x_wconf 78' lang='lat' dir='ltr'>consuettulinibus,</span> <span class='ocrx_word' id='word_1_213' title='bbox 1004 2191 1067 2234; x_wconf 89' lang='lat' dir='ltr'>pri-</span> 
     </span>
    </p>
   </div>
   <div class='ocr_carea' id='block_1_7' title="bbox 328 2242 1088 2288">
    <p class='ocr_par' dir='ltr' id='par_1_9' title="bbox 328 2242 1088 2288">
     <span class='ocr_line' id='line_1_46' title="bbox 328 2242 1088 2288; baseline 0.004 -14"><span class='ocrx_word' id='word_1_214' title='bbox 328 2242 454 2285; x_wconf 78' lang='lat' dir='ltr'>vilegiis</span> <span class='ocrx_word' id='word_1_215' title='bbox 480 2254 622 2286; x_wconf 86' lang='lat' dir='ltr'>quoque,</span> <span class='ocrx_word' id='word_1_216' title='bbox 648 2244 780 2276; x_wconf 92' lang='lat' dir='ltr'>indultis</span> <span class='ocrx_word' id='word_1_217' title='bbox 803 2250 835 2276; x_wconf 90' lang='lat' dir='ltr'>et</span> <span class='ocrx_word' id='word_1_218' title='bbox 858 2245 974 2277; x_wconf 84' lang='lat' dir='ltr'>litteris</span> <span class='ocrx_word' id='word_1_219' title='bbox 994 2256 1066 2288; x_wconf 90' lang='lat' dir='ltr'>apo-</span> <span class='ocrx_word' id='word_1_220' title='bbox 1086 2264 1088 2282; x_wconf 39' lang='grc' dir='ltr'><em>ξ</em></span> 
     </span>
    </p>
   </div>
   <div class='ocr_carea' id='block_1_8' title="bbox 330 2296 1067 2393">
    <p class='ocr_par' dir='ltr' id='par_1_10' title="bbox 330 2296 1067 2393">
     <span class='ocr_line' id='line_1_47' title="bbox 330 2296 1067 2341; baseline 0.004 -13"><span class='ocrx_word' id='word_1_221' title='bbox 330 2296 463 2336; x_wconf 89' lang='lat' dir='ltr'>stolicis,</span> <span class='ocrx_word' id='word_1_222' title='bbox 487 2296 609 2329; x_wconf 86' lang='lat' dir='ltr'>eisdem</span> <span class='ocrx_word' id='word_1_223' title='bbox 635 2296 809 2329; x_wconf 84' lang='lat' dir='ltr'>Ordinibus</span> <span class='ocrx_word' id='word_1_224' title='bbox 836 2303 868 2330; x_wconf 85' lang='lat' dir='ltr'>et</span> <span class='ocrx_word' id='word_1_225' title='bbox 891 2309 1067 2341; x_wconf 77' lang='lat' dir='ltr'>congrega-</span> 
     </span>
     <span class='ocr_line' id='line_1_48' title="bbox 331 2348 1066 2393; baseline 0.004 -13"><span class='ocrx_word' id='word_1_226' title='bbox 331 2348 474 2381; x_wconf 88' lang='lat' dir='ltr'>tionibus</span> <span class='ocrx_word' id='word_1_227' title='bbox 502 2354 533 2381; x_wconf 88' lang='lat' dir='ltr'>et</span> <span class='ocrx_word' id='word_1_228' title='bbox 553 2348 718 2390; x_wconf 86' lang='lat' dir='ltr'>institutis,</span> <span class='ocrx_word' id='word_1_229' title='bbox 738 2350 935 2393; x_wconf 89' lang='lat' dir='ltr'>illorumque</span> <span class='ocrx_word' id='word_1_230' title='bbox 958 2361 1066 2393; x_wconf 89' lang='lat' dir='ltr'>perso—</span> 
     </span>
    </p>
   </div>
   <div class='ocr_carea' id='block_1_9' title="bbox 329 2401 1066 2446">
    <p class='ocr_par' dir='ltr' id='par_1_11' title="bbox 329 2394 1088 2448">
     <span class='ocr_line' id='line_1_49' title="bbox 329 2401 1066 2446; baseline 0.004 -13"><span class='ocrx_word' id='word_1_231' title='bbox 329 2401 389 2442; x_wconf 84' lang='lat' dir='ltr'>nis,</span> <span class='ocrx_word' id='word_1_232' title='bbox 412 2402 656 2444; x_wconf 88' lang='lat' dir='ltr'>quomodolibet</span> <span class='ocrx_word' id='word_1_233' title='bbox 677 2402 852 2443; x_wconf 87' lang='lat' dir='ltr'>concessis,</span> <span class='ocrx_word' id='word_1_234' title='bbox 879 2404 1066 2446; x_wconf 86' lang='lat' dir='ltr'>approbatis</span> 
     </span>
    </p>
   </div>
   <div class='ocr_carea' id='block_1_10' title="bbox 331 2454 1064 2552">
    <p class='ocr_par' dir='ltr' id='par_1_12' title="bbox 331 2454 1064 2552">
     <span class='ocr_line' id='line_1_50' title="bbox 331 2454 561 2494; baseline 0 -8"><span class='ocrx_word' id='word_1_235' title='bbox 331 2460 363 2487; x_wconf 89' lang='lat' dir='ltr'>et</span> <span class='ocrx_word' id='word_1_236' title='bbox 379 2454 537 2486; x_wconf 87' lang='lat' dir='ltr'>innovatis</span> <span class='ocrx_word' id='word_1_237' title='bbox 554 2466 561 2494; x_wconf 86' lang='lat'>;</span> 
     </span>
     <span class='ocr_line' id='line_1_51' title="bbox 375 2506 1064 2552; baseline 0.004 -13"><span class='ocrx_word' id='word_1_238' title='bbox 375 2507 390 2550; x_wconf 66' lang='lat' dir='ltr'>g</span> <span class='ocrx_word' id='word_1_239' title='bbox 421 2507 474 2539; x_wconf 70' lang='lat' dir='ltr'>it.</span> <span class='ocrx_word' id='word_1_240' title='bbox 507 2506 627 2545; x_wconf 85' lang='lat' dir='ltr'>Quibus</span> <span class='ocrx_word' id='word_1_241' title='bbox 663 2508 812 2541; x_wconf 91' lang='lat' dir='ltr'>omnibus</span> <span class='ocrx_word' id='word_1_242' title='bbox 846 2515 877 2542; x_wconf 89' lang='lat' dir='ltr'>et</span> <span class='ocrx_word' id='word_1_243' title='bbox 909 2509 1064 2552; x_wconf 81' lang='lat' dir='ltr'>singulis,</span> 
     </span>
    </p>
   </div>
   <div class='ocr_carea' id='block_1_11' title="bbox 369 2620 1028 2659">
    <p class='ocr_par' dir='ltr' id='par_1_13' title="bbox 369 2620 1028 2659">
     <span class='ocr_line' id='line_1_52' title="bbox 369 2620 1028 2659; baseline 0.003 -10"><span class='ocrx_word' id='word_1_244' title='bbox 369 2622 379 2649; x_wconf 86' lang='lat'>1</span> <span class='ocrx_word' id='word_1_245' title='bbox 403 2621 468 2648; x_wconf 80' lang='lat' dir='ltr'>Male</span> <span class='ocrx_word' id='word_1_246' title='bbox 488 2622 552 2649; x_wconf 89' lang='lat' dir='ltr'>edit.</span> <span class='ocrx_word' id='word_1_247' title='bbox 575 2620 652 2648; x_wconf 82' lang='lat' dir='ltr'>Main.</span> <span class='ocrx_word' id='word_1_248' title='bbox 670 2621 733 2657; x_wconf 84' lang='lat' dir='ltr'>legit</span> <span class='ocrx_word' id='word_1_249' title='bbox 752 2624 905 2652; x_wconf 77' lang='lat' dir='ltr'>reservatis</span> <span class='ocrx_word' id='word_1_250' title='bbox 923 2624 962 2659; x_wconf 78' lang='grc' dir='ltr'>(ιι.</span> <span class='ocrx_word' id='word_1_251' title='bbox 979 2623 1028 2659; x_wconf 82' lang='grc' dir='ltr'>Τ.).</span> 
     </span>
    </p>
   </div>
   <div class='ocr_carea' id='block_1_12' title="bbox 1109 233 2041 1437">
    <p class='ocr_par' dir='ltr' id='par_1_14' title="bbox 1115 233 2041 438">
     <span class='ocr_line' id='line_1_53' title="bbox 1741 233 2040 270; baseline 0.01 -3"><span class='ocrx_word' id='word_1_252' title='bbox 1741 233 1804 267; x_wconf 69' lang='grc'>367</span> <span class='ocrx_word' id='word_1_253' title='bbox 1853 245 1900 269; x_wconf 63' lang='lat' dir='ltr'>An.</span> <span class='ocrx_word' id='word_1_254' title='bbox 1920 244 1947 270; x_wconf 86' lang='lat' dir='ltr'>c.</span> <span class='ocrx_word' id='word_1_255' title='bbox 1971 244 2040 270; x_wconf 66' lang='lat' dir='ltr'>ww</span> 
     </span>
     <span class='ocr_line' id='line_1_54' title="bbox 1118 289 2041 334; baseline 0.004 -13"><span class='ocrx_word' id='word_1_256' title='bbox 1118 289 1240 322; x_wconf 88' lang='lat' dir='ltr'>etiamsi</span> <span class='ocrx_word' id='word_1_257' title='bbox 1268 290 1306 323; x_wconf 90' lang='lat' dir='ltr'>de</span> <span class='ocrx_word' id='word_1_258' title='bbox 1332 290 1394 323; x_wconf 81' lang='lat' dir='ltr'>illis</span> <span class='ocrx_word' id='word_1_259' title='bbox 1420 301 1598 334; x_wconf 85' lang='lat' dir='ltr'>eorumque</span> <span class='ocrx_word' id='word_1_260' title='bbox 1623 292 1697 325; x_wconf 87' lang='lat' dir='ltr'>totis</span> <span class='ocrx_word' id='word_1_261' title='bbox 1727 291 1978 331; x_wconf 46' lang='lat' dir='ltr'>tenori-„pecator</span> <span class='ocrx_word' id='word_1_262' title='bbox 2006 305 2041 325; x_wconf 70' lang='lat' dir='ltr'>ao-</span> 
     </span>
     <span class='ocr_line' id='line_1_55' title="bbox 1116 335 1925 386; baseline 0.002 -13"><span class='ocrx_word' id='word_1_263' title='bbox 1116 342 1174 373; x_wconf 88' lang='lat' dir='ltr'>bus</span> <span class='ocrx_word' id='word_1_264' title='bbox 1199 343 1369 385; x_wconf 84' lang='lat' dir='ltr'>specialis,</span> <span class='ocrx_word' id='word_1_265' title='bbox 1395 342 1547 386; x_wconf 79' lang='lat' dir='ltr'>specifica</span> <span class='ocrx_word' id='word_1_266' title='bbox 1580 349 1611 375; x_wconf 91' lang='lat' dir='ltr'>ct</span> <span class='ocrx_word' id='word_1_267' title='bbox 1635 354 1786 386; x_wconf 78' lang='lat' dir='ltr'>expressa</span> <span class='ocrx_word' id='word_1_268' title='bbox 1815 335 1925 375; x_wconf 65' lang='lat' dir='ltr'>et¹⁰¹⁴⁴¹‘&#39;</span> 
     </span>
     <span class='ocr_line' id='line_1_56' title="bbox 1115 394 1847 438; baseline 0.003 -13"><span class='ocrx_word' id='word_1_269' title='bbox 1115 394 1291 434; x_wconf 72' lang='lat' dir='ltr'>individua,</span> <span class='ocrx_word' id='word_1_270' title='bbox 1311 406 1374 427; x_wconf 91' lang='lat' dir='ltr'>non</span> <span class='ocrx_word' id='word_1_271' title='bbox 1401 400 1506 427; x_wconf 85' lang='lat' dir='ltr'>autem</span> <span class='ocrx_word' id='word_1_272' title='bbox 1533 405 1591 438; x_wconf 90' lang='lat' dir='ltr'>per</span> <span class='ocrx_word' id='word_1_273' title='bbox 1616 396 1776 427; x_wconf 80' lang='lat' dir='ltr'>clausulas</span> <span class='ocrx_word' id='word_1_274' title='bbox 1793 406 1847 437; x_wconf 86' lang='lat' dir='ltr'>ge-</span> 
     </span>
    </p>

    <p class='ocr_par' dir='ltr' id='par_1_15' title="bbox 1115 447 1847 490">
     <span class='ocr_line' id='line_1_57' title="bbox 1115 447 1847 490; baseline 0.001 -12"><span class='ocrx_word' id='word_1_275' title='bbox 1115 448 1240 479; x_wconf 86' lang='lat' dir='ltr'>nerales</span> <span class='ocrx_word' id='word_1_276' title='bbox 1266 447 1351 479; x_wconf 86' lang='lat' dir='ltr'>idem</span> <span class='ocrx_word' id='word_1_277' title='bbox 1381 447 1609 490; x_wconf 81' lang='lat' dir='ltr'>importantcs,</span> <span class='ocrx_word' id='word_1_278' title='bbox 1637 447 1756 479; x_wconf 87' lang='lat' dir='ltr'>mentio</span> <span class='ocrx_word' id='word_1_279' title='bbox 1790 458 1847 479; x_wconf 85' lang='lat' dir='ltr'>seu</span> 
     </span>
    </p>

    <p class='ocr_par' dir='ltr' id='par_1_16' title="bbox 1114 499 1848 542">
     <span class='ocr_line' id='line_1_58' title="bbox 1114 499 1848 542; baseline 0.003 -13"><span class='ocrx_word' id='word_1_280' title='bbox 1114 499 1245 541; x_wconf 72' lang='lat' dir='ltr'>quaevis</span> <span class='ocrx_word' id='word_1_281' title='bbox 1266 499 1327 532; x_wconf 88' lang='lat' dir='ltr'>alia</span> <span class='ocrx_word' id='word_1_282' title='bbox 1346 500 1501 542; x_wconf 80' lang='lat' dir='ltr'>exquisita</span> <span class='ocrx_word' id='word_1_283' title='bbox 1519 500 1621 532; x_wconf 88' lang='lat' dir='ltr'>forma</span> <span class='ocrx_word' id='word_1_284' title='bbox 1646 500 1684 531; x_wconf 87' lang='lat' dir='ltr'>ad</span> <span class='ocrx_word' id='word_1_285' title='bbox 1707 500 1767 531; x_wconf 91' lang='lat' dir='ltr'>hoc</span> <span class='ocrx_word' id='word_1_286' title='bbox 1784 510 1848 531; x_wconf 86' lang='lat' dir='ltr'>ser-</span> 
     </span>
    </p>

    <p class='ocr_par' dir='ltr' id='par_1_17' title="bbox 1113 551 1847 594">
     <span class='ocr_line' id='line_1_59' title="bbox 1113 551 1847 594; baseline 0.001 -13"><span class='ocrx_word' id='word_1_287' title='bbox 1113 551 1213 583; x_wconf 82' lang='lat' dir='ltr'>vanda</span> <span class='ocrx_word' id='word_1_288' title='bbox 1238 552 1335 591; x_wconf 84' lang='lat' dir='ltr'>foret,</span> <span class='ocrx_word' id='word_1_289' title='bbox 1361 552 1491 585; x_wconf 87' lang='lat' dir='ltr'>illorum</span> <span class='ocrx_word' id='word_1_290' title='bbox 1517 558 1649 584; x_wconf 86' lang='lat' dir='ltr'>tenores</span> <span class='ocrx_word' id='word_1_291' title='bbox 1678 562 1737 594; x_wconf 87' lang='lat' dir='ltr'>pro</span> <span class='ocrx_word' id='word_1_292' title='bbox 1762 551 1847 583; x_wconf 75' lang='lat' dir='ltr'>suffi-</span> 
     </span>
    </p>

    <p class='ocr_par' dir='ltr' id='par_1_18' title="bbox 1113 602 1845 646">
     <span class='ocr_line' id='line_1_60' title="bbox 1113 602 1845 646; baseline 0.001 -13"><span class='ocrx_word' id='word_1_293' title='bbox 1113 602 1238 635; x_wconf 85' lang='lat' dir='ltr'>cienter</span> <span class='ocrx_word' id='word_1_294' title='bbox 1263 604 1434 646; x_wconf 72' lang='lat' dir='ltr'>expressis,</span> <span class='ocrx_word' id='word_1_295' title='bbox 1454 615 1487 635; x_wconf 73' lang='lat' dir='ltr'>a(-</span> <span class='ocrx_word' id='word_1_296' title='bbox 1514 605 1647 636; x_wconf 83' lang='lat' dir='ltr'>formam</span> <span class='ocrx_word' id='word_1_297' title='bbox 1674 603 1706 635; x_wconf 92' lang='lat' dir='ltr'>in</span> <span class='ocrx_word' id='word_1_298' title='bbox 1725 603 1770 635; x_wconf 83' lang='lat' dir='ltr'>eis</span> <span class='ocrx_word' id='word_1_299' title='bbox 1788 607 1845 634; x_wconf 85' lang='lat' dir='ltr'>tra-</span> 
     </span>
    </p>

    <p class='ocr_par' dir='ltr' id='par_1_19' title="bbox 1112 654 1847 750">
     <span class='ocr_line' id='line_1_61' title="bbox 1113 654 1846 698; baseline 0 -12"><span class='ocrx_word' id='word_1_300' title='bbox 1113 654 1210 687; x_wconf 87' lang='lat' dir='ltr'>ditam</span> <span class='ocrx_word' id='word_1_301' title='bbox 1247 666 1305 698; x_wconf 87' lang='lat' dir='ltr'>pro</span> <span class='ocrx_word' id='word_1_302' title='bbox 1339 659 1464 689; x_wconf 79' lang='lat' dir='ltr'>servata</span> <span class='ocrx_word' id='word_1_303' title='bbox 1496 657 1673 696; x_wconf 88' lang='lat' dir='ltr'>habentes,</span> <span class='ocrx_word' id='word_1_304' title='bbox 1696 656 1756 688; x_wconf 89' lang='lat' dir='ltr'>hac</span> <span class='ocrx_word' id='word_1_305' title='bbox 1780 655 1846 687; x_wconf 84' lang='lat' dir='ltr'>vice</span> 
     </span>
     <span class='ocr_line' id='line_1_62' title="bbox 1112 707 1847 750; baseline 0.001 -12"><span class='ocrx_word' id='word_1_306' title='bbox 1112 707 1285 747; x_wconf 78' lang='lat' dir='ltr'>dumtaxat,</span> <span class='ocrx_word' id='word_1_307' title='bbox 1306 709 1498 750; x_wconf 87' lang='lat' dir='ltr'>specialiter,</span> <span class='ocrx_word' id='word_1_308' title='bbox 1525 708 1712 741; x_wconf 87' lang='lat' dir='ltr'>nominatim</span> <span class='ocrx_word' id='word_1_309' title='bbox 1738 713 1769 740; x_wconf 88' lang='lat' dir='ltr'>et</span> <span class='ocrx_word' id='word_1_310' title='bbox 1795 718 1847 739; x_wconf 81' lang='lat' dir='ltr'>ex-</span> 
     </span>
    </p>

    <p class='ocr_par' dir='ltr' id='par_1_20' title="bbox 1110 760 1848 803">
     <span class='ocr_line' id='line_1_63' title="bbox 1110 760 1848 803; baseline 0.003 -13"><span class='ocrx_word' id='word_1_311' title='bbox 1110 769 1234 802; x_wconf 80' lang='lat' dir='ltr'>presse,</span> <span class='ocrx_word' id='word_1_312' title='bbox 1249 760 1288 792; x_wconf 90' lang='lat' dir='ltr'>ad</span> <span class='ocrx_word' id='word_1_313' title='bbox 1314 760 1462 793; x_wconf 88' lang='lat' dir='ltr'>etfectum</span> <span class='ocrx_word' id='word_1_314' title='bbox 1480 760 1730 803; x_wconf 79' lang='lat' dir='ltr'>praemissorum</span> <span class='ocrx_word' id='word_1_315' title='bbox 1755 760 1848 792; x_wconf 90' lang='lat' dir='ltr'>dero-</span> 
     </span>
    </p>

    <p class='ocr_par' dir='ltr' id='par_1_21' title="bbox 1111 812 1847 856">
     <span class='ocr_line' id='line_1_64' title="bbox 1111 812 1847 856; baseline 0.001 -14"><span class='ocrx_word' id='word_1_316' title='bbox 1111 821 1236 852; x_wconf 75' lang='lat' dir='ltr'>gamus,</span> <span class='ocrx_word' id='word_1_317' title='bbox 1262 812 1443 855; x_wconf 86' lang='lat' dir='ltr'>ceterisque</span> <span class='ocrx_word' id='word_1_318' title='bbox 1459 812 1629 845; x_wconf 89' lang='lat' dir='ltr'>contrariis</span> <span class='ocrx_word' id='word_1_319' title='bbox 1644 813 1847 856; x_wconf 88' lang='lat' dir='ltr'>quibuscum-</span> 
     </span>
    </p>

    <p class='ocr_par' dir='ltr' id='par_1_22' title="bbox 1111 874 1185 906">
     <span class='ocr_line' id='line_1_65' title="bbox 1111 874 1185 906; baseline 0.014 -11"><span class='ocrx_word' id='word_1_320' title='bbox 1111 874 1185 906; x_wconf 86' lang='lat' dir='ltr'>que.</span> 
     </span>
    </p>

    <p class='ocr_par' dir='ltr' id='par_1_23' title="bbox 1109 917 2038 1437">
     <span class='ocr_line' id='line_1_66' title="bbox 1154 917 2038 961; baseline 0.003 -13"><span class='ocrx_word' id='word_1_321' title='bbox 1154 917 1168 959; x_wconf 65' lang='lat' dir='ltr'>g</span> <span class='ocrx_word' id='word_1_322' title='bbox 1193 917 1246 949; x_wconf 52' lang='lat'>11⁹2.</span> <span class='ocrx_word' id='word_1_323' title='bbox 1274 917 1313 949; x_wconf 83' lang='lat' dir='ltr'>Ut</span> <span class='ocrx_word' id='word_1_324' title='bbox 1337 923 1442 950; x_wconf 84' lang='lat' dir='ltr'>autem</span> <span class='ocrx_word' id='word_1_325' title='bbox 1472 925 1657 961; x_wconf 81' lang='lat' dir='ltr'>praesentes</span> <span class='ocrx_word' id='word_1_326' title='bbox 1690 924 1819 951; x_wconf 83' lang='lat' dir='ltr'>nostrae</span> <span class='ocrx_word' id='word_1_327' title='bbox 1835 938 1918 959; x_wconf 52' lang='lat' dir='ltr'>,fidu</span> <span class='ocrx_word' id='word_1_328' title='bbox 1935 941 2038 959; x_wconf 48' lang='lat' dir='ltr'>,ramum-</span> 
     </span>
     <span class='ocr_line' id='line_1_67' title="bbox 1111 967 1944 1014; baseline 0.005 -14"><span class='ocrx_word' id='word_1_329' title='bbox 1111 979 1190 1010; x_wconf 85' lang='lat' dir='ltr'>quae</span> <span class='ocrx_word' id='word_1_330' title='bbox 1223 970 1261 1001; x_wconf 86' lang='lat' dir='ltr'>ad</span> <span class='ocrx_word' id='word_1_331' title='bbox 1291 970 1417 1012; x_wconf 76' lang='lat' dir='ltr'>singula</span> <span class='ocrx_word' id='word_1_332' title='bbox 1440 971 1511 1003; x_wconf 87' lang='lat' dir='ltr'>loca</span> <span class='ocrx_word' id='word_1_333' title='bbox 1536 971 1657 1003; x_wconf 87' lang='lat' dir='ltr'>deferri</span> <span class='ocrx_word' id='word_1_334' title='bbox 1680 982 1747 1004; x_wconf 91' lang='lat' dir='ltr'>non</span> <span class='ocrx_word' id='word_1_335' title='bbox 1771 967 1944 1014; x_wconf 68' lang='lat' dir='ltr'>pos-¹¹²⁰‘um&#39;</span> 
     </span>
     <span class='ocr_line' id='line_1_68' title="bbox 1110 1022 1844 1061; baseline 0.004 -8"><span class='ocrx_word' id='word_1_336' title='bbox 1110 1027 1194 1061; x_wconf 84' lang='lat' dir='ltr'>sunt,</span> <span class='ocrx_word' id='word_1_337' title='bbox 1212 1022 1251 1053; x_wconf 86' lang='lat' dir='ltr'>ad</span> <span class='ocrx_word' id='word_1_338' title='bbox 1270 1022 1411 1054; x_wconf 86' lang='lat' dir='ltr'>omnium</span> <span class='ocrx_word' id='word_1_339' title='bbox 1429 1023 1575 1055; x_wconf 88' lang='lat' dir='ltr'>notitiam</span> <span class='ocrx_word' id='word_1_340' title='bbox 1601 1023 1725 1056; x_wconf 79' lang='lat' dir='ltr'>facilius</span> <span class='ocrx_word' id='word_1_341' title='bbox 1747 1024 1844 1056; x_wconf 87' lang='lat' dir='ltr'>deve-</span> 
     </span>
     <span class='ocr_line' id='line_1_69' title="bbox 1110 1074 1844 1119; baseline 0.005 -14"><span class='ocrx_word' id='word_1_342' title='bbox 1110 1074 1210 1114; x_wconf 87' lang='lat' dir='ltr'>niant,</span> <span class='ocrx_word' id='word_1_343' title='bbox 1234 1076 1382 1107; x_wconf 80' lang='lat' dir='ltr'>volumus</span> <span class='ocrx_word' id='word_1_344' title='bbox 1418 1081 1453 1107; x_wconf 92' lang='lat' dir='ltr'>ut</span> <span class='ocrx_word' id='word_1_345' title='bbox 1483 1076 1669 1108; x_wconf 85' lang='lat' dir='ltr'>earumdem</span> <span class='ocrx_word' id='word_1_346' title='bbox 1694 1087 1844 1119; x_wconf 84' lang='lat' dir='ltr'>praesen-</span> 
     </span>
     <span class='ocr_line' id='line_1_70' title="bbox 1112 1127 1843 1172; baseline 0.007 -14"><span class='ocrx_word' id='word_1_347' title='bbox 1112 1127 1188 1159; x_wconf 90' lang='lat' dir='ltr'>tium</span> <span class='ocrx_word' id='word_1_348' title='bbox 1225 1128 1447 1172; x_wconf 86' lang='lat' dir='ltr'>transumptis,</span> <span class='ocrx_word' id='word_1_349' title='bbox 1474 1140 1531 1162; x_wconf 89' lang='lat' dir='ltr'>seu</span> <span class='ocrx_word' id='word_1_350' title='bbox 1557 1130 1728 1172; x_wconf 83' lang='lat' dir='ltr'>exemplis,</span> <span class='ocrx_word' id='word_1_351' title='bbox 1749 1131 1843 1163; x_wconf 88' lang='lat' dir='ltr'>etiam</span> 
     </span>
     <span class='ocr_line' id='line_1_71' title="bbox 1110 1180 1843 1226; baseline 0.004 -14"><span class='ocrx_word' id='word_1_352' title='bbox 1110 1180 1282 1224; x_wconf 86' lang='lat' dir='ltr'>impressis,</span> <span class='ocrx_word' id='word_1_353' title='bbox 1304 1192 1399 1214; x_wconf 87' lang='lat' dir='ltr'>manu</span> <span class='ocrx_word' id='word_1_354' title='bbox 1425 1183 1558 1215; x_wconf 88' lang='lat' dir='ltr'>alicuius</span> <span class='ocrx_word' id='word_1_355' title='bbox 1579 1183 1695 1215; x_wconf 87' lang='lat' dir='ltr'>notarii</span> <span class='ocrx_word' id='word_1_356' title='bbox 1723 1183 1843 1226; x_wconf 90' lang='lat' dir='ltr'>publici</span> 
     </span>
     <span class='ocr_line' id='line_1_72' title="bbox 1109 1234 1844 1279; baseline 0.005 -14"><span class='ocrx_word' id='word_1_357' title='bbox 1109 1234 1310 1277; x_wconf 85' lang='lat' dir='ltr'>subscriptis,</span> <span class='ocrx_word' id='word_1_358' title='bbox 1330 1240 1361 1267; x_wconf 85' lang='lat' dir='ltr'>et</span> <span class='ocrx_word' id='word_1_359' title='bbox 1387 1236 1494 1278; x_wconf 76' lang='lat' dir='ltr'>sigillo</span> <span class='ocrx_word' id='word_1_360' title='bbox 1513 1247 1671 1279; x_wconf 86' lang='lat' dir='ltr'>personae</span> <span class='ocrx_word' id='word_1_361' title='bbox 1696 1236 1727 1268; x_wconf 90' lang='lat' dir='ltr'>in</span> <span class='ocrx_word' id='word_1_362' title='bbox 1745 1237 1844 1269; x_wconf 88' lang='lat' dir='ltr'>eccle-</span> 
     </span>
     <span class='ocr_line' id='line_1_73' title="bbox 1109 1286 1841 1330; baseline 0.007 -13"><span class='ocrx_word' id='word_1_363' title='bbox 1109 1286 1235 1319; x_wconf 74' lang='lat' dir='ltr'>siastica</span> <span class='ocrx_word' id='word_1_364' title='bbox 1271 1288 1425 1330; x_wconf 76' lang='lat' dir='ltr'>dignitate</span> <span class='ocrx_word' id='word_1_365' title='bbox 1461 1289 1655 1322; x_wconf 88' lang='lat' dir='ltr'>constitutae</span> <span class='ocrx_word' id='word_1_366' title='bbox 1687 1289 1841 1330; x_wconf 87' lang='lat' dir='ltr'>munitis,</span> 
     </span>
     <span class='ocr_line' id='line_1_74' title="bbox 1110 1339 1844 1385; baseline 0.004 -14"><span class='ocrx_word' id='word_1_367' title='bbox 1110 1339 1227 1382; x_wconf 90' lang='lat' dir='ltr'>ubique</span> <span class='ocrx_word' id='word_1_368' title='bbox 1248 1342 1396 1374; x_wconf 84' lang='lat' dir='ltr'>locorum</span> <span class='ocrx_word' id='word_1_369' title='bbox 1418 1348 1447 1374; x_wconf 86' lang='lat' dir='ltr'>et</span> <span class='ocrx_word' id='word_1_370' title='bbox 1468 1342 1612 1385; x_wconf 76' lang='lat' dir='ltr'>gentium</span> <span class='ocrx_word' id='word_1_371' title='bbox 1630 1342 1741 1375; x_wconf 87' lang='lat' dir='ltr'>eadem</span> <span class='ocrx_word' id='word_1_372' title='bbox 1758 1353 1844 1385; x_wconf 87' lang='lat' dir='ltr'>pror-</span> 
     </span>
     <span class='ocr_line' id='line_1_75' title="bbox 1109 1392 1844 1437; baseline 0.005 -14"><span class='ocrx_word' id='word_1_373' title='bbox 1109 1403 1161 1424; x_wconf 90' lang='lat' dir='ltr'>sus</span> <span class='ocrx_word' id='word_1_374' title='bbox 1186 1392 1265 1425; x_wconf 85' lang='lat' dir='ltr'>fides</span> <span class='ocrx_word' id='word_1_375' title='bbox 1283 1393 1451 1433; x_wconf 87' lang='lat' dir='ltr'>habeatur,</span> <span class='ocrx_word' id='word_1_376' title='bbox 1470 1405 1550 1437; x_wconf 86' lang='lat' dir='ltr'>quae</span> <span class='ocrx_word' id='word_1_377' title='bbox 1575 1395 1750 1427; x_wconf 85' lang='lat' dir='ltr'>haberetur</span> <span class='ocrx_word' id='word_1_378' title='bbox 1767 1394 1844 1437; x_wconf 87' lang='lat' dir='ltr'>ipsis</span> 
     </span>
    </p>
   </div>
   <div class='ocr_carea' id='block_1_13' title="bbox 1081 1447 1841 1488">
    <p class='ocr_par' dir='ltr' id='par_1_24' title="bbox 1081 1447 1841 1488">
     <span class='ocr_line' id='line_1_76' title="bbox 1081 1447 1841 1488; baseline 0.005 -11"><span class='ocrx_word' id='word_1_379' title='bbox 1081 1468 1088 1481; x_wconf 82' lang='grc'>.</span> <span class='ocrx_word' id='word_1_380' title='bbox 1108 1447 1334 1488; x_wconf 81' lang='lat' dir='ltr'>praesentibus</span> <span class='ocrx_word' id='word_1_381' title='bbox 1360 1447 1386 1478; x_wconf 89' lang='lat' dir='ltr'>si</span> <span class='ocrx_word' id='word_1_382' title='bbox 1412 1447 1518 1480; x_wconf 89' lang='lat' dir='ltr'>forent</span> <span class='ocrx_word' id='word_1_383' title='bbox 1543 1448 1705 1480; x_wconf 80' lang='lat' dir='ltr'>exhibitae</span> <span class='ocrx_word' id='word_1_384' title='bbox 1729 1449 1778 1480; x_wconf 78' lang='lat' dir='ltr'>vel</span> <span class='ocrx_word' id='word_1_385' title='bbox 1803 1458 1841 1481; x_wconf 92' lang='lat'>0-</span> 
     </span>
    </p>
   </div>
   <div class='ocr_carea' id='block_1_14' title="bbox 1108 1503 1844 1810">
    <p class='ocr_par' dir='ltr' id='par_1_25' title="bbox 1108 1503 1245 1531">
     <span class='ocr_line' id='line_1_77' title="bbox 1108 1503 1245 1531; baseline 0.007 -2"><span class='ocrx_word' id='word_1_386' title='bbox 1108 1503 1245 1531; x_wconf 85' lang='lat' dir='ltr'>stensae.</span> 
     </span>
    </p>

    <p class='ocr_par' dir='ltr' id='par_1_26' title="bbox 1108 1550 1844 1744">
     <span class='ocr_line' id='line_1_78' title="bbox 1151 1550 1844 1595; baseline 0.003 -12"><span class='ocrx_word' id='word_1_387' title='bbox 1151 1550 1265 1583; x_wconf 86' lang='lat' dir='ltr'>Datum</span> <span class='ocrx_word' id='word_1_388' title='bbox 1291 1551 1424 1592; x_wconf 86' lang='lat' dir='ltr'>Romae,</span> <span class='ocrx_word' id='word_1_389' title='bbox 1444 1553 1529 1595; x_wconf 86' lang='lat' dir='ltr'>apud</span> <span class='ocrx_word' id='word_1_390' title='bbox 1547 1552 1578 1585; x_wconf 88' lang='lat' dir='ltr'>S.</span> <span class='ocrx_word' id='word_1_391' title='bbox 1598 1552 1728 1585; x_wconf 78' lang='lat' dir='ltr'>Mariam</span> <span class='ocrx_word' id='word_1_392' title='bbox 1747 1553 1844 1586; x_wconf 87' lang='lat' dir='ltr'>Maio-</span> 
     </span>
     <span class='ocr_line' id='line_1_79' title="bbox 1109 1605 1843 1646; baseline 0.005 -11"><span class='ocrx_word' id='word_1_393' title='bbox 1109 1614 1188 1643; x_wconf 87' lang='lat' dir='ltr'>rem,</span> <span class='ocrx_word' id='word_1_394' title='bbox 1212 1605 1272 1636; x_wconf 90' lang='lat' dir='ltr'>sub</span> <span class='ocrx_word' id='word_1_395' title='bbox 1304 1607 1424 1638; x_wconf 89' lang='lat' dir='ltr'>annulo</span> <span class='ocrx_word' id='word_1_396' title='bbox 1456 1605 1641 1646; x_wconf 85' lang='lat' dir='ltr'>Piscatoris,</span> <span class='ocrx_word' id='word_1_397' title='bbox 1659 1607 1711 1639; x_wconf 90' lang='lat' dir='ltr'>die</span> <span class='ocrx_word' id='word_1_398' title='bbox 1738 1617 1755 1638; x_wconf 88' lang='lat' dir='ltr'>v</span> <span class='ocrx_word' id='word_1_399' title='bbox 1788 1617 1843 1640; x_wconf 83' lang='lat'><em>110-</em></span> 
     </span>
     <span class='ocr_line' id='line_1_80' title="bbox 1108 1658 1842 1703; baseline 0.004 -14"><span class='ocrx_word' id='word_1_400' title='bbox 1108 1658 1247 1690; x_wconf 86' lang='lat' dir='ltr'>vembris</span> <span class='ocrx_word' id='word_1_401' title='bbox 1265 1668 1427 1700; x_wconf 74' lang='lat' dir='ltr'>MDCLxxu,</span> <span class='ocrx_word' id='word_1_402' title='bbox 1441 1659 1648 1703; x_wconf 77' lang='lat' dir='ltr'>pontificatus</span> <span class='ocrx_word' id='word_1_403' title='bbox 1671 1661 1772 1693; x_wconf 85' lang='lat' dir='ltr'>nostri</span> <span class='ocrx_word' id='word_1_404' title='bbox 1792 1671 1842 1693; x_wconf 82' lang='lat' dir='ltr'>an-</span> 
     </span>
     <span class='ocr_line' id='line_1_81' title="bbox 1108 1721 1221 1744; baseline 0.018 -2"><span class='ocrx_word' id='word_1_405' title='bbox 1108 1721 1148 1743; x_wconf 94' lang='lat' dir='ltr'>no</span> <span class='ocrx_word' id='word_1_406' title='bbox 1173 1722 1221 1744; x_wconf 86' lang='grc' dir='ltr'>ιιι.</span> 
     </span>
    </p>

    <p class='ocr_par' dir='ltr' id='par_1_27' title="bbox 1516 1776 1752 1810">
     <span class='ocr_line' id='line_1_82' title="bbox 1516 1776 1752 1810; baseline 0 -2"><span class='ocrx_word' id='word_1_407' title='bbox 1516 1776 1538 1808; x_wconf 95' lang='grc' dir='ltr'>Ι.</span> <span class='ocrx_word' id='word_1_408' title='bbox 1559 1776 1595 1809; x_wconf 88' lang='lat' dir='ltr'>G.</span> <span class='ocrx_word' id='word_1_409' title='bbox 1614 1776 1752 1810; x_wconf 70' lang='lat' dir='ltr'>Stusuis.</span> 
     </span>
    </p>
   </div>
   <div class='ocr_carea' id='block_1_15' title="bbox 1144 1863 1808 1900">
    <p class='ocr_par' dir='ltr' id='par_1_28' title="bbox 1144 1863 1808 1900">
     <span class='ocr_line' id='line_1_83' title="bbox 1144 1863 1808 1900; baseline 0.003 -11"><span class='ocrx_word' id='word_1_410' title='bbox 1144 1863 1200 1890; x_wconf 82' lang='lat' dir='ltr'>Dat.</span> <span class='ocrx_word' id='word_1_411' title='bbox 1218 1864 1262 1890; x_wconf 87' lang='lat' dir='ltr'>die</span> <span class='ocrx_word' id='word_1_412' title='bbox 1277 1865 1292 1890; x_wconf 87' lang='lat'>5</span> <span class='ocrx_word' id='word_1_413' title='bbox 1307 1864 1464 1891; x_wconf 80' lang='lat' dir='ltr'>novembris</span> <span class='ocrx_word' id='word_1_414' title='bbox 1479 1865 1558 1897; x_wconf 64' lang='lat'>1672,</span> <span class='ocrx_word' id='word_1_415' title='bbox 1576 1865 1668 1900; x_wconf 80' lang='lat' dir='ltr'>pontif.</span> <span class='ocrx_word' id='word_1_416' title='bbox 1685 1873 1754 1891; x_wconf 87' lang='lat' dir='ltr'>anno</span> <span class='ocrx_word' id='word_1_417' title='bbox 1770 1872 1808 1891; x_wconf 94' lang='grc' dir='ltr'>ιιι.</span> 
     </span>
    </p>
   </div>
   <div class='ocr_carea' id='block_1_16' title="bbox 1086 1944 1845 2022">
    <p class='ocr_par' dir='ltr' id='par_1_29' title="bbox 1086 1944 1845 2022">
     <span class='ocr_line' id='line_1_84' title="bbox 1143 1944 1845 1978; baseline 0.001 -7"><span class='ocrx_word' id='word_1_418' title='bbox 1143 1944 1306 1978; x_wconf 57' lang='lat' dir='ltr'>Regis-trata</span> <span class='ocrx_word' id='word_1_419' title='bbox 1324 1945 1354 1971; x_wconf 78' lang='lat' dir='ltr'>in</span> <span class='ocrx_word' id='word_1_420' title='bbox 1371 1945 1534 1972; x_wconf 55' lang='lat' dir='ltr'>Sem-erario</span> <span class='ocrx_word' id='word_1_421' title='bbox 1555 1945 1584 1971; x_wconf 80' lang='lat' dir='ltr'>in</span> <span class='ocrx_word' id='word_1_422' title='bbox 1601 1945 1649 1971; x_wconf 72' lang='lat' dir='ltr'>lit).</span> <span class='ocrx_word' id='word_1_423' title='bbox 1665 1951 1693 1971; x_wconf 93' lang='grc' dir='ltr'>ιιι</span> <span class='ocrx_word' id='word_1_424' title='bbox 1708 1945 1845 1972; x_wconf 71' lang='grc' dir='ltr'>Βνευίιιυι</span> 
     </span>
     <span class='ocr_line' id='line_1_85' title="bbox 1086 1988 1439 2022; baseline 0.003 -9"><span class='ocrx_word' id='word_1_425' title='bbox 1086 2011 1087 2018; x_wconf 66' lang='lat'>,</span> <span class='ocrx_word' id='word_1_426' title='bbox 1109 1988 1289 2015; x_wconf 76' lang='lat' dir='ltr'>dirersormn</span> <span class='ocrx_word' id='word_1_427' title='bbox 1307 1988 1356 2022; x_wconf 56' lang='lat' dir='ltr'>fol,</span> <span class='ocrx_word' id='word_1_428' title='bbox 1380 1988 1439 2014; x_wconf 80' lang='lat'>304.</span> 
     </span>
    </p>
   </div>
   <div class='ocr_carea' id='block_1_17' title="bbox 1086 2085 1847 2659">
    <p class='ocr_par' dir='ltr' id='par_1_30' title="bbox 1108 2085 1847 2234">
     <span class='ocr_line' id='line_1_86' title="bbox 1152 2085 1845 2131; baseline 0.003 -15"><span class='ocrx_word' id='word_1_429' title='bbox 1152 2085 1249 2117; x_wconf 78' lang='lat' dir='ltr'>Anno</span> <span class='ocrx_word' id='word_1_430' title='bbox 1266 2095 1284 2116; x_wconf 83' lang='lat' dir='ltr'>a</span> <span class='ocrx_word' id='word_1_431' title='bbox 1303 2085 1483 2117; x_wconf 75' lang='lat' dir='ltr'>Nativitate</span> <span class='ocrx_word' id='word_1_432' title='bbox 1499 2085 1634 2131; x_wconf 62' lang='lat' dir='ltr'>Domini</span> <span class='ocrx_word' id='word_1_433' title='bbox 1653 2085 1756 2117; x_wconf 80' lang='lat' dir='ltr'>nostri</span> <span class='ocrx_word' id='word_1_434' title='bbox 1772 2086 1845 2118; x_wconf 75' lang='lat' dir='ltr'>Iesu</span> 
     </span>
     <span class='ocr_line' id='line_1_87' title="bbox 1110 2137 1844 2177; baseline -0.001 -7"><span class='ocrx_word' id='word_1_435' title='bbox 1110 2137 1233 2170; x_wconf 77' lang='lat' dir='ltr'>Christi</span> <span class='ocrx_word' id='word_1_436' title='bbox 1247 2147 1405 2177; x_wconf 77' lang='lat' dir='ltr'>MDCLxxn,</span> <span class='ocrx_word' id='word_1_437' title='bbox 1430 2138 1607 2170; x_wconf 75' lang='lat' dir='ltr'>indictione</span> <span class='ocrx_word' id='word_1_438' title='bbox 1627 2148 1655 2177; x_wconf 82' lang='lat' dir='ltr'>x,</span> <span class='ocrx_word' id='word_1_439' title='bbox 1669 2137 1720 2170; x_wconf 84' lang='lat' dir='ltr'>die</span> <span class='ocrx_word' id='word_1_440' title='bbox 1739 2148 1810 2169; x_wconf 72' lang='lat' dir='ltr'>vero</span> <span class='ocrx_word' id='word_1_441' title='bbox 1827 2149 1844 2170; x_wconf 94' lang='lat' dir='ltr'>v</span> 
     </span>
     <span class='ocr_line' id='line_1_88' title="bbox 1108 2190 1847 2234; baseline 0.003 -14"><span class='ocrx_word' id='word_1_442' title='bbox 1108 2191 1226 2221; x_wconf 75' lang='lat' dir='ltr'>mensis</span> <span class='ocrx_word' id='word_1_443' title='bbox 1246 2190 1658 2234; x_wconf 73' lang='lat' dir='ltr'>novembris,pontificatus</span> <span class='ocrx_word' id='word_1_444' title='bbox 1682 2191 1847 2222; x_wconf 76' lang='lat' dir='ltr'>sanctissi-</span> 
     </span>
    </p>

    <p class='ocr_par' dir='ltr' id='par_1_31' title="bbox 1086 2243 1846 2498">
     <span class='ocr_line' id='line_1_89' title="bbox 1108 2243 1842 2286; baseline 0.003 -13"><span class='ocrx_word' id='word_1_445' title='bbox 1108 2243 1154 2274; x_wconf 80' lang='lat' dir='ltr'>mi</span> <span class='ocrx_word' id='word_1_446' title='bbox 1169 2243 1202 2274; x_wconf 83' lang='lat' dir='ltr'>in</span> <span class='ocrx_word' id='word_1_447' title='bbox 1219 2243 1344 2276; x_wconf 74' lang='lat' dir='ltr'>Christo</span> <span class='ocrx_word' id='word_1_448' title='bbox 1359 2244 1474 2286; x_wconf 78' lang='lat' dir='ltr'>patris,</span> <span class='ocrx_word' id='word_1_449' title='bbox 1496 2243 1534 2276; x_wconf 90' lang='lat' dir='ltr'>D.</span> <span class='ocrx_word' id='word_1_450' title='bbox 1551 2244 1589 2276; x_wconf 87' lang='lat' dir='ltr'>N.</span> <span class='ocrx_word' id='word_1_451' title='bbox 1606 2244 1643 2275; x_wconf 90' lang='lat' dir='ltr'>D.</span> <span class='ocrx_word' id='word_1_452' title='bbox 1661 2243 1842 2282; x_wconf 50' lang='lat' dir='ltr'>Clementi&amp;</span> 
     </span>
     <span class='ocr_line' id='line_1_90' title="bbox 1086 2287 1846 2339; baseline 0.001 -12"><span class='ocrx_word' id='word_1_453' title='bbox 1086 2287 1222 2333; x_wconf 58' lang='lat' dir='ltr'>tdz&#39;zyjmt</span> <span class='ocrx_word' id='word_1_454' title='bbox 1254 2296 1459 2338; x_wconf 66' lang='lat' dir='ltr'>providentio</span> <span class='ocrx_word' id='word_1_455' title='bbox 1490 2296 1602 2339; x_wconf 76' lang='lat' dir='ltr'>Papae</span> <span class='ocrx_word' id='word_1_456' title='bbox 1633 2297 1674 2336; x_wconf 84' lang='lat' dir='ltr'>X,</span> <span class='ocrx_word' id='word_1_457' title='bbox 1706 2306 1791 2328; x_wconf 70' lang='lat' dir='ltr'>armo</span> <span class='ocrx_word' id='word_1_458' title='bbox 1816 2306 1846 2328; x_wconf 87' lang='lat' dir='ltr'>e-</span> 
     </span>
     <span class='ocr_line' id='line_1_91' title="bbox 1086 2339 1845 2392; baseline 0.001 -12"><span class='ocrx_word' id='word_1_459' title='bbox 1086 2339 1087 2355; x_wconf 56' lang='grc'>’</span> <span class='ocrx_word' id='word_1_460' title='bbox 1109 2349 1161 2380; x_wconf 81' lang='lat' dir='ltr'>ius</span> <span class='ocrx_word' id='word_1_461' title='bbox 1186 2358 1237 2388; x_wconf 86' lang='grc' dir='ltr'>ιιι,</span> <span class='ocrx_word' id='word_1_462' title='bbox 1263 2349 1489 2392; x_wconf 76' lang='lat' dir='ltr'>supradictum</span> <span class='ocrx_word' id='word_1_463' title='bbox 1520 2350 1620 2382; x_wconf 76' lang='lat' dir='ltr'>Breve</span> <span class='ocrx_word' id='word_1_464' title='bbox 1648 2349 1785 2392; x_wconf 75' lang='lat' dir='ltr'>affioeum</span> <span class='ocrx_word' id='word_1_465' title='bbox 1817 2353 1845 2381; x_wconf 85' lang='lat' dir='ltr'>et</span> 
     </span>
     <span class='ocr_line' id='line_1_92' title="bbox 1106 2401 1846 2445; baseline 0.001 -12"><span class='ocrx_word' id='word_1_466' title='bbox 1106 2401 1311 2444; x_wconf 74' lang='lat' dir='ltr'>publicatum</span> <span class='ocrx_word' id='word_1_467' title='bbox 1335 2402 1400 2445; x_wconf 76' lang='lat' dir='ltr'>suit</span> <span class='ocrx_word' id='word_1_468' title='bbox 1417 2402 1458 2434; x_wconf 75' lang='lat' dir='ltr'>act</span> <span class='ocrx_word' id='word_1_469' title='bbox 1479 2402 1588 2434; x_wconf 75' lang='lat' dir='ltr'>valvas</span> <span class='ocrx_word' id='word_1_470' title='bbox 1606 2402 1756 2434; x_wconf 73' lang='lat' dir='ltr'>basilicae</span> <span class='ocrx_word' id='word_1_471' title='bbox 1784 2402 1846 2434; x_wconf 80' lang='lat' dir='ltr'>La—</span> 
     </span>
     <span class='ocr_line' id='line_1_93' title="bbox 1086 2452 1846 2498; baseline 0 -12"><span class='ocrx_word' id='word_1_472' title='bbox 1086 2452 1088 2462; x_wconf 93' lang='lat'>&#39;</span> <span class='ocrx_word' id='word_1_473' title='bbox 1111 2455 1289 2487; x_wconf 73' lang='lat' dir='ltr'>teranensis</span> <span class='ocrx_word' id='word_1_474' title='bbox 1305 2482 1315 2495; x_wconf 89' lang='lat'>,</span> <span class='ocrx_word' id='word_1_475' title='bbox 1342 2454 1511 2498; x_wconf 73' lang='lat' dir='ltr'>Principis</span> <span class='ocrx_word' id='word_1_476' title='bbox 1546 2454 1789 2497; x_wconf 76' lang='lat' dir='ltr'>Apostolorum,</span> <span class='ocrx_word' id='word_1_477' title='bbox 1817 2459 1846 2486; x_wconf 83' lang='lat' dir='ltr'>el</span> 
     </span>
    </p>

    <p class='ocr_par' dir='ltr' id='par_1_32' title="bbox 1108 2507 1846 2547">
     <span class='ocr_line' id='line_1_94' title="bbox 1108 2507 1846 2547; baseline -0.003 -6"><span class='ocrx_word' id='word_1_478' title='bbox 1108 2508 1139 2541; x_wconf 85' lang='lat' dir='ltr'>S.</span> <span class='ocrx_word' id='word_1_479' title='bbox 1166 2508 1290 2540; x_wconf 75' lang='lat' dir='ltr'>Mariae</span> <span class='ocrx_word' id='word_1_480' title='bbox 1314 2508 1449 2540; x_wconf 75' lang='lat' dir='ltr'>Maioris</span> <span class='ocrx_word' id='word_1_481' title='bbox 1472 2508 1509 2541; x_wconf 81' lang='lat' dir='ltr'>de</span> <span class='ocrx_word' id='word_1_482' title='bbox 1535 2508 1632 2547; x_wconf 82' lang='lat' dir='ltr'>Urbe,</span> <span class='ocrx_word' id='word_1_483' title='bbox 1660 2512 1687 2539; x_wconf 83' lang='lat' dir='ltr'>et</span> <span class='ocrx_word' id='word_1_484' title='bbox 1720 2508 1752 2539; x_wconf 73' lang='lat' dir='ltr'>iu</span> <span class='ocrx_word' id='word_1_485' title='bbox 1779 2507 1846 2539; x_wconf 78' lang='lat' dir='ltr'>acie</span> 
     </span>
    </p>

    <p class='ocr_par' dir='ltr' id='par_1_33' title="bbox 1110 2561 1844 2604">
     <span class='ocr_line' id='line_1_95' title="bbox 1110 2561 1844 2604; baseline -0.004 -9"><span class='ocrx_word' id='word_1_486' title='bbox 1110 2561 1221 2604; x_wconf 80' lang='lat' dir='ltr'>Campi</span> <span class='ocrx_word' id='word_1_487' title='bbox 1248 2562 1387 2602; x_wconf 82' lang='lat' dir='ltr'>Florae,</span> <span class='ocrx_word' id='word_1_488' title='bbox 1413 2572 1450 2594; x_wconf 84' lang='lat' dir='ltr'>ac</span> <span class='ocrx_word' id='word_1_489' title='bbox 1481 2562 1559 2594; x_wconf 72' lang='lat' dir='ltr'>aliis</span> <span class='ocrx_word' id='word_1_490' title='bbox 1587 2561 1662 2593; x_wconf 76' lang='lat' dir='ltr'>Iocis</span> <span class='ocrx_word' id='word_1_491' title='bbox 1686 2561 1791 2592; x_wconf 76' lang='lat' dir='ltr'>solitis</span> <span class='ocrx_word' id='word_1_492' title='bbox 1816 2564 1844 2592; x_wconf 77' lang='lat' dir='ltr'>et</span> 
     </span>
    </p>

    <p class='ocr_par' dir='ltr' id='par_1_34' title="bbox 1108 2615 1844 2659">
     <span class='ocr_line' id='line_1_96' title="bbox 1108 2615 1844 2659; baseline -0.001 -11"><span class='ocrx_word' id='word_1_493' title='bbox 1108 2615 1265 2648; x_wconf 74' lang='lat' dir='ltr'>consuetis</span> <span class='ocrx_word' id='word_1_494' title='bbox 1285 2615 1390 2656; x_wconf 80' lang='lat' dir='ltr'>Urbis,</span> <span class='ocrx_word' id='word_1_495' title='bbox 1403 2626 1461 2659; x_wconf 81' lang='lat' dir='ltr'>per</span> <span class='ocrx_word' id='word_1_496' title='bbox 1477 2626 1527 2648; x_wconf 86' lang='lat' dir='ltr'>me</span> <span class='ocrx_word' id='word_1_497' title='bbox 1541 2615 1730 2658; x_wconf 71' lang='lat' dir='ltr'>Greyorium</span> <span class='ocrx_word' id='word_1_498' title='bbox 1752 2615 1844 2658; x_wconf 70' lang='lat'><em>3109-</em></span> 
     </span>
    </p>
   </div>
   <div class='ocr_carea' id='block_1_18' title="bbox 1087 341 1096 2260">
    <p class='ocr_par' dir='ltr' id='par_1_35' title="bbox 1087 341 1096 2260">
     <span class='ocr_line' id='line_1_97' title="bbox 1087 341 1096 2260; baseline 0 0"><span class='ocrx_word' id='word_1_499' title='bbox 1087 341 1096 2260; x_wconf 95' lang='lat' dir='ltr'> </span> 
     </span>
    </p>
   </div>
  </div>
 </body>
</html>
