2279 3260
985 272 1127 299 6151111115
1148 277 1166 299 x
1192 274 1239 300 ιφ.
1770 267 1834 304 ’173
1880 279 1928 304 An.
1945 276 1973 305 C.
1996 276 2057 305 1671

356 325 387 356 ta
412 329 443 357 et
467 323 577 357 habitu
610 323 746 367 aliisque
772 323 920 365 insigniis
947 328 978 356 61
1002 323 1088 355 indu
1111 344 1114 357 1
1134 330 1204 356 ceat
1221 325 1303 357 banc
1320 325 1470 368 paginam
1496 330 1626 358 nostrae
1644 326 1866 367 absolutionis,

354 377 472 409 mentis
499 376 755 420 episcopalibus,
783 376 899 418 quibus
924 375 954 408 S.
982 375 1088 408 Iacobi
1111 396 1114 428 ς
1134 377 1363 418 concessionis,
1390 378 1516 418 indulti,
1541 378 1738 421 infringere,
1765 380 1814 413 vel
1840 379 1868 412 ei

355 430 394 462 de
419 429 512 461 Voles
537 434 569 461 et
592 428 622 461 S.
651 429 744 461 Marci
770 429 808 461 dc
835 429 920 461 Leon
958 429 1089 460 militiae
1110 468 1112 471 v
1133 441 1209 462 ausu
1229 431 1402 463 temerario
1424 431 1607 470 contraire,
1627 431 1651 463 si
1675 431 1745 474 quis
1759 438 1869 464 autem

356 492 410 513 5611
443 481 590 514 militaris
616 481 743 514 Ordinis
768 481 799 513 S.
827 481 930 513 lacobi
958 481 995 513 de
1014 480 1092 523 Spa·
1112 507 1113 510 1
1135 483 1197 515 1106
1211 489 1369 516 attentare
1391 484 1657 527 praesumpserit,
1677 485 1871 526 indignatio-

355 534 410 565 tlia
435 534 605 566 domorum
634 543 690 565 5611
716 538 936 565 conventuum
967 533 1091 576 priores
1111 542 1208 568 *nem
1226 536 1461 579 omnipotentis
1480 536 1535 568 Dei
1554 546 1590 568 ac
1603 537 1770 569 beatorum
1784 537 1870 570 Petri

353 596 413 628 pro
439 591 583 628 ternpore
617 586 677 627 (ex
713 585 862 628 plurimis
887 585 1090 618 Summorum
1135 594 1167 619 et
1190 589 1278 621 Pauli
1312 590 1535 632 apostolorum
1574 590 1642 622 eius
1674 600 1708 622 se
1744 590 1871 622 noverit

353 636 543 670 Pontificum
572 637 864 680 praedecessorum
892 643 1089 676 nostrorum,
1134 640 1349 673 incursurlnn.

353 701 412 733 per
448 690 639 723 recolendae
683 690 860 722 memoriae
905 690 994 722 Pium
1036 690 1115 731 Pa-l
1178 693 1291 725 Datum
1310 694 1443 734 Romae,
1462 694 1547 737 apud
1573 694 1604 726 S.
1625 694 1755 726 Mariam
1774 694 1870 727 Maio-

354 754 427 786 pam
450 743 485 783 V,
506 744 604 775 etiam
630 744 915 786 praedecessorem
934 748 1090 782 nostrum,
1112 740 1115 751 ¹
1135 756 1214 786 rem,
1228 757 1312 778 anno
1331 746 1568 779 lncarnationis
1581 747 1707 779 Domini
1723 745 1870 785 monas,

355 796 415 830 snb
441 797 549 828 datum
576 796 695 829 Romae
717 807 733 829 v
760 796 832 827 idus
852 795 986 828 ianuarii
1006 806 1091 828 anno
1112 792 1114 820 1
1134 810 1164 831 vi
1190 809 1292 831 nonas
1309 799 1427 838 martii,
1453 798 1662 841 pontificatus
1685 798 1788 830 nostri
1815 810 1870 830 an-

162 274 209 303 Ᾰη.
226 276 254 304 C.
277 273 340 304 ¹671

180 2019 272 2044 Derozat
286 2024 336 2039 eon-

151 2047 159 2066 ῑ
173 2046 230 2066 ariis.

179 2636 267 2658 Sanctio
287 2642 337 2664 poe-

150 2665 213 2685 natis.

354 849 479 881 Domini
498 859 615 881 siotxvi
630 848 824 881 confirmatis
842 853 873 880 et
893 848 1088 891 approbatis,

355 901 533 943 privilegiis
565 906 597 933 et
622 901 777 939 indultis,
803 911 885 943 quae
914 901 953 932 ad
975 900 1116 945 ρι’11110-Ι

355 954 470 986 dictam
505 953 651 986 militiam
686 964 741 985 5611
771 953 1000 996 priinodictum
1033 953 1092 984 mi-

353 1007 480 1041 litarem
505 1006 657 1039 Ordinem
683 1006 720 1038 ad
746 1005 1015 1048 supplicationem
1033 1000 1116 1051 cla-l

352 1069 406 1091 rae
433 1058 609 1091 memoriae
634 1057 737 1090 Caroli
756 1058 778 1089 V
795 1058 1017 1090 Romanorum
1038 1058 1090 1090 im·
1111 1075 1115 1101 ¹.

353 1111 513 1154 portitoris
546 1122 605 1154 per
637 1111 709 1153 piae
744 1110 922 1143 memoriae
954 1111 1115 1179 Paulum!

353 1164 471 1206 Papam
496 1164 533 1196 Ill
559 1164 709 1196 similiter
728 1164 1016 1206 praedecessorem
1036 1174 1091 1196 110-

352 1223 456 1249 strum
482 1216 514 1249 in
539 1216 609 1249 61115
634 1217 751 1250 litteris
777 1216 834 1249 sub
861 1217 969 1249 datum
994 1217 1089 1249 etiam
1111 1214 1112 1233 ³

350 1269 472 1302 Romae
497 1279 582 1302 anno
609 1269 753 1302 eiusdem
788 1269 914 1302 Domini
946 1279 1086 1308 monn),

350 1323 446 1355 nonis
471 1322 610 1364 augusti,
636 1322 841 1365 pontificatus
867 1322 937 1355 eius
961 1332 1008 1361 vl,
1037 1333 1089 1353 cx-

351 1381 442 1408 tensa
468 1375 638 1418 eidemque
669 1375 905 1408 communicata
937 1375 1087 1417 fuerunt)

351 1428 514 1470 gaudent,
539 1432 673 1459 utuntur
703 1433 735 1459 et
759 1427 931 1467 incedunt,
958 1427 1024 1467 uti,
1051 1438 1087 1460 ac

350 1490 420 1511 cum
446 1479 509 1512 illis
529 1485 560 1511 et
577 1479 609 1511 in
628 1479 690 1512 illis
709 1490 845 1522 semper,
864 1480 928 1519 ubi,
947 1480 1084 1522 quando,

349 1543 385 1564 ac
406 1532 532 1575 quoties
558 1532 618 1575 ipsi
639 1532 741 1575 priori
762 1532 905 1571 libuerit,
924 1532 1084 1571 incedere,

351 1591 382 1617 et
406 1596 442 1617 ea
466 1585 661 1628 ubicumque
687 1590 717 1617 et
743 1586 1012 1628 quandocumque
1037 1596 1087 1628 ge-

349 1643 433 1670 stare
459 1638 561 1670 libere
588 1643 619 1670 et
651 1637 736 1670 licite
761 1639 881 1677 valcat,
907 1638 1085 1681 apostolica

349 1691 538 1723 auctoritate
572 1690 675 1733 (citra
701 1697 807 1723 tamen
837 1691 975 1733 aliquam
1000 1702 1085 1723 com-

348 1743 574 1776 municationis
585 1743 830 1786 privilegiorum
843 1749 875 1776 et
887 1744 1084 1777 indultorum

348 1796 535 1829 huiusmodi
561 1796 850 1840 approbationem)
876 1797 1108 1839 concedimus}

338 1851 380 1881 ‘et
404 1849 632 1891 indulgemus,
658 1860 693 1881 ac
718 1851 868 1892 plenam,
895 1850 1028 1883 liberam
1054 1856 1085 1883 et

347 1902 567 1934 omnimodam
594 1902 786 1942 facultatem,
806 1903 968 1935 licentiam
986 1909 1015 1935 et
1030 1915 1084 1936 au-

346 1955 527 1987 ctoritatem
552 1954 766 1997 impartimur.

391 2008 407 2050 §
430 2007 461 2039 4.
489 2007 707 2040 Decernentes
730 2007 854 2040 irritum
880 2014 909 2040 et
934 2009 1028 2042 inane
1057 2009 1083 2042 si

346 2070 439 2092 secus
464 2070 563 2103 super
587 2061 637 2093 1115
662 2071 679 2092 a
702 2071 875 2104 quoquam,
902 2063 1012 2104 quavis
1031 2073 1084 2095 au-

347 2113 509 2152 ctoritate,
534 2113 674 2145 scienter
694 2115 745 2146 vel
759 2114 956 2155 ignoranter,
983 2116 1084 2147 conti-

346 2166 428 2208 gerit
452 2166 611 2198 attentari.
637 2165 706 2198 Non
733 2166 935 2199 obstantibus
966 2168 1084 2200 consti-

344 2219 524 2252 tutionibus
551 2224 581 2251 et
607 2219 865 2252 ordinationibus
885 2221 1080 2263 apostolicis,
1102 2220 1105 2259 ¹,

344 2282 472 2304 necnon
490 2272 701 2315 primodictae
720 2273 864 2313 1111111136,
885 2284 941 2306 5611
963 2274 1082 2317 primo·
1102 2262 1105 2302 1

344 2325 420 2357 dicti
446 2324 573 2357 Ordinis
598 2325 744 2358 militaris
760 2352 767 2365 ,
795 2337 832 2358 ac
857 2337 1082 2369 quarumcum-

345 2388 408 2421 que
443 2378 528 2410 illius
568 2379 738 2411 domorum
774 2390 829 2411 seu
865 2386 1080 2413 conventuum

345 2431 442 2463 etiam
466 2431 658 2471 iuramento,
685 2432 928 2465 confirmatione
954 2439 1082 2476 aposto-

344 2484 415 2525 lica,
441 2485 491 2517 vel
517 2485 626 2527 quavis
653 2485 800 2518 firmitate
826 2487 887 2519 alia
920 2488 1080 2520 roboratis

346 2537 483 2578 statutis,
498 2537 680 2581 ceterisque
695 2539 865 2572 contrariis
879 2540 1081 2583 quibuscum-

346 2601 420 2634 que.

391 2644 406 2688 ἓ
431 2644 462 2678 5.
488 2643 574 2677 Nulli
600 2655 679 2689 ergo
697 2645 827 2680 omnino
854 2647 1022 2681 hominum
1043 2649 1081 2682 li-

1106 1628 1109 1657 l

1135 862 1176 884 no
1203 862 1224 884 1.

1171 912 1227 940 Dut.
1245 912 1288 939 die
1305 913 1319 939 Ξ
1336 913 1425 939 martii
1441 913 1521 945 167¹,
1538 913 1630 948 pontis.
1649 918 1750 940 11111101.

1465 1028 1540 1060 LIX.

1133 1097 1302 1130 Decretum
1323 1108 1434 1130 sacrae
1450 1099 1712 1141 eonqreyaliom's
1728 1099 1871 1131 eminen-

1179 1152 1376 1183 tissimorum
1397 1155 1425 1183 el
1443 1152 1657 1184 ret-'ercndi'ssi
1662 1162 1783 1184 morum
1801 1163 1872 1184 car-

1176 1203 1343 1236 dinalium
1367 1205 1506 1247 neyolz'is
1531 1209 1559 1236 et
1577 1204 1871 1237 consultationibus

1177 1257 1396 1300 episcoporum
1404 1262 1432 1289 et
1441 1257 1644 1300 requlctrium
1651 1285 1658 1295 ,
1675 1258 1803 1290 auctori
1808 1261 1871 1290 late

1175 1311 1374 1342 sanctissimi
1398 1310 1526 1342 domini
1556 1311 1661 1343 nostri
1697 1310 1869 1344 Clementis

1176 1363 1288 1406 Papae
1312 1363 1434 1395 editum
1456 1363 1494 1396 de
1520 1364 1683 1396 canonicis
1708 1364 1870 1406 reyulari-

1176 1417 1233 1448 bus
1259 1416 1394 1459 Ordinis
1417 1417 1522 1448 sancti
1541 1417 1720 1458 Auyuslini
1737 1417 1870 1459 Conyre-

1173 1469 1317 1512 yaliom's
1341 1468 1568 1501 Lalermzcnsis
1592 1468 1635 1500 ad
1659 1479 1769 1501 curam
1795 1469 1869 1501 ani-

1173 1532 1301 1554 marum
1326 1521 1362 1553 in
1386 1521 1526 1554 ecclesiis
1545 1521 1768 1554 saecularibus
1784 1531 1870 1553 exer-

1172 1574 1305 1606 cendam
1329 1584 1395 1606 non
1419 1572 1653 1606 admittendis2.

1165 1644 1243 1677 Cum
1255 1644 1358 1677 felicis
1369 1644 1606 1677 recordationis
1616 1643 1788 1687 Gregorius
1798 1644 1864 1677 XIII

1128 1697 1248 1740 aliique
1279 1697 1426 1729 nonnulli
1456 1697 1578 1730 Summi
1601 1697 1771 1730 Pontifices
1795 1697 1862 1729 eius

1128 1761 1335 1783 successores
1353 1750 1390 1782 ad
1413 1751 1596 1793 regularem
1615 1750 1817 1793 disciplinam
1832 1751 1863 1782 in

1128 1802 1380 1846 congregatione
1410 1803 1641 1836 canonicorum
1674 1803 1866 1836 Later-anen-

1127 1856 1210 1894 sium
1227 1855 1354 1888 Ordinis
1373 1855 1476 1888 sancti
1496 1855 1664 1898 Augustini
1683 1856 1783 1898 magis
1801 1866 1866 1887 ma—

1128 1908 1238 1951 gisque
1264 1908 1452 1940 firmandam
1478 1908 1616 1940 decretis
1642 1909 1708 1941 suis
1734 1909 1866 1945 manda-

1105 1961 1231 1993 'verint
1260 1971 1300 1993 116
1334 1961 1410 1993 dicti
1436 1961 1592 2000 canonici,
1619 1971 1713 1994 curae
1738 1961 1863 1994 anima-

1127 2024 1196 2046 rum
1210 2013 1242 2046 in
1257 2013 1402 2046 ecclesiis
1416 2013 1639 2046 saecularibus
1656 2014 1864 2053 exercendae,

1127 2067 1212 2099 iuxta
1230 2067 1496 2100 constitutionem
1514 2067 1692 2099 Innocentii
1714 2067 1751 2099 III
1777 2078 1866 2100 reco-

1127 2121 1242 2153 lendae
1269 2119 1442 2152 memoriae
1460 2119 1680 2162 incipientem,
1696 2119 1787 2160 Quod
1804 2120 1865 2153 Dei

1128 2174 1284 2213 timorem,
1301 2177 1368 2213 etc„
1387 2174 1575 2216 ceteroquin
1589 2184 1733 2216 capaces,
1747 2174 1785 2206 ad
1805 2174 1863 2206 hu-

1125 2226 1265 2258 iusmodi
1302 2236 1411 2257 curam
1443 2226 1476 2257 in
1507 2226 1681 2269 praedictis
1717 2226 1861 2258 ecclesiis

1126 2279 1338 2311 exercendam
1357 2279 1575 2319 admittantur,
1595 2289 1730 2321 quorum
1752 2280 1861 2311 decre-

1126 2337 1231 2364 torum
1246 2331 1481 2364 observantiam
1497 2331 1699 2364 retinendam
1710 2342 1780 2365 esse
1795 2343 1860 2364 non

1162 2439 1171 2463 1
1196 2437 1307 2473 Oportet
1327 2438 1416 2473 legere
1438 2438 1522 2471 16713
1544 2437 1642 2464 etenim
1666 2437 1709 2464 die
1733 2438 1748 2464 2
1774 2438 1861 2464 martii

1125 2482 1188 2507 anni
1211 2482 1278 2508 1670
1298 2481 1418 2508 nondum
1442 2482 1568 2508 Clemens
1588 2482 1617 2508 lx
1639 2482 1739 2508 electus
1759 2482 1858 2515 sueram

1126 2525 1164 2551 rel
1185 2529 1276 2561 postea
1291 2526 1434 2560 legendum
1451 2528 1511 2552 mai
1527 2535 1574 2561 pro
1591 2527 1709 2557 martii;
1729 2535 1781 2560 quo
1797 2534 1859 2552 casu

1124 2570 1265 2597 reserenda
1277 2575 1347 2597 esset
1362 2571 1430 2597 haec
1446 2571 1519 2596 Bulla
1533 2571 1565 2597 ad
1581 2570 1683 2596 initium
1696 2570 1773 2596 huius
1784 2570 1857 2603 101111;

1124 2615 1149 2641 111
1165 2614 1228 2641 edit.
1247 2615 1317 2641 Main
1334 2615 1383 2641 sub
1400 2623 1472 2641 num.
1489 2622 1507 2640 11
1524 2614 1639 2641 liabetur
1652 2616 1692 2649 (n.
1713 2615 1762 2648 T.).

1158 2660 1173 2686 2
1193 2658 1267 2686 Nunc
1286 2659 1405 2694 primum
1425 2660 1566 2694 impressa.

1901 1657 1963 1678 Mon·
1970 1664 2011 1680 um.
