2279 3260
136 272 186 300 Αη.
208 274 236 299 C.
260 273 326 300 1672

137 333 319 384 ἓζῑιέιιὴιῃιιηὲυιῗ.
332 321 499 354 nationum
520 320 647 360 eremis,
669 326 730 352 tam
749 319 886 352 subditis
907 329 1003 361 quam
1020 329 1069 350 su-

961 270 1102 295 CLEMENS
1122 271 1141 294 X
1165 270 1214 294 1²1³.

1112 317 1244 350 ctl'ectus
1269 315 1378 349 sortiri
1405 321 1437 348 et
1461 315 1617 354 obtinere,
1644 324 1679 346 ac
1703 315 1742 347 ab
1770 314 1842 354 iltis,

136 391 199 406 mum,
220 374 523 417 n-actareperioribus,
543 373 638 405 etiam
658 372 789 405 maioris
808 372 913 405 officio
935 372 1069 414 fungen-
1111 371 1150 403 ad
1176 381 1256 414 quos
1281 374 1404 413 spectat
1436 375 1467 401 et
1492 380 1549 412 pro
1576 375 1718 410 tempore
1744 379 1844 410 quan-

333 427 429 466 tibus,
456 436 511 458 seu
543 426 621 458 alias
650 436 854 468 quocui'nque
880 425 995 467 gradu,
1023 424 1069 455 di-
1112 424 1292 466 documquc
1313 421 1480 466 spectabit,
1495 420 1723 453 inviolabiliter
1748 426 1779 452 et
1798 421 1844 452 in-

332 479 468 520 gnitate,
494 479 597 511 officio
624 479 672 510 vel
698 477 955 520 praeeminentia
978 487 1069 519 prae-
1112 486 1268 508 concusso
1295 474 1470 514 observarI,
1490 484 1549 506 nec
1566 473 1604 506 de
1623 472 1843 515 subreptionis

159 2416 162 2419 Ι
174 2389 284 2410 Decretum
304 2390 330 2410 it·-

147 2419 220 2436 rutam.

333 531 434 572 ditis‘‚
453 542 539 564 nunc
556 537 587 563 et
606 542 663 574 pro
684 537 830 574 tempore
849 530 1068 568 existentibus,

331 595 373 617 ne
400 584 438 616 de
464 589 571 616 cetero
598 584 636 616 de
670 586 751 616 nova
774 583 1067 625 Congregationum

332 647 387 669 seu
412 636 580 669 nationum
606 637 824 679 praefatarum
851 635 993 674 unione,
1014 645 1068 667 seu

332 689 605 732 incorporatione,
627 689 692 721 sive
710 691 792 721 nova
816 688 911 720 unius
928 687 1069 729 Congre-

332 742 471 784 gationis
491 752 527 774 ex
546 741 610 774 illis
628 741 794 774 erectione
806 747 838 773 et
853 740 1067 780 institutione,

332 805 391 837 per
415 806 462 835 se,
489 796 538 827 vel
563 794 670 834 alium,
686 805 743 827 seu
770 794 869 834 alios,
896 793 994 826 verbo
1020 793 1068 825 vel

332 847 470 890 scripto,
497 858 553 880 seu
588 847 667 880 alias
699 846 1005 889 quomodocumque
1039 851 1070 878 et

333 900 630 943 qualitercumque,
656 899 723 931 sive
753 899 872 931 directe
897 898 962 930 sive
986 898 1068 930 indi-

332 957 431 992 recte,
459 952 517 984 sub
543 961 747 994 quocumque
778 951 874 983 etiam
904 949 1069 982 charitatis

332 1009 517 1047 praetexm,
544 1005 656 1036 colore
674 1005 724 1036 vel
750 1003 894 1045 ingenio,
922 1008 1068 1043 tractare,

332 1059 457 1090 ullosve
483 1062 638 1089 tractatus
664 1057 772 1089 forsan
797 1056 966 1099 incoeptos
993 1066 1070 1088 con-

333 1110 475 1149 tinuare,
501 1114 554 1141 aut
588 1119 689 1141 novos
721 1108 826 1149 inire,
864 1119 919 1141 seu
955 1108 1068 1151 quovis

332 1163 428 1195 modo
465 1161 673 1194 tractantibus
708 1161 909 1194 consentire.
931 1161 1071 1193 audeant

333 1215 580 1258 quomodolibet
615 1225 671 1247 seu
696 1219 912 1257 praesumant,
939 1214 996 1246 sub
1017 1224 1070 1246 ex-

333 1267 652 1307 communicationis,
687 1278 723 1299 ae
759 1266 949 1310 privationis
983 1266 1070 1299 vocis

334 1321 455 1354 activae
489 1326 521 1354 et
550 1320 696 1364 passivae
732 1329 860 1354 necnon
889 1320 1069 1352 officiorum

334 1384 610 1416 quorumcumque
648 1384 706 1417 per
744 1384 800 1406 eos
841 1373 1069 1413 obtentorum,

333 1432 577 1469 perpetuaeque
607 1427 646 1458 ad
679 1426 734 1459 illa
766 1431 797 1459 et
822 1426 884 1459 alia
909 1426 1072 1469 quaelibet

334 1480 366 1511 in
384 1484 550 1522 posterum
569 1479 747 1512 obtinenda
771 1479 983 1511 inhabilitatis
1000 1490 1072 1522 poe-

334 1532 383 1564 nis
400 1543 460 1575 per
477 1532 745 1565 contrafacientes
762 1532 832 1575 ipso
850 1533 931 1565 facto
949 1533 1071 1575 absque

334 1586 399 1617 ulla
416 1585 477 1617 alia
495 1585 711 1618 declaratione
734 1585 949 1624 incurrendis,
971 1596 987 1617 a
1004 1585 1073 1627 qui-

335 1637 393 1669 bus
425 1637 686 1676 absolutionem,
720 1648 777 1670 seu
814 1638 968 1670 adversus
1002 1637 1073 1669 illas

335 1690 642 1729 reliabi'iitationem,
669 1701 764 1723 nemo
790 1696 919 1733 praeter
944 1701 1001 1723 nos
1018 1701 1072 1722 seu

335 1742 513 1775 Romanum
540 1743 728 1776 Pontificem
753 1754 811 1786 pro
837 1748 983 1786 tempore
1010 1743 1074 1775 exi-

336 1801 474 1828 stentem
511 1796 586 1838 (nisi
611 1796 644 1828 in
668 1796 780 1828 mortis
805 1796 940 1828 articulo
960 1796 1075 1828 consti-

337 1849 423 1889 tutis,
452 1850 556 1892 quoad
575 1849 944 1882 excommunicationem
970 1849 1075 1881 huius-

336 1902 422 1934 modi
442 1903 618 1944 dumtaxat)
637 1902 818 1934 concedere
836 1903 948 1941 valeat,
962 1907 1074 1936 tenore

337 1955 569 1998 praesentium,
584 1954 727 1987 districte
748 1955 962 1997 prohibemus
980 1960 1009 1987 et
1028 1954 1075 1986 in-

339 2008 542 2048 terdicimus;
568 2008 669 2041 laicos
706 2018 784 2040 vero
818 2019 874 2040 seu
900 2019 1076 2041 conversos

338 2061 487 2093 eremitas
507 2061 666 2093 dictarum
697 2062 867 2094 nationum
886 2062 1076 2104 respective,

339 2114 391 2156 qui
400 2114 565 2157 praesenti
576 2114 792 2157 prohibitioni
802 2115 1075 2155 contravenerim,

339 2173 469 2210 praeter
514 2173 545 2200 et
588 2170 673 2201 ultra
709 2168 1076 2201 exeommunicationem

339 2221 539 2263 praefatam,
566 2221 661 2254 etiam
694 2223 798 2264 poena
830 2221 1020 2254 reclusionis
1047 2222 1078 2253 in

341 2284 470 2306 carcere
488 2274 527 2306 ad
542 2273 737 2306 decennium
757 2273 865 2316 puniri
884 2279 915 2306 et
929 2273 1077 2316 castigari

341 2327 500 2359 volumus.

386 2380 401 2422 g
426 2379 457 2411 5.
490 2380 708 2413 Decernentes
734 2380 865 2414 easdem
891 2386 1080 2424 praesentes

344 2437 375 2465 et
399 2433 618 2476 praeinsertas
649 2433 770 2466 litteras
799 2444 931 2477 semper
955 2439 985 2465 et
1010 2445 1081 2477 per-

344 2491 441 2528 petuo
461 2485 580 2527 firmas,
602 2485 722 2519 validas
736 2487 923 2520 etefficaces
942 2487 1080 2520 existere

344 2543 377 2571 et
402 2538 470 2571 fore
487 2565 494 2578 ,
517 2549 655 2581 suosque
688 2539 851 2581 plenarios
881 2544 912 2572 et
937 2539 1079 2581 integros

380 2611 389 2634 1
413 2608 479 2635 Male
500 2608 564 2635 edit.
585 2608 665 2635 Μαίη.
681 2608 744 2644 legit
764 2610 916 2644 praedictis
936 2619 983 2646 pro
995 2619 1081 2645 prae-

343 2651 410 2681 dicis
429 2656 467 2688 (n.
482 2652 531 2689 T.).

1107 530 1161 561 ‘vel
1187 528 1390 571 obreptionis
1415 532 1469 559 aut
1492 525 1648 559 nullitatis
1670 525 1766 561 vitio,
1788 535 1845 557 seu

1111 581 1299 614 intentionis
1317 585 1445 613 nostrae
1471 585 1524 612 aut
1544 579 1702 611 interesse
1721 578 1845 610 haben-

1110 635 1187 667 tium
1213 633 1418 674 consensusl,
1446 633 1548 666 aliove
1574 631 1720 675 quolibet
1750 631 1844 663 etiam

1111 687 1314 729 quantumvis
1345 686 1473 718 formali
1505 696 1540 717 ac
1574 684 1768 716 individuam
1794 694 1846 715 ex-

1111 739 1310 781 pressionem
1342 739 1528 781 requirente
1564 738 1690 771 defectu
1715 737 1843 775 notari,

1111 790 1314 834 impugnari,
1343 790 1495 833 infringi,
1521 790 1690 832 redargui,
1720 790 1751 821 in
1772 799 1847 821 con-

1111 844 1296 877 troversiam
1322 843 1442 883 vocari,
1460 854 1515 876 seu
1533 844 1571 876 ad
1594 843 1749 876 terminos
1768 842 1847 874 iuris

1110 897 1245 936 reduci,
1275 901 1329 928 aut
1353 896 1505 929 adversus
1537 895 1608 928 illas
1634 894 1846 928 restitutionis

1111 949 1143 981 in
1168 949 1351 991 integrum,
1378 948 1567 991 aperitionis
1594 949 1660 981 oris
1678 975 1685 987 ,
1718 948 1845 981 aliudve

1111 1002 1339 1044 quodcumque
1364 1000 1453 1040 iuris,
1475 1001 1549 1034 facti
1578 1002 1625 1034 vel
1653 1001 1773 1043 gratiae
1799 1012 1847 1033 re-

1111 1056 1253 1089 medium
1278 1055 1442 1098 impetrari
1460 1056 1509 1088 vel
1534 1049 1697 1095 intentari,
1720 1066 1774 1087 seu
1794 1055 1847 1087 im-

1112 1114 1249 1152 petrato,
1267 1114 1322 1141 aut
1346 1108 1441 1141 etiarn
1465 1113 1562 1147 motu,
1582 1108 1716 1140 scientia
1741 1113 1773 1140 et
1789 1118 1847 1150 po-

1112 1161 1236 1194 testatis
1262 1161 1465 1204 plenitudine
1502 1160 1660 1193 similibus
1692 1165 1847 1192 concesso

1112 1216 1160 1247 vel
1186 1220 1342 1254 emanato‚
1370 1215 1554 1258 quempiam
1590 1213 1623 1246 in
1646 1213 1764 1246 iudicio
1797 1214 1847 1245 vel

1113 1274 1204 1300 extra
1229 1268 1308 1300 illud
1335 1267 1380 1300 uti
1398 1278 1453 1300 seu
1475 1278 1507 1299 se
1524 1267 1631 1299 iuvare
1657 1267 1724 1299 ullo
1750 1266 1847 1298 modo

1112 1331 1253 1363 unquam
1291 1330 1384 1362 posse
1405 1346 1412 1360 ,
1448 1319 1560 1362 sicque
1595 1324 1627 1351 et
1657 1329 1721 1351 non
1757 1318 1849 1351 aliter

1112 1383 1171 1416 per
1201 1383 1420 1416 quoscumque
1446 1372 1569 1404 iudices
1602 1371 1786 1404 ordinarios
1818 1376 1850 1403 et

1113 1425 1290 1467 delegatos,
1317 1425 1412 1457 etiam
1437 1435 1606 1456 causarum
1637 1423 1748 1466 palatii
1778 1433 1849 1466 apo-

1113 1477 1219 1510 stolici
1244 1477 1418 1517 auditores,
1445 1487 1480 1509 ac
1504 1476 1684 1509 cardinales
1709 1481 1739 1508 et
1764 1477 1851 1518 lega-

1116 1538 1176 1571 tos,
1192 1541 1320 1563 necnon
1345 1530 1492 1570 nuncios,
1519 1535 1550 1562 et
1573 1530 1654 1561 alios
1678 1530 1850 1572 praefatos,

1115 1594 1198 1616 nunc
1216 1588 1248 1616 et
1264 1593 1323 1625 pro
1345 1588 1492 1625 tempore
1513 1582 1700 1621 existentes,
1727 1582 1849 1613 sublata

1116 1637 1237 1680 pariter
1273 1637 1319 1669 eis
1350 1642 1381 1668 et
1419 1647 1531 1668 eorum
1567 1635 1701 1668 cuilibet
1740 1634 1850 1677 quavis

1116 1690 1210 1722 aliter
1246 1689 1410 1722 iudicandi
1436 1693 1468 1721 et
1492 1687 1727 1731 interpretandi
1756 1687 1852 1718 facul-

1118 1747 1179 1775 tate
1205 1748 1237 1775 et
1261 1742 1466 1782 auctoritate,
1495 1741 1629 1773 iudicari
1662 1746 1694 1772 et
1727 1739 1852 1773 definiri

1116 1797 1258 1836 debere,
1286 1806 1322 1828 ac
1346 1795 1473 1827 irritum
1505 1800 1536 1827 et
1572 1794 1666 1826 inane
1704 1793 1728 1825 si
1761 1803 1852 1825 secus

1116 1859 1213 1892 super
1230 1848 1281 1881 liis
1300 1859 1316 1880 a
1334 1858 1506 1890 quoquam,
1523 1846 1633 1889 quavis
1655 1844 1852 1884 auctoritate,

1117 1901 1256 1933 scienter
1290 1901 1340 1933 vel
1375 1900 1573 1943 ignoranter,
1594 1898 1767 1941 contigerit
1801 1903 1851 1929 at-

1119 1954 1245 1986 tentari.

1161 2006 1220 2049 §ti
1239 2005 1309 2038 Non
1338 2005 1542 2038 obstantibus
1566 2003 1856 2037 constitutionibus

1119 2066 1150 2092 et
1184 2059 1444 2092 ordinationibus
1482 2058 1693 2101 apostolicis,
1729 2068 1857 2089 necnon

1119 2112 1266 2146 omnibus
1291 2118 1322 2145 et
1345 2111 1479 2154 singulis
1509 2112 1572 2144 illis
1605 2122 1685 2154 quae
1711 2110 1743 2142 in
1768 2120 1859 2153 prae-

1119 2166 1248 2199 insertis
1266 2164 1438 2198 Clementis
1459 2164 1722 2208 praedecessoris
1741 2162 1857 2195 litteris

1121 2230 1276 2252 concessa
1299 2224 1375 2251 sunt
1398 2229 1464 2251 non
1489 2219 1619 2251 obstare
1635 2242 1643 2257 ,
1674 2216 1858 2259 ceterisque

1121 2271 1293 2306 contrariis
1320 2272 1588 2315 quibuscumque.

1166 2325 1225 2369 §T
1241 2326 1390 2359 Ceterum
1411 2326 1560 2358 volumus
1575 2323 1700 2368 pariter
1723 2329 1759 2355 ut
1780 2322 1860 2367 ipsa-

1122 2390 1193 2412 rum
1229 2378 1450 2422 praesentium
1482 2378 1664 2411 litterarum
1698 2382 1859 2408 transum-

1122 2433 1197 2476 ptis,
1213 2443 1267 2466 seu
1282 2432 1448 2476 exemplis,
1461 2431 1557 2463 etiam
1572 2430 1749 2474 impressis,
1765 2439 1861 2461 manu

1122 2487 1256 2520 alicuius
1276 2485 1391 2519 notarii
1406 2484 1528 2528 publici
1545 2482 1749 2526 subscriptis,
1772 2487 1802 2514 et
1820 2481 1862 2513 si-

1123 2539 1201 2582 gillo
1220 2548 1379 2581 personae
1406 2538 1439 2569 in
1458 2537 1614 2580 dignitate
1638 2534 1862 2568 ecclesiastica

1159 2655 1169 2680 1
1193 2653 1263 2681 Edit.
1285 2653 1367 2681 Maia.
1389 2652 1453 2687 legit
1473 2659 1611 2678 consensu
1633 2649 1738 2684 (R.'T.).

1744 255 1808 291 3053
1854 264 1903 290 An.
1920 263 1948 290 c.
1971 262 2038 289 ποτ’.»

1937 2011 2050 2033 Derogattn

1866 2040 2020 2058 contrariorum

1904 2328 2042 2352 Tiausumplo

1870 2360 1913 2375 runi
1929 2354 1989 2374 tides.
