2279 3260
244 277 291 301 An.
310 275 336 300 (ἶ.
364 276 427 302 ἱΓιῗ3

255 1471 260 1491 1
281 1445 390 1464 (instantia
399 1443 437 1463 tol-

264 1475 285 1491 u,

474 268 537 300 ,45ss

437 326 604 362 currenda,
632 325 819 358 auctoritate
846 324 1033 368 apostolica,
1061 328 1171 354 tcnorc

439 374 666 421 praesentium,
682 379 828 411 districtc
850 377 1061 421 prohibemus
1079 380 1109 407 ct
1127 375 1174 406 in-

440 432 638 464 tcrdicimus.

484 486 498 527 ξ
523 484 553 516 ⁶2.
583 485 798 516 D=·cci·1ieiitcs
827 482 954 514 casdem
985 483 1174 523 praesentes

441 538 563 570 litteras
588 548 716 579 semper
741 536 855 574 lirinas,
875 534 994 566 validas
1020 538 1051 563 ct
1075 531 1177 563 cl'lica-

441 600 492 622 ces
522 590 659 621 existi-r(¹
686 595 715 621 ct
747 589 822 627 turc,
842 597 984 628 suosque
1010 583 1175 627 plenarios

440 642 572 675 effectus
598 642 707 674 sortiri
739 646 767 673 et
794 639 955 678 obtinere,
981 648 1015 669 ac
1038 637 1077 668 ab
1103 635 1177 674 illis,

441 697 479 728 ad
501 706 581 738 quos
600 700 721 737 spectat
740 699 769 725 ct
790 703 847 735 pro
867 697 1012 733 tempore
1033 689 1178 732 quando-

442 758 577 790 cumque
595 745 764 790 spectabit,
780 743 1009 777 inviolabiliter
1027 748 1058 774 et
1072 741 1179 773 incon-

443 812 535 833 cusse
561 799 736 838 observari,
756 797 866 840 sicque
893 802 924 829 et
949 806 1014 828 non
1036 795 1129 827 aliter
1146 793 1178 825 in

444 853 630 897 praemissis
656 862 713 895 per
737 861 956 894 quoscumque
982 847 1105 880 iudices
1130 856 1180 879 or-

444 907 584 940 dinarios
610 912 641 938 et
666 906 854 946 delegatos,
887 904 982 936 etiam
1008 911 1179 934 cansarum

442 960 552 1002 palatii
567 958 734 1002 apostolici
754 957 929 996 auditores,
947 961 976 988 et
991 955 1070 987 alios
1089 964 1181 996 quos-

443 1014 522 1046 libet
548 1022 749 1055 quacumque
770 1009 1025 1053 praeeminentia
1044 1013 1075 1040 et
1094 1012 1182 1050 pote-

443 1071 521 1099 state
549 1066 722 1107 fungentes
744 1069 775 1096 et.
796 1064 972 1101 suncturos,
993 1061 1118 1093 sublata
1135 1059 1181 1091 eis

444 1124 474 1151 et
492 1129 603 1151 eorum
622 1117 754 1149 cuilibet
779 1116 888 1158 quavis
910 1115 1003 1147 aliter
1020 1112 1182 1145 iudicandi

444 1177 475 1205 et
495 1170 730 1214 interpretandi
756 1170 906 1202 facultate
934 1173 964 1200 et
984 1166 1181 1205 auctoritate,

445 1224 579 1257 iudicari
605 1229 634 1256 et
654 1223 779 1255 deliniri
798 1223 926 1260 debere,
953 1232 988 1252 ac
1008 1220 1134 1252 irritum
1153 1224 1184 1250 et

447 1277 542 1309 inane
575 1276 600 1307 si
634 1286 725 1307 secus
757 1274 929 1317 superbis
962 1283 978 1304 a
1010 1282 1182 1315 quoquam,

448 1329 561 1373 quavis
579 1328 779 1365 auctoritate,
800 1326 942 1359 scienter
960 1326 1008 1357 vel
1034 1324 1184 1366 ignoran-

452 1388 512 1422 ter,
532 1381 706 1423 contigerit
734 1379 896 1412 attentari.

493 1436 507 1478 ἓ
531 1435 562 1468 3.
589 1434 657 1467 Non
683 1432 883 1465 obstantibus
915 1429 1114 1474 apostolicis,
1149 1440 1185 1462 ac

448 1489 482 1520 in
518 1486 754 1519 universalibus
800 1484 1117 1527 provincialibusque
1155 1488 1186 1514 et

449 1540 658 1584 synodalibus
693 1537 837 1570 conciliis
863 1536 966 1576 editis,
982 1536 1186 1578 generalibus

448 1595 498 1626 vcl
516 1591 721 1636 specialibus,
738 1589 1020 1623 constitutionibus
1047 1594 1079 1621 et
1103 1588 1187 1621 ordi-

449 1646 646 1684 nationibus,
675 1654 709 1676 ac
734 1653 1010 1686 quarumcumque
1037 1641 1187 1674 ecclesia-

451 1710 529 1739 rum,
549 1698 644 1732 etiam
666 1696 988 1739 metropolitanarum
1014 1700 1046 1727 et
1070 1694 1187 1737 prima-

451 1753 586 1793 tialium,
608 1751 775 1789 Ordinmn,
796 1749 1096 1792 congregationum,
1115 1748 1187 1781 reli-

451 1807 581 1849 gionum
607 1810 638 1837 et
658 1804 888 1843 institutorum,
907 1803 1003 1835 etiam
1019 1801 1186 1834 Societatis

451 1859 534 1897 lesu,
560 1856 809 1900 provinciarum,
836 1861 1063 1895 conventuum,
1090 1855 1187 1887 colle-

452 1913 579 1955 giorum
597 1917 628 1943 et
645 1911 781 1943 aliorum
797 1911 941 1942 locorum
959 1908 1089 1952 piorum
1108 1918 1187 1951 quo-

452 1965 614 2003 rumlibet,
641 1964 749 1996 aliisve
783 1962 958 2005 quibusvis,
980 1962 1076 1995 etiam
1103 1961 1187 1994 iura-

451 2024 572 2057 mento,
587 2016 832 2049 confirmatione
850 2015 1036 2059 apostolica,
1050 2016 1099 2048 vel
1114 2026 1187 2058 qua-

452 2071 498 2103 vis
535 2069 685 2102 firmitate
723 2069 783 2101 alia
814 2068 984 2109 roboratis,
1005 2068 1131 2100 statutis
1156 2073 1187 2100 et

452 2122 752 2161 consuetudinibus,
771 2121 947 2164 privilegiis
972 2132 1114 2165 qnoque,
1141 2120 1187 2153 in-

453 2176 549 2209 dultis
576 2174 746 2208 et-litteris
771 2174 964 2216 apostolicis,
987 2174 1110 2206 eisdem
1135 2184 1187 2206 ec-

452 2229 569 2268 clesiis,
591 2227 776 2267 Ordinibus,
799 2227 1121 2270 congregationibus,
1138 2237 1187 2260 re—

451 2282 628 2324 ligionibus
663 2286 694 2313 et
718 2280 881 2320 institutis,
897 2281 993 2312 etiam
1017 2280 1186 2313 Societatis

452 2335 532 2371 lesu,
567 2334 747 2377 provinciis,
780 2334 1005 2374 conventibus,
1039 2333 1185 2375 collegiis

452 2393 483 2419 et
502 2387 579 2420 locis
596 2388 668 2430 piis,
688 2387 882 2429 illorumque
901 2386 1080 2429 respective
1097 2397 1187 2430 prae-

453 2441 586 2481 sulibus,
613 2439 773 2483 praelatis,
800 2439 1023 2482 superioribus
1055 2444 1086 2472 et
1112 2450 1187 2482 per-

451 2494 551 2533 sonis,
589 2492 700 2525 aliisve
734 2492 942 2535 quibuslibet,
969 2492 1026 2524 sub
1052 2492 1186 2535 quibus-

451 2556 589 2589 cumque
611 2545 781 2578 verborum
807 2545 973 2578 tenoribus
1005 2551 1036 2577 et
1066 2546 1185 2587 formis,

1022 275 1201 300 BULLARWM
1225 275 1289 299 ΗΘΜ
1297 275 1375 300 tNttM

1215 322 1390 356 cacissimis
1415 327 1446 356 et
1463 324 1600 357 insolitis
1618 324 1770 357 clausulis
1789 329 1819 357 et
1840 324 1954 357 decre-

1217 375 1268 414 tis,
1293 375 1387 407 etiam
1414 380 1502 408 motu
1528 376 1664 419 proprio
1690 382 1722 409 et
1742 377 1780 409 de
1799 376 1954 419 apostoti-

1217 438 1273 459 cae
1299 428 1466 470 potestatis
1492 429 1706 472 plenitudine,
1736 431 1785 463 vel
1811 429 1848 462 ad
1877 439 1954 472 qua-

1218 484 1430 522 run'icumque
1448 491 1671 523 personarum,
1683 481 1778 514 etiam
1795 480 1884 523 regia
1902 486 1955 513 aut

1218 532 1488 576 archiepiscopali
1508 539 1540 566 et
1563 534 1739 577 primatiali
1765 535 1864 568 aliave
1882 545 1955 577 qua-

1220 585 1298 617 libet
1315 586 1534 618 ecclesiastica
1551 588 1599 619 vel
1617 588 1781 620 mundana
1798 587 1956 630 dignitate

1220 642 1251 669 et
1278 643 1439 680 potestate
1465 639 1664 681 fulgentium,
1681 639 1877 679 instantiam,
1897 650 1956 672 scu

1220 700 1331 722 corum
1348 691 1634 733 contemplatione,
1660 692 1709 723 vel
1727 691 1806 723 alias
1825 702 1958 734 quomo-

1220 743 1353 783 dolibet,
1380 743 1411 775 in
1430 753 1548 785 genere
1574 744 1623 776 vel
1647 742 1680 775 in
1701 743 1869 786 specie,in
1882 754 1958 776 con-

1222 796 1352 828 trarium
1370 796 1624 838 praemissorum
1643 796 1814 836 concessis,
1834 807 1871 829 ac
1888 797 1959 839 plu-

1222 850 1283 882 ries
1316 855 1346 882 et
1378 849 1647 892 quantiscumque
1677 849 1799 882 vicibus
1834 850 1956 882 contir-

1222 902 1325 942 matis,
1351 902 1486 941 iteratis,
1513 902 1700 945 approbatis
1725 907 1756 934 et
1780 902 1958 944 innovatis;

1224 955 1340 999 quibus
1373 954 1522 987 omnibus
1565 959 1596 987 et
1638 954 1772 997 singulis
1793 982 1800 995 ,
1833 954 1959 987 etiarnsi

1224 1019 1282 1051 pro
1308 1007 1439 1040 illorum
1473 1006 1646 1040 sufficienti
1674 1007 1884 1050 derogatione
1920 1007 1960 1040 de

1225 1060 1286 1093 illis
1312 1070 1488 1103 eorumque
1507 1059 1583 1092 totis
1601 1059 1768 1092 tenoribus
1798 1059 1959 1103 specialis,

1225 1112 1374 1155 specifica
1392 1118 1422 1144 et
1435 1112 1609 1153 individua,
1622 1122 1657 1144 ac
1674 1112 1712 1144 de
1724 1113 1823 1145 verbo
1838 1113 1877 1144 ad
1891 1122 1961 1144 ver-

1226 1166 1310 1205 bum,
1329 1176 1395 1198 non
1416 1170 1520 1197 autern
1538 1175 1597 1207 per
1615 1166 1771 1198 clausulas
1790 1166 1959 1207 generales

1227 1219 1311 1257 idem
1336 1218 1549 1261 importantes
1565 1245 1572 1259 ‚
1600 1218 1721 1250 mentio
1747 1228 1805 1251 seu
1830 1218 1960 1261 quaevis

1227 1271 1288 1304 alia
1323 1271 1489 1313 expressio
1521 1270 1673 1302 habenda
1706 1275 1761 1303 aut
1786 1280 1960 1313 quaecum-

1228 1335 1289 1367 que
1307 1324 1369 1356 alia
1381 1323 1538 1366 exquisita
1554 1324 1657 1355 forma
1675 1323 1713 1356 ad
1728 1323 1791 1355 hoc
1806 1316 1962 1356 servanda

1228 1378 1321 1416 soret,
1346 1382 1478 1409 tenores
1514 1375 1700 1408 huiusmodi
1726 1386 1783 1418 pro
1808 1377 1903 1419 plene
1931 1381 1963 1409 et

1227 1429 1422 1461 sufficienter
1446 1428 1608 1471 expressis
1633 1433 1664 1461 et
1687 1428 1816 1461 insertis
1842 1429 1964 1462 haben-

1229 1487 1275 1514 tes
1292 1508 1299 1521 ‚
1326 1481 1389 1514 illis
1415 1481 1494 1514 alias
1519 1481 1551 1513 in
1577 1491 1636 1513 suo
1666 1481 1783 1514 robore
1812 1492 1964 1525 perman-

1229 1533 1333 1574 suris,
1363 1534 1402 1566 ad
1434 1534 1689 1577 praemissorum
1718 1533 1877 1575 effectum,
1902 1535 1964 1568 hac

1228 1587 1297 1619 vice
1335 1587 1510 1627 dumtaxat,
1534 1586 1720 1629 specialiter
1751 1592 1784 1619 et
1813 1597 1965 1630 expresse

1229 1641 1443 1682 derogamuffi
1481 1639 1664 1682 ceterisque
1696 1639 1866 1672 contrariis
1897 1640 1966 1682 qui-

1229 1694 1439 1736 buscurnque.

1273 1747 1342 1790 §4-
1381 1747 1533 1779 Volumus
1565 1752 1673 1779 autern
1708 1751 1743 1778 ut
1776 1746 1963 1778 earumdem

1228 1801 1445 1843 praesentium
1470 1801 1650 1833 litterarum
1672 1799 1889 1843 transumptis,
1907 1810 1965 1832 seu

1229 1853 1395 1896 exemplis,
1422 1853 1518 1886 etiam
1543 1853 1721 1896 impressis,
1749 1863 1845 1885 manu
1869 1852 1967 1885 alicu-

1228 1906 1277 1938 ius
1301 1906 1419 1939 notarii
1443 1906 1565 1949 publici
1583 1905 1788 1948 subscriptis,
1808 1911 1840 1938 et
1859 1905 1966 1948 sigillo

1228 1970 1387 2003 personae
1412 1960 1445 1992 in
1470 1958 1690 1992 ecclesiastica
1715 1958 1870 2000 dignitate
1895 1969 1967 1991 con-

1229 2013 1356 2045 stitutae
1374 2012 1515 2051 munitis,
1527 2011 1641 2044 eadem
1658 2021 1791 2054 prorsus
1803 2010 1884 2044 fides
1902 2016 1966 2044 tam

1229 2065 1261 2097 in
1279 2065 1399 2098 iudicio
1420 2074 1518 2108 quam
1542 2069 1632 2096 extra
1655 2063 1735 2096 illud
1759 2063 1964 2104 adhibeatur,

1230 2128 1312 2161 quae
1338 2117 1416 2161 ipsis
1439 2117 1669 2160 praesentibus
1700 2117 1914 2150 adhiberetur
1937 2117 1965 2150 si

1229 2172 1337 2204 forent
1357 2169 1520 2203 exhibitae
1544 2171 1593 2202 vel
1618 2174 1779 2202 ostensae.

1272 2224 1385 2256 Datum
1409 2223 1549 2263 Romae,
1576 2223 1660 2265 apud
1690 2222 1720 2255 S.
1748 2222 1879 2255 Mariam
1904 2223 1967 2255 Ma-

1228 2277 1341 2318 iorem,
1367 2276 1425 2308 sub
1454 2276 1575 2308 annulo
1602 2275 1783 2315 Piscatoris,
1811 2275 1862 2308 die
1889 2286 1967 2310 xxm

1229 2329 1411 2363 decembris
1432 2338 1610 2369 iiiDCLxxin,
1629 2328 1838 2371 pontificatus
1863 2328 1968 2362 nostri

1229 2394 1314 2416 anno
1341 2393 1383 2416 iv.

1621 2434 1644 2467 Ι.
1672 2434 1709 2468 G.
1735 2434 1875 2469 SLuans.

1264 2499 1322 2527 Dat.
1339 2498 1384 2526 die
1398 2498 1432 2525 23
1448 2497 1600 2525 decembris
1616 2497 1696 2531 1673,
1717 2498 1813 2533 pontif.
1832 2506 1903 2525 anno
1921 2505 1956 2526 tv.

1263 2561 1426 2596 neyistrata
1440 2560 1473 2587 in
1489 2560 1567 2587 Secr.
1583 2559 1731 2594 Brevium,
1747 2560 1778 2587 in
1793 2560 1842 2588 lib.
1858 2559 1965 2587 mensis

452 2604 483 2631 ct
509 2609 582 2631 cum
609 2598 772 2642 quibusvis
798 2598 893 2631 etiam
911 2599 1187 2641 derogatoriarum
1230 2605 1374 2640 ianuarii,
1388 2607 1465 2640 part.
1482 2612 1501 2639 1,
1516 2604 1567 2639 fot.
1585 2604 1647 2632 111.

451 2651 683 2695 derogatoriis,
710 2651 820 2684 aliisve
850 2651 1094 2690 efficacioribus,
1121 2651 1187 2685 effi-

1508 2684 1678 2692 ——-·

1963 275 2055 303 Amo.
2080 277 2146 304 1673

2008 1757 2158 1783 'transumpto-

1976 1790 2020 1804 rum
2035 1784 2095 1804 fides.
