2279 3260
176 285 226 310 An.
249 283 358 312 &1671

191 871 326 891 Consu-mallo
335 870 361 890 ‹le

178 903 221 924 qua
236 898 256 918 iu
271 897 362 918 rubrica.

229 2188 368 2213 Praeceptum

185 2215 211 2236 de
227 2214 368 2235 observando.

1008 284 1149 317 ernustus
1173 285 1190 307 κ
1217 285 1263 307 nn.
1768 276 1831 309 167
1877 285 1914 310 An
1945 284 1974 310 C.
2000 283 2061 311 167¹

369 333 472 371 Quare
498 333 601 366 dictus
636 337 823 375 procurator
856 332 1038 371 generalis,
1065 333 1104 363 de

369 437 510 470 Caesaris
535 437 617 470 tituli
638 437 684 470 Ss.
704 437 847 475 Quatuor
871 436 1105 469 Coronatorum

368 490 400 523 S.
420 490 456 523 R.
476 489 510 522 E.
531 490 700 533 presbyter
725 489 898 522 cardinalis
917 488 1105 521 Fachenetti
1126 511 1127 514 η

368 542 543 585 nuncupati
568 547 600 576 et
624 542 887 585 congregationis
921 541 1123 584 praedictae*

369 596 452 638 apud
478 605 535 627 nos
562 599 593 627 et
616 595 731 627 Sedem
759 594 979 637 Apostolicam
1004 598 1107 636 prote-

369 647 489 687 ctoris,
514 647 608 680 nobis
634 647 801 679 humiliter
833 645 1010 689 supplicari
1036 644 1107 676 fecit

368 704 403 732 ut
426 699 459 732 in
484 700 669 743 praemissis
687 705 869 742 opportune
885 698 1055 741 providere
1077 703 1108 729 et

369 758 413 797 ut¹
427 752 509 785 infra
534 753 702 794 indulgere
738 752 775 784 de
807 750 1006 793 benignitate
1031 761 1108 792 apo-

371 805 481 838 stolica
507 805 727 847 dignaremur.

417 859 431 901 ξ
456 858 486 890 ⁶2.
514 857 575 890 Nos
601 857 715 899 igitur,
750 857 994 889 considerantes
1021 855 1106 898 quod

373 921 468 944 nemo
490 912 588 943 debet
606 910 666 942 sibi
685 920 847 942 assumere
867 910 1026 941 honorem
1049 907 1107 939 nisi

371 968 502 996 vocatus
529 974 545 995 a
568 963 634 995 Deo
661 968 824 1005 tamquam
842 962 956 1000 Aaron,
975 971 1011 992 ac
1035 970 1110 1003 pro-

373 1017 448 1050 inde
473 1015 865 1049 ambitionishuiusmodi
890 1014 1109 1057 perniciosum

372 1070 493 1102 malum
519 1080 535 1101 a
565 1068 730 1111 praedicta
761 1066 1015 1109 congregatione
1043 1077 1110 1098 om-

373 1122 449 1154 nino
459 1122 631 1154 excludere
645 1120 824 1163 cupientes,
840 1119 1024 1161 dictumque
1042 1128 1110 1160 pro-

373 1180 558 1206 curatorem
584 1174 773 1215 generalem
806 1171 1000 1215 specialibus
1026 1172 1111 1202 savo-

375 1226 461 1259 ribus
486 1232 518 1259 et
541 1226 652 1268 gratiis
677 1225 830 1269 prosequi
852 1226 1006 1263 volentes,
1036 1228 1067 1255 et
1095 1234 1111 1255 a

375 1280 536 1322 quibusvis
575 1277 939 1316 excommunicationis,
977 1286 1112 1319 suspen-

375 1332 473 1364 sionis
488 1336 519 1364 et
538 1331 712 1370 interdicti,
727 1330 862 1372 aliisque
882 1329 1111 1362 ecclesiasticis

375 1383 552 1423 sententiis,
574 1383 721 1416 censuris
747 1388 778 1415 et
799 1382 923 1425 poenis,
940 1392 956 1414 a
977 1382 1045 1413 iure
1063 1382 1111 1413 vel

375 1437 414 1469 ab
433 1436 587 1475 homine,
610 1436 721 1479 quavis
746 1435 915 1468 occasione
942 1435 991 1467 vel
1016 1436 1112 1467 causa

376 1489 459 1530 latis,
481 1490 506 1521 si
525 1489 641 1532 quibus
664 1488 911 1531 quomodolibet
936 1487 1111 1519 innodatus

376 1542 494 1582 existit,
526 1542 565 1574 ad
590 1541 740 1574 effectum
768 1541 990 1584 praesentium
1023 1540 1113 1572 dum-

377 1600 463 1627 taxat
495 1595 783 1637 consequemlmn,
811 1594 925 1626 harum
950 1593 1034 1625 serie
1059 1593 1113 1624 ab·

377 1648 537 1680 solventes
569 1652 602 1679 et
628 1646 810 1679 absolutum
829 1646 897 1678 sore
924 1650 1110 1685 censentes,

377 1752 628 1785 constitutiones
641 1756 838 1783 memoratae
853 1750 1114 1792 congregationis

377 1805 416 1837 ad
441 1804 677 1837 excludendum
710 1803 866 1835 ambitum
901 1802 985 1834 sicut
1023 1813 1115 1845 prae-

377 1857 517 1890 mittitur
543 1857 650 1896 tactas,
669 1866 797 1888 necnon
823 1855 1002 1898 praedictas
1020 1855 1065 1887 Pii
1084 1860 1116 1887 et

377 1909 523 1952 Gregorii
537 1909 827 1953 praedecessorum
843 1908 975 1948 litteras,
987 1914 1116 1951 aposto-

378 1962 439 1995 liea
452 1961 651 2001 auctoritate,
669 1966 781 1993 tenore
797 1960 1028 2003 praesentium,
1044 1971 1115 1993 con-

377 2015 540 2047 firmamus
566 2019 597 2046 et
621 2015 853 2057 approbamus,
870 2013 998 2055 illisque
1016 2013 1115 2045 invio·
1136 2035 1137 2042 1

379 2068 485 2101 labilis
510 2067 706 2111 apostolicae
736 2066 893 2098 firmitatis
914 2066 1013 2098 robur
1037 2067 1116 2099 adii-

380 2122 492 2154 cimus.

424 2175 438 2217 ἓ
462 2174 494 2207 3.
521 2173 560 2206 Ut
584 2179 691 2206 autem
716 2173 895 2216 praemissa
919 2172 1040 2205 firmius
1073 2178 1117 2205 at—

380 2239 442 2271 que
467 2226 684 2259 inviolabilius
711 2227 941 2265 observentur,
968 2227 1116 2258 volumus

380 2286 415 2312 ut
440 2280 549 2313 dilecti
574 2279 631 2312 filii
657 2279 805 2311 moderni
831 2284 862 2310 et
885 2289 943 2321 pro
971 2284 1116 2322 tempore

381 2333 557 2366 existentes
581 2333 678 2365 abbas
704 2332 865 2374 generalis
883 2336 914 2363 et
939 2331 991 2364 alii
1010 2343 1044 2364 ex
1065 2332 1117 2364 de-

380 2386 522 2419 finitorio
553 2397 588 2418 ac
613 2391 801 2429 procurator
826 2386 989 2428 generalis
1014 2385 1117 2418 dietae

381 2439 643 2482 congregationis
669 2450 791 2482 poenas
824 2439 857 2470 in
882 2438 1118 2471 constitutioni-

381 2493 442 2524 bus
468 2498 499 2524 et
524 2492 640 2524 litteris
665 2492 745 2523 sieut
769 2491 985 2534 praemittitur
1006 2492 1118 2523 contir-

383 2545 474 2578 matis
493 2550 524 2577 et
538 2545 696 2577 innovatis
714 2545 880 2588 impositas
896 2550 1008 2577 eontra
1022 2550 1119 2577 trans-

384 2609 548 2642 gressores
575 2598 844 2631 irremissibiliter
876 2604 1076 2641 exequantur
1090 2597 1116 2631 ¹:

422 2665 432 2694 1
455 2662 524 2689 Edit.
547 2661 624 2688 Main.
645 2661 709 2696 legit
729 2664 888 2696 exequatur
906 2661 946 2696 (a.
965 2662 1014 2696 T.).

1148 332 1290 374 alioquin
1317 331 1342 363 si
1361 334 1395 363 ea
1415 332 1445 363 in
1471 342 1504 363 re
1531 332 1732 373 negligentes
1751 333 1878 372 suerint,

370 386 507 418 consilio
546 390 578 417 et
609 396 740 417 assensu
773 384 881 417 dilecti
915 384 970 416 tilii
1004 375 1127 416 nostri³

1148 390 1317 427 postquam
1343 384 1389 416 eis
1415 386 1498 417 clare
1524 385 1705 416 constiterit
1735 385 1883 418 ambitio-

1148 448 1197 469 sos
1241 437 1422 470 huiusmodi
1455 437 1631 469 monachos
1666 438 1713 468 vel
1750 438 1884 470 abbates

1148 491 1270 522 l'avores
1301 495 1390 522 extra
1423 490 1567 522 eamdem
1599 490 1883 531 congregationem

1148 554 1346 585 procurasse,
1374 554 1511 586 poenam
1538 543 1726 586 privationis
1751 553 1882 575 suorum

1148 596 1325 638 respective
1351 596 1530 628 officiorum
1551 606 1588 627 eo
1610 595 1679 637 ipso
1704 594 1879 626 incurrant.

1192 647 1206 689 ἓ
1230 647 1261 679 4.
1290 648 1508 680 Decernentes
1535 648 1662 679 easdem
1696 651 1883 688 praesentes
1895 658 2077 683 cumutaepraa-

1150 699 1270 731 litteras
1298 711 1426 743 semper
1452 700 1567 738 llrntas,
1584 698 1705 731 validas
1731 703 1762 729 et
1786 687 2022 730 essi‹;a-⁸⁰¹'³¹¹'³⁰'

1150 763 1202 784 ces
1229 753 1368 784 existere
1394 757 1425 784 et
1450 752 1529 790 sore,
1556 761 1697 793 suosque
1719 750 1885 793 plenarios

1151 810 1182 836 ot
1205 803 1345 846 integros
1371 804 1504 836 etl‘ectus
1531 803 1639 835 sortiri
1666 808 1697 835 et
1721 802 1887 842 obtinere,

1151 867 1186 888 ac
1212 856 1250 888 ab
1276 856 1347 895 illis,
1367 857 1404 888 ad
1431 868 1512 899 quos
1538 861 1662 899 spectat
1679 860 1710 888 et
1729 866 1788 898 pro
1807 860 1888 887 tem-

1151 919 1229 950 pore
1255 909 1527 951 qmtmlocumque
1555 908 1726 951 spectabit,
1752 907 1888 940 inviola-

1152 961 1260 993 biliter
1285 962 1451 993 observari
1468 988 1475 1001 ,

1195 1014 1210 1056 g
1235 1013 1265 1045 5.
1293 1014 1408 1056 Sicque
1434 1014 1465 1045 in
1491 1014 1677 1057 praemissis
1712 1023 1771 1056 per
1796 1023 1889 1056 quos-
1921 1025 2020 1056 cumula
2037 1025 2082 1045 sui·

1152 1077 1289 1109 eumque
1315 1067 1437 1099 iudices
1464 1066 1646 1099 ordinarios
1665 1071 1697 1098 et
1713 1051 1949 1108 delegatos‚¹“‘“‘

1154 1120 1248 1152 etiam
1275 1130 1442 1151 causarum
1467 1119 1576 1162 palatii
1610 1118 1777 1161 apostoliCi
1804 1118 1892 1150 audi-

1156 1177 1251 1211 tores,
1279 1172 1412 1204 iudicari
1431 1178 1463 1204 et
1488 1171 1616 1204 definiri
1642 1172 1779 1210 debere,
1799 1182 1835 1203 ac
1852 1171 1894 1203 ir-

1155 1225 1251 1256 ritum
1283 1230 1315 1256 et
1347 1224 1441 1256 inane
1477 1224 1502 1256 si
1535 1234 1628 1256 secus
1661 1234 1757 1266 super
1794 1223 1843 1255 his
1876 1234 1893 1255 a

1155 1288 1327 1320 quoquam,
1344 1277 1454 1320 ‹piavis
1469 1277 1671 1316 auctoritate,
1692 1276 1830 1308 scienter
1843 1277 1891 1308 vel

1154 1329 1353 1372 ignoranter,
1376 1330 1549 1372 contigerit
1562 1329 1724 1362 attentari⁴

1198 1384 1212 1426 ξ
1237 1383 1265 1415 6.
1293 1383 1360 1415 Non
1387 1382 1588 1415 obstantibus
1609 1382 1891 1414 constitutionibus
1929 1393 2086 1414 Come-tuorum

1155 1442 1186 1469 et
1211 1435 1470 1468 ordinationibus
1501 1435 1709 1477 apostolicis,
1740 1422 2022 1473 necnon,'¹²‘⁰³³¹¹⁰'

1156 1494 1312 1531 quatenus
1332 1498 1413 1530 opus
1429 1488 1478 1526 sit,
1497 1487 1600 1519 dictae
1619 1487 1891 1529 congregationis,

1156 1542 1251 1574 etiam
1277 1541 1465 1580 iuramento,
1493 1539 1740 1572 confirmatione
1770 1544 1895 1582 aposto-

1156 1596 1225 1634 liea,
1252 1596 1301 1627 vel
1328 1594 1438 1637 quavis
1464 1594 1613 1626 firmitate
1639 1593 1702 1625 alia
1723 1593 1893 1631 roboratis,

1133 1647 1282 1687 {statutis
1315 1652 1346 1679 et
1379 1646 1685 1684 consuetudinilms,
1716 1645 1895 1688 privilegiis

378 1699 566 1732 huiusmodi
606 1698 900 1742 supplicationibus
940 1691 1136 1737 inclinati„²

1157 1711 1297 1743 quoque,
1311 1698 1444 1732 indultis
1469 1704 1500 1731 et
1526 1698 1641 1731 litteris
1659 1698 1844 1741 apostolicis
1862 1698 1895 1729 in

1157 1753 1355 1785 contrarium
1374 1752 1628 1795 praen'iissorum
1646 1750 1895 1793 quomodolibet

1157 1805 1328 1843 concessis,
1352 1803 1550 1836 confirmatis
1571 1808 1602 1835 et
1626 1802 1805 1842 innovatis;
1826 1802 1896 1845 qui-

1158 1859 1218 1890 bus
1244 1857 1394 1890 omnibus
1412 1862 1444 1889 et
1460 1857 1605 1899 singulis,
1632 1866 1743 1889 eorum
1764 1861 1893 1888 tenores

1158 1921 1217 1954 pro
1240 1911 1334 1953 plene
1356 1915 1387 1942 et
1410 1909 1609 1942 sufficienter
1626 1908 1786 1951 expressis
1802 1919 1837 1940 ac
1856 1908 1894 1940 de

1157 1964 1255 1996 verbo
1274 1964 1312 1995 ad
1331 1963 1462 1995 verbum
1488 1962 1615 1995 insertis
1641 1961 1808 2000 habentes,
1830 1960 1894 1993 illis

1159 2017 1236 2049 alias
1252 2016 1284 2048 in
1301 2026 1356 2048 suo
1374 2016 1491 2048 robore
1508 2015 1737 2058 permansuris,
1756 2013 1794 2046 ad
1808 2024 1895 2056 prae-

1159 2071 1330 2102 missorum
1357 2068 1515 2108 etl‘eetum,
1544 2068 1604 2100 hae
1628 2067 1696 2099 viee
1720 2067 1894 2105 dumtaxat,

1160 2123 1345 2166 specialiter
1363 2127 1394 2153 et
1410 2132 1560 2164 expresse
1579 2121 1770 2163 derogamus
1785 2130 1792 2159 ;
1816 2123 1897 2151 cete-

1159 2176 1267 2218 risque
1293 2173 1461 2207 contrariis
1492 2173 1762 2216 quibuscumque.

1203 2230 1217 2271 ἓ
1249 2228 1278 2260 7.
1311 2227 1465 2259 volumus
1500 2232 1606 2259 autem
1640 2230 1675 2257 ut
1710 2225 1896 2257 earumdem
1940 2235 2090 2265 'transumpto-

1160 2280 1379 2324 praesentium
1401 2280 1583 2312 litterarum
1602 2277 1821 2320 transumptis,
1839 2287 1895 2309 seu
1907 2268 1951 2282 rum
1968 2261 2026 2282 '¹⁶⁰⁵'

1161 2333 1328 2376 exemplis,
1348 2333 1442 2365 etiam
1462 2332 1639 2375 impressis,
1653 2341 1748 2363 manu
1763 2329 1895 2362 alicuius

1161 2387 1277 2420 notarii
1292 2386 1415 2430 publici
1433 2385 1633 2428 subscriptis,
1651 2389 1682 2416 et
1700 2383 1807 2426 sigillo
1825 2393 1896 2425 per-

1161 2451 1259 2472 sonae
1285 2439 1317 2471 in
1343 2438 1498 2481 dignitate
1531 2436 1748 2470 ecclesiastica
1779 2435 1896 2468 consti-

1162 2498 1247 2525 tutae
1273 2492 1423 2531 munitis,
1450 2491 1562 2523 eadem
1597 2500 1728 2532 prorsus
1753 2489 1832 2521 sides
1865 2489 1896 2520 in

1162 2546 1281 2578 iudicio
1308 2551 1339 2578 et
1364 2550 1453 2578 extra
1481 2543 1682 2582 adhibeatur,
1705 2553 1785 2585 quae
1807 2552 1897 2584 prae-

1163 2600 1307 2632 sentibus
1330 2598 1405 2642 ipsis
1429 2597 1639 2630 adhiberetur
1665 2595 1690 2628 si
1717 2595 1822 2628 sorent
1845 2605 1896 2629 ex-

1164 2652 1283 2685 hibitae
1308 2653 1357 2684 vel
1383 2656 1543 2684 ostensae.
