2279 3260
219 248 269 272 Αη.
287 248 313 272 C.
339 247 399 273 ¹071

244 516 294 536 riuis
317 516 400 536 cimona

217 549 267 566 erga
298 543 337 562 SS.
362 547 401 562 uu-

218 569 349 589 charistiain.

242 1410 361 1430 tinnuli-as.

451 237 515 270 218

410 295 539 327 merciis
566 306 724 338 persaepe
758 295 841 327 risus
867 299 916 327 est
948 304 1011 327 non
1045 294 1149 325 solum

412 348 526 391 spiritu
552 348 618 390 rapi
646 348 676 380 in
696 349 856 387 ecstasim,
874 348 930 380 sed
956 352 987 379 et
1012 355 1147 388 corpore

412 414 428 433 a
455 403 540 433 terra
566 401 725 433 sublevari
752 407 780 433 ct
809 400 981 433 luculentis
1000 399 1148 442 splendo-

413 454 501 485 ribus
522 453 697 496 conspicue
723 452 949 485 circumfundi.

456 507 469 547 ᾖ
495 506 524 538 7.
553 506 635 548 Erga
659 505 896 537 sanctissimum
918 503 1025 536 altaris
1047 513 1153 535 sacra-

413 564 554 590 mentum
579 558 661 589 miro
688 569 723 589 cx
751 556 871 589 intimis
888 555 1087 598 praecordiis
1106 565 1149 586 ar-

413 612 490 644 dore
507 611 671 652 flagrabat,
690 610 794 641 sciens
816 610 878 641 boc
892 619 962 641 esse
977 608 1148 651 pulchrum
1169 641 1171 647 ,

411 667 441 696 ct
478 663 635 705 optimum
675 663 853 707 electorum
891 662 1085 693 frumentum
1114 670 1149 692 ac

411 716 517 747 riuum
537 715 720 757 geri‘ninaus
743 714 894 756 virgines.
915 714 1092 756 Propterea
1111 713 1148 745 sa-

412 768 551 800 miliare>v
577 768 614 799 ad
642 767 710 799 eius·
736 766 928 809 sumptionis
961 767 1009 799 vel
1035 767 1147 798 saltem

412 820 601 852 visitationis
618 819 832 862 frequentiam
851 819 1062 851 veliementer
1077 819 1149 851 lior-

413 875 560 911 labatur,
588 884 710 905 sacrum
736 873 853 905 missae
882 872 1073 905 sacrificium
1097 883 1150 906 ce-

413 927 602 965 lebraturus,
627 925 791 968 angelicae
806 925 953 968 puritatis
975 925 1149 957 candorem

411 978 566 1011 aemulari
593 978 738 1021 cupiens,
757 977 924 1020 quantavis
944 977 1050 1010 carnis
1068 988 1149 1010 mor·
1165 1021 1167 1023 η

412 1032 586 1064 titicatione
606 1037 635 1064 et
655 1031 772 1064 mentis
804 1031 833 1063 in
853 1031 951 1063 Deum
970 1032 1149 1063 elevatione

411 1091 494 1116 esset
520 1089 663 1123 ornatus,
679 1083 737 1115 sibi
756 1083 969 1116 nibilominus
984 1093 1149 1126 nunquam

411 1137 487 1169 satis
520 1143 650 1180 paratus
680 1137 848 1169 videbatur
873 1147 956 1169 esse.
985 1137 1009 1168 A
1034 1135 1149 1168 sacriti-

411 1191 516 1223 cando
543 1189 727 1233 impeditus,
743 1192 833 1222 sacra
858 1189 1057 1222 Eucliaristia
1084 1188 1150 1221 resi-

410 1243 570 1283 ciebatur,
592 1248 625 1274 ut
653 1242 770 1285 iugiter
794 1242 954 1275 Christum
981 1242 1012 1275 in
1038 1252 1072 1274 se
1091 1252 1150 1274 ma-

410 1301 543 1329 nentem
570 1295 723 1335 liaberet,
749 1300 781 1328 et
805 1296 837 1327 in
864 1306 901 1328 eo
926 1295 994 1338 ipse
1021 1305 1149 1338 quoque

411 1349 538 1381 assidue
564 1354 720 1381 maneret.

455 1402 469 1444 g
494 1400 524 1433 8.
552 1401 591 1433 L’t
616 1412 687 1433 cum
712 1401 805 1433 Patre
831 1401 988 1434 luminum
1007 1401 1088 1443 iugis
1106 1411 1150 1433 es-

411 1461 462 1487 set
493 1454 698 1486 conversatio
725 1464 803 1492 sua,
828 1453 907 1485 mira
944 1453 1149 1496 simplicitate

410 1508 443 1540 in
480 1507 630 1540 omnibus
667 1517 797 1549 semper
832 1517 864 1539 se
891 1506 1008 1549 gessit,
1035 1508 1151 1548 magna

410 1565 515 1591 tamen
551 1570 624 1591 cum
655 1559 847 1602 prudentia,
887 1570 951 1602 qua
982 1558 1149 1601 praeditus

409 1618 489 1645 erat.
515 1612 693 1645 Humilitati
719 1612 764 1644 sic
791 1612 936 1645 addictus
964 1612 1034 1651 suit,
1059 1617 1094 1644 ut
1117 1612 1149 1644 in

410 1665 476 1699 sua¹
492 1665 586 1698 nihili
601 1665 788 1708 cognitione
803 1671 833 1698 et
845 1665 899 1698 vili
915 1665 1150 1698 existimatione

410 1725 571 1763 perpetuo
597 1724 789 1751 moraretur.
817 1718 855 1751 Se
882 1718 1025 1750 omnium
1042 1718 1075 1750 in
1093 1718 1151 1750 rir-

411 1771 534 1804 tutibus
562 1771 739 1811 minimum,
761 1772 793 1804 in
819 1771 959 1815 peccatis
976 1771 1149 1803 maximum

410 1825 612 1869 praedicans,
643 1825 791 1858 omnibus
816 1824 945 1856 subesse
971 1824 1147 1867 satagebat,

410 1878 449 1911 ab
475 1878 554 1921 ipsis
581 1877 708 1910 novitiis
735 1878 773 1910 de
799 1878 863 1910 suis
894 1877 1075 1910 defectibus
1100 1878 1149 1909 ad-

410 1931 539 1964 moneri
565 1941 630 1963 non
657 1931 760 1962 solum
785 1930 938 1972 gaudens,
965 1930 1021 1962 sed
1053 1930 1149 1962 etiam

411 1995 507 2028 saepe
533 1984 710 2027 imperans,
725 1994 757 2016 se
780 1983 885 2026 ipsum
902 1984 1149 2027 perturbantem

411 2038 519 2070 onmia
556 2047 591 2069 ac
627 2038 729 2069 solum
768 2037 864 2069 Iudae
901 2037 1076 2079 proditoris
1114 2048 1149 2069 ac

411 2091 605 2123 daemonum
629 2089 791 2122 consortio
816 2089 950 2132 dignum
966 2090 1147 2133 appellans,
1171 2118 1173 2124 .

410 2143 587 2175 innumeris
613 2143 684 2175 aliis
702 2152 735 2175 se
754 2143 858 2185 ipsum
876 2143 1005 2185 probris
1031 2148 1062 2175 et
1079 2153 1150 2175 con·
1171 2167 1172 2170 η

414 2196 498 2228 vitiis
531 2195 699 2228 onerabat.
733 2194 861 2228 Summo
887 2206 1054 2235 moerore,
1079 2206 1149 2227 cum

413 2248 595 2282 honorifice
633 2253 686 2280 aut
711 2253 902 2280 tractaretur
935 2254 986 2280 aut
1022 2249 1150 2292 excipe·
1170 2258 1172 2273 ³

412 2308 509 2339 retur,
533 2301 740 2340 afficiebatur,
761 2300 862 2341 itaut,
881 2302 1096 2344 procumbens
1117 2302 1149 2333 in
1170 2301 1172 2307 '

993 226 1173 269 BFLLAiiu'iti
1196 243 1347 269 ROMANJ‘M

1192 293 1358 336 poscebat.
1387 293 1678 327 Concionatoribus
1709 296 1807 329 etiam
1832 295 1925 339 ipsis,

1193 354 1274 386 quos
1288 344 1492 386 instruxerat,
1509 347 1690 380 ministrum
1709 358 1741 380 se
1759 348 1928 391 iungebat,

1193 406 1253 428 nec
1278 398 1374 429 ullius
1401 398 1541 441 quamvis
1579 399 1776 433 ineruditum
1812 410 1930 433 sermo-

1192 459 1265 481 nem
1291 450 1449 493 despexit.
1477 451 1511 483 In
1536 451 1614 494 ipsis
1642 453 1805 485 favoribus
1830 454 1930 486 caele-

1192 501 1294 533 stibus
1320 507 1351 534 et
1376 502 1490 535 divinis
1518 499 1771 537 revelationibus
1796 505 1929 538 mirifice

1194 553 1382 586 humilitatis
1407 555 1555 598 spiritum
1587 557 1768 590 custodivit.
1800 558 1928 593 Timore

1192 605 1383 639 iudiciorum
1398 607 1453 639 Dei
1471 609 1647 650 perculsus,
1666 620 1698 642 se
1715 610 1748 642 in
1765 610 1928 644 infernum

1193 658 1336 700 demergi
1375 659 1433 691 sibi
1466 660 1528 703 ipsi
1555 661 1738 703 videbatur3
1765 663 1814 695 cui
1843 663 1930 696 timo-

1192 720 1261 742 rem
1287 710 1428 750 filialem,
1446 722 1461 743 a
1494 712 1557 744 Deo
1582 714 1734 756 precibus
1760 720 1792 748 et
1815 716 1930 758 poenis

1193 764 1374 803 obtentum,
1400 765 1546 807 iungens,
1573 772 1715 799 moestus
1741 773 1774 799 et
1796 769 1930 811 pavidus

1170 840 1171 859 ζ
1193 816 1349 854 continuo·
1373 817 1558 859 apparebat.
1579 818 1735 851 Eumdem
1752 820 1932 862 profundae

1194 868 1385 901 humilitatis
1412 869 1560 912 spiritum
1584 870 1616 902 in
1643 870 1703 903 sihi
1730 872 1932 904 subditorum

1193 922 1346 954 cordibus
1370 922 1521 966 superior
1554 923 1696 956 existens
1725 924 1847 957 inferre
1872 930 1933 957 stu-

1194 974 1279 1014 duit,
1301 974 1406 1007 dicere
1425 975 1537 1007 solitus
1556 976 1746 1018 religiosum
1765 977 1934 1020 perfectio-

1194 1025 1242 1058 nis
1268 1026 1420 1069 cupidum
1446 1027 1564 1059 debere
1591 1038 1744 1070 spernere
1769 1039 1816 1068 se,
1842 1039 1933 1071 sper-

1194 1089 1269 1111 nere
1289 1080 1423 1119 nultum,
1441 1090 1594 1122 spernere
1614 1081 1777 1121 mundum,
1797 1086 1828 1114 et
1847 1091 1934 1124 sper-

1194 1142 1271 1164 nere
1306 1142 1339 1164 se
1373 1132 1492 1175 sperni.
1521 1132 1554 1164 ln
1588 1133 1638 1165 his
1669 1144 1932 1176 unumquemque

1193 1184 1239 1216 sic
1263 1184 1423 1227 proficere
1449 1185 1569 1218 debere
1595 1186 1734 1227 dicebat,
1752 1192 1788 1218 ut
1804 1189 1933 1229 quanta-

1193 1237 1238 1269 vis
1262 1238 1380 1270 virtute
1406 1244 1437 1271 et
1462 1239 1584 1272 meritis
1604 1240 1709 1272 clarus
1737 1245 1828 1279 esset,
1850 1251 1933 1273 nun-

1194 1300 1289 1333 quam
1315 1296 1421 1323 tamen
1448 1292 1487 1323 de
1513 1302 1546 1324 se
1572 1297 1803 1335 praesumeret,
1830 1298 1882 1326 aut
1898 1303 1931 1326 se

1194 1343 1289 1375 alicui
1314 1344 1507 1386 praeferret.

1238 1396 1252 1439 ἓ
1276 1396 1329 1429 10.
1357 1397 1454 1439 Magis
1481 1398 1634 1431 aestuavit
1659 1399 1826 1432 charitatis
1856 1410 1933 1443 erga
1970 1415 2126 1441 «mmmmm

1195 1448 1293 1480 Deum
1319 1448 1495 1490 incendiis,
1521 1462 1616 1494 quam
1641 1462 1806 1495 nunquam
1831 1452 1931 1484 tribu·
1944 1441 2016 1462 ⁰⁰¹¹'¹¹·

1196 1502 1351 1535 lationum
1384 1513 1485 1545 aquae
1512 1504 1699 1546 extinguere
1725 1510 1930 1548 potuerunt;

1194 1555 1280 1587 unde
1314 1561 1346 1588 et
1377 1557 1446 1588 zelo
1479 1556 1535 1588 Dei
1562 1557 1677 1589 ardens
1708 1559 1879 1597 urebatur,
1906 1559 1932 1591 si

1195 1608 1271 1651 quid
1297 1615 1408 1641 contra
1433 1609 1487 1642 Dei
1505 1617 1679 1653 praecepta
1695 1611 1803 1644 moliri
1821 1617 1874 1644 aut
1888 1612 1934 1645 vi-

1195 1662 1285 1694 deret
1321 1667 1375 1694 aut
1411 1663 1549 1696 audiret.
1584 1663 1665 1701 Quin
1703 1669 1734 1697 et
1763 1675 1933 1698 sermones

1195 1714 1261 1747 eius
1285 1720 1321 1747 ut
1346 1716 1430 1748 faces
1456 1717 1630 1757 ardebant,
1647 1717 1729 1749 nihil
1751 1718 1790 1750 de
1809 1718 1930 1751 saeculi

1193 1768 1333 1801 vanitate
1350 1768 1484 1801 mixtum
1502 1769 1727 1810 continentes,
1747 1771 1805 1802 sed
1822 1772 1871 1803 vel
1889 1772 1929 1804 ad

1194 1821 1249 1853 Dei
1275 1821 1459 1854 samulatum
1491 1823 1541 1854 vel
1567 1823 1606 1854 ad
1635 1823 1873 1865 poenitentiam
1898 1828 1930 1856 et

1193 1880 1399 1917 peccatorum
1424 1875 1670 1908 detestationem
1693 1876 1806 1909 directi
1826 1882 1928 1909 erant.

1193 1927 1357 1970 Frequens
1383 1928 1442 1960 suit
1461 1928 1494 1960 in
1519 1928 1633 1961 Sacrae
1658 1928 1842 1972 Scripturae
1861 1941 1932 1962 sen-

1194 1980 1302 2012 tentiis
1320 1986 1373 2012 ant
1390 1980 1580 2013 Sanctorum
1601 1981 1701 2023 gestis
1721 1983 1928 2023 enarrandis;

1192 2044 1308 2076 magno
1341 2034 1465 2066 fervore
1496 2045 1694 2076 exaggerans
1731 2035 1930 2068 horrendum

1194 2097 1262 2119 esse
1288 2087 1430 2120 incidere
1463 2088 1494 2120 in
1520 2098 1632 2119 manus
1658 2088 1712 2120 Dei
1739 2089 1874 2121 viventis
1900 2095 1931 2122 et

1192 2139 1277 2171 irati.
1298 2139 1379 2172 Hinc
1397 2141 1507 2182 plures
1522 2151 1556 2173 re
1574 2140 1644 2183 ipsa
1658 2142 1783 2184 experti
1798 2147 1872 2174 sunt
1890 2143 1929 2175 ab

1193 2192 1261 2224 eius
1286 2193 1533 2225 conversatione
1553 2194 1645 2226 novis
1671 2204 1798 2237 semper
1822 2195 1854 2227 in
1873 2195 1929 2228 Dei

1192 2245 1343 2278 servitute
1369 2246 1549 2278 fervoribus
1567 2247 1722 2279 excitatos
1741 2247 1926 2281 recessisse.

1235 2299 1250 2342 ἓ
1274 2299 1326 2332 11.
1346 2300 1422 2333 Cum
1439 2300 1559 2333 nobilis
1579 2301 1708 2344 quidam
1722 2311 1927 2334 communem

1935 247 1985 275 Αη.
2007 249 2038 276 C.
2056 250 2119 278 «57¹

414 2366 526 2399 genua,
543 2366 581 2387 ne
607 2354 754 2387 manibus
780 2355 846 2387 suis
873 2355 981 2387 oscula
999 2354 1147 2397 figerent,
1191 2352 1341 2395 vitiorum
1371 2353 1633 2396 obiurgationem
1663 2355 1702 2387 ad
1728 2364 1760 2387 se
1786 2354 1948 2410 singula-a
1965 2363 2058 2410 {nolim
2079 2370 2120 2410 ‘¹¹1¹ss

414 2409 659 2451 deprecaretur,
676 2418 711 2440 ac
728 2407 931 2450 paternitatis
948 2407 1039 2440 titulo
1058 2408 1150 2451 prior
1170 2424 1172 2442 ;
1191 2405 1270 2438 riter
1293 2406 1485 2439 credidisset
1510 2418 1527 2439 a
1551 2407 1646 2440 beato
1663 2408 1825 2441 Ludovico
1844 2397 2120 2463 dire-&fluuius-uu·

414 2471 446 2494 se
474 2460 630 2493 honorari
656 2459 847 2492 inhibuerit.
1193 2465 1284 2499 ctam,
1300 2465 1444 2500 mortem,
1465 2471 1558 2504 quam
1581 2460 1609 2493 ei
1628 2461 1839 2493 comminatus
1860 2462 1927 2494 t'ue-
1995 2459 2000 2464 '

220 2522 403 2569 Γέιιιῑ-ῆάζειιέῗηῑιιιῗιοί·
458 2513 528 2557 {9-
557 2513 588 2546 Si
613 2524 706 2556 quem
736 2513 869 2546 laesisse
902 2515 957 2545 sua
989 2513 1148 2546 maestitia
1192 2519 1242 2546 rat
1274 2513 1336 2546 nisi
1376 2514 1460 2546 dicta
1493 2514 1524 2546 in
1549 2520 1703 2557 suggestu
1735 2521 1924 2555 revocaret,

221 2573 467 2600 misteseruutunaut
492 2567 585 2599 aliter
611 2566 783 2606 timuisset,
810 2566 998 2609 genuflexus
1023 2568 1147 2599 veniam
1192 2567 1327 2599 viriliter
1344 2567 1506 2607 renuenti,
1527 2567 1638 2600 stricto
1664 2567 1695 2600 in
1721 2577 1795 2600 eum
1813 2569 1925 2611 sclopo

448 2630 462 2658 1
485 2628 578 2665 Aptius
598 2629 657 2664 tego
676 2629 722 2654 sni
742 2635 777 2663 (a.
794 2629 842 2661 T.).
1191 2619 1353 2660 intentat,
1380 2619 1467 2653 illico
1503 2620 1535 2652 in
1572 2619 1762 2654 Crucifixum
1785 2619 1924 2654 mirabili
