2279 3260
125 247 177 274 An.
195 248 224 275 C.
246 247 312 276 ¹670

151 990 263 1014 privilegia
274 996 306 1011 ec·

123 1018 249 1037 vlt-suasuris
258 1023 306 1037 cnu-

125 1050 184 1064 cem
202 1045 306 1070 quomodo
317 1030 484 1072 privilegia
509 1035 540 1062 et
564 1031 700 1070 indulta,
727 1031 876 1073 personis
900 1031 1053 1064 ecclesia-

124 1070 267 1095 intelligenda.

150 2096 263 2122 Privuegia
271 2102 306 2116 ne-

123 2123 208 2148 put-hm
236 2123 306 2143 Ponti·

938 247 1080 272 CLEMENS
1101 249 1120 272 X
1145 249 1192 272 PP-

319 297 421 331 dictos
456 307 568 330 omnes
592 301 624 329 et
648 297 792 340 singulos
818 301 985 339 exemptos
1011 296 1048 328 ad

317 350 461 382 omnium
496 354 527 382 et
558 349 758 392 singulorum
791 360 927 382 onerum
956 359 1050 392 prac-

314 403 471 435 dictorum
497 402 690 435 solutionem
717 409 749 435 et
770 402 1048 445 supportationem

313 465 373 498 pro
398 457 465 487 rata
491 465 546 487 eos
573 460 723 497 tangente
750 455 781 487 in
803 461 966 498 posterum
986 465 1071 491 rea-1

315 506 389 539 liter
413 512 444 539 et
468 517 539 539 cum
566 506 679 539 ell'ectu
706 507 808 539 teneri
842 508 874 539 in
902 506 1049 539 oumibus

315 565 347 591 et
363 570 423 601 per
439 559 547 592 omnia
567 559 703 602 perinde
726 571 760 592 ac
780 559 805 591 si
826 560 928 592 dictae
946 571 1051 592 exem-

316 613 444 654 ptiones
470 617 500 644 et
532 612 750 645 immunitates
787 613 833 645 eis
866 614 1051 646 nullatenus

317 674 489 697 concessae
516 665 659 705 fuissent,
687 676 746 698 nec
772 666 899 698 litterae
929 676 965 698 ac
999 662 1072 697 ce-'

318 717 412 749 dulae
430 717 674 760 motusproprii,
689 718 910 760 chirographa
927 723 959 750 et
974 717 1052 749 scri-

316 773 431 811 pturae
452 769 636 802 huiusmodi
666 780 808 812 unquam
837 775 1050 809 emanassent,

316 826 413 860 motu,
439 821 582 861 scientia,
601 822 837 854 deliberatione
856 827 888 853 et
911 826 1052 864 potesta-

318 873 356 905 tis
381 874 584 916 plenitudine
611 874 798 917 praedit-tis,
825 874 1050 913 decernimus,

317 925 485 957 statuimus
508 931 539 958 et
556 926 768 958 declaramus.

361 978 375 1020 ᾗ
400 977 432 1010 3.
459 978 631 1010 Praeterea
656 978 764 1010 omnia
781 983 813 1010 et
830 989 1050 1021 quaecumque

317 1082 405 1114 sticis
440 1089 504 1115 tam
539 1083 756 1116 saecularibus
787 1094 883 1126 quam
916 1083 1052 1116 cuiusvis

316 1134 444 1168 Ordinis
462 1161 469 1175 ‚
506 1136 768 1178 congregationis
795 1141 825 1168 et
854 1136 991 1168 instituti
1015 1147 1052 1168 ac

315 1187 482 1220 Societatis
509 1188 605 1220 etiam
629 1188 699 1220 Iesu
716 1188 929 1231 regularibus,
956 1199 1053 1232 super

315 1240 476 1272 similibus
501 1240 757 1273 immunitatibus
782 1247 813 1274 et
841 1241 1053 1284 exemptioni-

314 1292 384 1332 bus,
403 1303 462 1335 per
476 1303 693 1336 quoscumque
710 1294 869 1327 Romanos
882 1294 1052 1326 Pontifices

314 1346 586 1388 praedecessores
611 1352 738 1379 nostros
766 1357 930 1386 concessa,
949 1347 986 1379 ad
1015 1347 1074 1379 lin

315 1397 409 1430 mites
424 1398 503 1431 iuris
521 1399 711 1440 communis,
727 1405 826 1439 motu,
841 1400 925 1432 scien
933 1400 984 1438 tia,
999 1400 1053 1432 de·
1073 1417 1075 1434 ι

315 1451 518 1491 liberatione,
541 1452 712 1494 potestatis
734 1453 939 1495 plenitudine
960 1459 988 1485 et
1010 1458 1054 1485 tc-

317 1514 397 1537 nore
430 1505 604 1547 praedictis
620 1531 627 1543 ,
660 1505 841 1538 reducimus
857 1517 864 1545 ;
895 1506 949 1539 illa
977 1517 1052 1539 vero

318 1568 400 1599 quae
414 1557 581 1590 nonnullis
596 1558 743 1600 collegiis
760 1558 792 1590 in
808 1559 890 1591 alma
903 1558 985 1591 Urbe
1001 1569 1053 1592 no-

318 1612 382 1641 stra
397 1610 612 1642 existentibus
637 1622 696 1654 per
713 1611 847 1644 dilectos
863 1612 943 1644 tilios
961 1612 1053 1645 cleri-

317 1673 370 1695 cos
393 1665 560 1705 regulares
586 1664 689 1696 dictae
713 1664 881 1697 Societatis
901 1665 969 1697 lesu
987 1666 1051 1698 sive

316 1716 396 1748 alios
415 1710 640 1759 quoscumque
656 1717 871 1750 administrari
890 1719 1053 1751 consuetis

316 1768 467 1802 similiter
484 1780 502 1801 a
519 1769 673 1802 Romanis
692 1770 901 1803 Pontificibus
924 1772 1053 1814 praede-

316 1822 500 1855 cessoribus
544 1823 664 1856 nostris
703 1834 857 1856 concessa
893 1825 1052 1865 suerunt,

316 1876 423 1918 quoad
446 1875 562 1908 victum
581 1881 612 1908 et
629 1876 780 1909 vestitum
799 1877 970 1917 dumtaxat,
989 1888 1052 1910 non

317 1934 443 1969 autem,
471 1934 507 1960 ut
529 1930 626 1972 vulgo
653 1929 787 1970 dicitur,
814 1940 831 1962 a
863 1931 998 1963 fundaro
1023 1936 1054 1964 et

316 1991 526 2023 magazzeno,
553 1987 651 2024 prout
677 1983 815 2014 antelmo
848 1983 1052 2016 observatum

318 2035 385 2074 suit,
412 2034 580 2077 suffragari
609 2036 753 2068 volumus
779 2041 810 2068 et
835 2036 1050 2069 decernimus.
1073 2033 1074 2064 l

360 2088 375 2130 ἓ
399 2087 430 2119 4.
459 2089 503 2120 Ac
529 2088 656 2120 demum
681 2088 798 2121 similia
829 2089 996 2131 privilegia
1022 2084 1074 2122 et*

1073 1983 1075 1996 l

1092 306 1161 328 cem
1179 296 1409 340 assumptionis
1426 297 1591 339 suffragari
1610 308 1705 341 posse
1724 304 1755 331 et
1772 299 1827 332 de-

1092 348 1179 389 bere,
1209 360 1265 382 seu
1285 349 1426 392 potuisse
1455 360 1489 382 ac
1507 350 1670 383 debuisse.

1135 402 1149 444 ξ,
1174 401 1204 434 5.
1232 402 1294 434 Per
1318 402 1493 445 praemissa
1519 408 1623 435 autem
1646 414 1710 435 non
1729 403 1827 436 inten-

1093 453 1194 486 dimus
1219 466 1368 488 revocare
1406 455 1627 498 exemptiones
1659 462 1690 488 et
1719 456 1828 488 immu-

1070 540 1071 549 ἵ
1093 507 1208 540 nitates
1233 508 1493 551 quilmscumque
1512 508 1660 551 personis
1679 509 1829 541 eeclesia-

1070 557 1071 593 ]
1092 560 1180 592 sticis
1200 566 1260 592 tam
1276 561 1496 593 saecularibus
1510 572 1605 604 quam
1625 560 1827 603 regularibus

1094 613 1132 645 de
1150 613 1219 645 iure
1236 618 1468 656 competentes,
1480 624 1586 656 neque
1606 613 1826 653 thesaurariis,

1094 666 1350 708 appaltatoribus
1384 671 1416 699 ct
1446 667 1698 699 conductoribus
1730 668 1830 699 bono-

1093 728 1176 758 rum,
1201 719 1390 751 introituum
1416 724 1447 751 et
1465 719 1580 751 iurium
1599 719 1703 751 dietae
1729 727 1830 752 came-

1094 781 1148 802 rae
1180 776 1308 803 nostrae
1339 771 1378 803 ab
1410 771 1479 814 ipsa
1510 774 1636 804 camera
1669 782 1725 804 seu
1757 771 1828 804 aliis

1094 822 1180 855 illius
1194 823 1324 855 nomine
1342 824 1373 855 in
1388 825 1575 866 appaltuum
1588 830 1613 856 et
1631 824 1829 867 locationum

1095 874 1316 907 instrumentis
1347 881 1379 908 et
1402 876 1536 909 illorum
1561 877 1685 909 ratione
1704 887 1740 909 ex
1759 888 1831 910 con-

1096 932 1196 959 tractu
1222 928 1377 971 tituloque
1396 939 1470 961 vere
1487 939 1626 962 oneroso
1645 940 1827 962 concessas.

1096 979 1138 1011 Ae
1156 979 1290 1022 insuper
1315 990 1332 1012 a
1356 981 1613 1014 revocationibus
1639 986 1669 1013 et
1688 981 1759 1014 aliis
1777 992 1831 1014 su-

1095 1033 1246 1076 pradictis
1266 1034 1442 1076 excipimus
1459 1040 1490 1067 et
1507 1039 1657 1077 exceptas
1684 1045 1753 1067 esse
1778 1046 1832 1067 vo-

1095 1087 1199 1118 lumus
1217 1091 1249 1119 et
1273 1087 1475 1119 declaramus
1494 1086 1710 1120 immunitates
1728 1093 1759 1120 et
1783 1098 1832 1120 ex-

1096 1138 1278 1181 emptiones
1309 1139 1478 1182 quibusvis
1508 1139 1771 1172 universitatibus
1801 1145 1833 1172 et

1095 1190 1243 1234 personis
1269 1191 1356 1224 datas
1381 1196 1413 1224 et
1438 1202 1607 1224 concessas
1625 1192 1656 1224 in
1677 1192 1741 1225 vim
1759 1203 1833 1225 eon-

1098 1249 1217 1276 tractus
1243 1255 1279 1277 ex
1301 1247 1396 1277 eausa
1418 1255 1491 1277 vere
1510 1247 1661 1285 onerosa,
1680 1245 1833 1278 videlicet

1096 1307 1267 1338 congruae,
1283 1301 1315 1328 et
1331 1296 1506 1329 ell'ectualis
1520 1297 1730 1341 pecuniarum
1749 1299 1833 1330 solu-

1095 1348 1204 1389 tioniS,
1223 1354 1254 1381 et
1270 1359 1334 1381 non
1355 1349 1442 1388 alias,
1465 1349 1570 1382 eidem
1592 1360 1738 1382 camerae
1756 1361 1832 1393 apo-

1096 1401 1230 1434 stolicae
1254 1402 1303 1434 vel
1328 1401 1406 1445 ipsis
1435 1403 1722 1435 communitatibus
1755 1401 1832 1446 legi-

1097 1455 1172 1487 time
1204 1455 1314 1496 factae,
1341 1457 1390 1488 vel
1422 1466 1459 1488 ex
1484 1456 1556 1489 aliis
1583 1456 1834 1489 rationabilibus

1096 1508 1199 1540 causis
1223 1519 1282 1551 per
1307 1518 1366 1541 nos
1391 1509 1628 1551 cognoscendis
1665 1514 1696 1541 et
1719 1520 1833 1553 appro-

1095 1561 1227 1601 bandis,
1254 1571 1289 1593 ac
1307 1561 1402 1593 etiam
1427 1562 1649 1601 declarandis;
1671 1573 1749 1605 quas
1767 1573 1834 1595 om-

1095 1624 1153 1646 nes
1180 1624 1292 1646 causas
1326 1624 1481 1646 onerosas
1511 1615 1639 1647 nonnisi
1671 1616 1832 1657 legitimas

1095 1678 1132 1699 ac
1151 1667 1254 1699 licitas
1272 1672 1304 1699 et
1322 1667 1475 1700 honestas
1505 1673 1599 1711 prout
1624 1668 1662 1700 de
1689 1668 1757 1701 iure
1781 1679 1832 1711 ap-

1095 1719 1233 1762 probare
1262 1719 1459 1752 intendimus
1473 1721 1492 1752 ¹.

1139 1772 1153 1816 ἓ
1170 1772 1201 1805 6.
1222 1772 1259 1804 Et
1274 1777 1452 1816 propterea
1477 1773 1670 1816 quicumque
1692 1773 1763 1806 illas
1780 1773 1832 1807 ob-

1096 1826 1209 1865 tinent,
1228 1837 1280 1858 eas
1298 1826 1330 1858 in
1345 1826 1428 1859 dicta
1446 1829 1582 1866 camera,
1599 1827 1694 1859 citato
1712 1827 1831 1860 dilecto

1073 1910 1074 1930 i
1096 1878 1161 1911 filio
1179 1879 1279 1922 ipsius
1297 1890 1444 1911 camerae
1466 1879 1683 1913 commissario
1702 1891 1832 1923 genera-

1073 1946 1074 1972 }
1096 1933 1128 1973 li,
1148 1932 1315 1965 verificare
1334 1939 1364 1965 et
1382 1933 1413 1964 iu
1428 1933 1496 1976 ipsa
1514 1936 1641 1967 camera
1654 1935 1831 1967 examinari

1096 1990 1128 2017 et
1144 1985 1270 2017 admitti
1295 1986 1399 2018 facere
1417 1990 1600 2025 teneantur,
1614 1987 1738 2019 etiamsi
1761 1998 1832 2020 con—

1096 2038 1258 2071 cessiones
1277 2039 1466 2070 earumdem
1485 2038 1720 2071 immunitatum
1735 2045 1766 2071 et
1784 2051 1831 2072 ex-

1073 2123 1074 2134 ,
1097 2091 1306 2133 emptionum,
1331 2101 1366 2122 ac
1390 2091 1528 2131 litterae,
1555 2092 1689 2124 cedulae
1709 2098 1830 2125 motus-

124 2149 184 2169 nt-nm
204 2141 450 2179 comminantia,
477 2140 651 2183 nepotibus
669 2146 701 2173 et
717 2141 787 2174 aliis
801 2143 1052 2184 consanguineis
1073 2145 1074 2183 j
1095 2144 1231 2187 proprii,
1249 2143 1477 2186 cldrographa,
1496 2149 1528 2177 et
1552 2145 1633 2177 aliae
1654 2145 1830 2188 scripturae

124 2178 218 2196 ret-icat.

316 2194 367 2225 vel
380 2192 528 2225 affinibus
546 2204 823 2236 quorumcumque
835 2194 1051 2227 Romanorum
1072 2194 1074 2226 f

318 2246 509 2278 Pontificum
544 2247 833 2289 praedecessorum
864 2231 1074 2281 nostroruml

317 2309 376 2342 pro
397 2304 539 2342 tempore
557 2299 730 2332 viventium
756 2301 795 2332 ab
816 2300 880 2332 illis
899 2301 1053 2343 respecti-
1071 2284 1073 2331 l

318 2361 353 2383 ve
379 2362 545 2391 concessa,
564 2352 675 2384 itidem
698 2363 880 2385 revocamus
901 2359 933 2386 et
949 2354 1052 2386 abole-
1071 2342 1073 2395 i

316 2414 398 2443 mus,
416 2414 452 2435 ac
471 2410 619 2437 revocata
635 2410 667 2437 et
684 2406 803 2438 abolita
822 2417 891 2438 esse
926 2417 962 2439 ac
982 2417 1054 2439 cen·
1072 2401 1074 2437 ,Ι

318 2457 383 2489 seri
405 2457 524 2489 debere
549 2459 696 2490 volumus
722 2464 754 2491 et
783 2459 971 2499 statuimus3
1000 2461 1053 2492 de-

317 2511 477 2543 clarantes
509 2510 565 2543 illa
593 2511 716 2543 nemini
741 2513 930 2544 eorumdem
955 2524 1052 2556 nepo-

320 2569 386 2596 tum
410 2562 473 2597 sive
494 2564 810 2607 consanguineorum
834 2567 885 2599 vel
905 2566 1050 2600 affinium

320 2627 338 2651 a
362 2617 412 2651 die
432 2623 561 2651 nostrae
579 2619 617 2651 ad
635 2619 750 2651 summi
771 2621 969 2664 apostolatus
988 2621 1052 2665 api-

1096 2197 1236 2239 desuper
1261 2202 1424 2228 emanatae
1450 2202 1480 2228 et
1516 2203 1661 2229 emanata
1687 2198 1764 2230 alias
1798 2198 1831 2230 in

1096 2251 1222 2282 camera
1245 2250 1410 2292 praedicta
1436 2250 1593 2286 admissae
1619 2255 1649 2283 et
1675 2251 1829 2291 admissa,

1095 2314 1130 2335 ac
1154 2302 1187 2334 in
1216 2303 1269 2334 illa
1294 2302 1429 2345 eiusque
1457 2302 1548 2335 libris
1582 2303 1772 2345 registratae
1798 2310 1831 2335 ct

1094 2355 1265 2397 registrata
1296 2355 1413 2387 suerint
1437 2361 1468 2387 et
1493 2355 1573 2394 sint;
1601 2362 1758 2399 quatenus
1791 2362 1830 2388 ta-

1094 2419 1168 2440 men
1186 2418 1299 2440 causae
1318 2418 1477 2440 onerosae
1500 2408 1686 2441 huiusmodi
1704 2419 1763 2451 pro
1782 2420 1830 2441 ve-

1095 2472 1128 2494 re
1149 2460 1300 2494 onerosis
1321 2466 1352 2493 et
1378 2461 1540 2503 legitimis,
1558 2466 1592 2493 ut
1619 2472 1725 2504 supra,
1748 2462 1827 2494 alias

1094 2515 1126 2547 in
1145 2515 1257 2548 eadem
1276 2516 1401 2547 camera
1421 2514 1604 2547 verificatae
1627 2519 1657 2547 et
1673 2516 1828 2557 approba-

1094 2574 1153 2608 tae,
1173 2578 1209 2600 ac
1227 2567 1356 2611 praevia
1373 2567 1515 2600 iudiciali
1540 2567 1740 2599 discussione
1760 2577 1827 2599 non

1132 2633 1138 2656 1
1163 2629 1232 2656 Edit.
1250 2629 1319 2656 Μαίη
1345 2629 1409 2664 legit
1425 2629 1607 2655 intendamus
1622 2630 1659 2661 (a.
1676 2629 1726 2661 τ.).

1726 240 1791 274 125
1837 250 1886 276 Αη.
1903 250 1930 277 c.
1954 249 2022 276 πετο

1860 416 1997 441 Ειι-ορνίρημι
2009 421 2021 436 2

1839 447 1981 462 mot-atione.

1868 1784 1910 1805 Sed
1937 1785 1979 1805 riu<
1990 1790 2024 1806 νε·

1842 1810 1919 1832 riacani
1931 1817 1964 1832 ae.
