2279 3260
224 253 272 283 An.
289 252 317 281 C.
341 254 409 282 ¹670

301 1993 417 2015 lutsttaeun·

236 2021 314 2046 ubtqnu
350 2021 418 2046 publi·

236 2053 280 2068 cari
295 2047 360 2068 iubet..

454 244 496 279 57*

418 304 537 336 laribus
563 303 703 337 cuiusvis
724 303 851 337 Ordinis
876 308 907 336 et
931 303 1155 345 congregatio-

418 355 466 387 nis
498 361 530 387 et
562 356 717 396 instituti,
743 361 804 388 tam
838 356 867 388 in
900 355 983 387 Urbe
1010 355 1155 398 praefata

418 418 514 457 quam
546 413 634 441 extra
671 420 739 441 eam
773 409 893 451 ubique
919 409 1086 446 locorum,
1120 411 1155 437 ut

419 461 611 503 praefertur,
632 462 835 504 degentibus,
853 460 1014 494 licentiam
1040 468 1155 491 eonce-
1174 475 1176 485 ι

419 513 522 546 dimus
541 520 571 546 et
592 515 832 553 facult.ateni‚ut
854 513 912 544 sibi
939 513 977 544 ad
1004 512 1089 543 bunc
1109 510 1154 543 ef-

419 566 536 598 fectum
550 566 669 608 eligere
681 566 805 609 possint
816 574 1053 608 quemeumque
1068 573 1154 606 pres-

418 619 566 661 byterum
592 619 841 658 confessarium,
866 623 930 649 tam
957 617 1154 649 saecularem
1175 635 1176 646 t

419 682 514 714 quam
540 671 681 704 cuiusvis
706 671 833 703 Ordinis
852 675 883 701 et
903 668 1039 701 instituti
1065 678 1155 710 regu-

421 725 528 762 larem,
548 735 584 756 ex
606 723 804 766 approbatis,
830 727 863 754 ut
889 721 1113 765 praemittitur,
1139 730 1156 752 a

420 777 563 809 locorum
588 775 783 815 Ordinariis,
812 775 864 818 qui
891 785 948 807 eos
969 774 1008 806 ab
1033 766 1178 805 excom—¹·

421 830 660 869 munieationis,
675 828 897 871 susl‘wnsiouis
917 832 949 859 et
965 827 1035 859 aliis
1055 827 1157 858 eccle·
1177 841 1178 873 ξ

420 882 555 915 siasticis
588 881 759 914 sententiis
792 886 823 913 et
852 880 995 913 censuris
1014 905 1021 918 ,
1046 890 1064 911 a
1087 878 1156 911 iure

421 935 469 967 vel
494 934 533 967 ab
559 934 691 967 homine
707 961 715 975 ,
742 934 852 977 quavis
878 935 973 966 causa
996 932 1070 965 latis
1099 942 1156 964 seu

422 987 571 1026 inflictis,
597 997 725 1019 necnon
758 987 797 1019 ab
823 986 971 1019 omnibus
995 985 1154 1028 peccatis,

422 1040 618 1079 excessibus,
636 1039 824 1072 criminibus
842 1043 873 1071 et
897 1038 1036 1077 delictis,
1057 1048 1158 1081 quan-

422 1092 536 1125 tumvis
553 1091 705 1134 gravibus
724 1097 755 1124 et
772 1091 969 1129 enormibus,
987 1091 1084 1123 etiam
1100 1090 1158 1122 Or-

421 1138 555 1176 dinariis
582 1144 646 1176 sive
671 1144 766 1176 nobis
791 1148 824 1176 et
850 1143 924 1176 Sedi
949 1142 1156 1185 Apostolicae

422 1196 517 1228 etiam
543 1196 575 1228 in
592 1195 708 1228 litteris
730 1195 781 1228 dic
806 1195 932 1228 Coenac
950 1194 1076 1227 D‘omini
1096 1194 1157 1236 legi

421 1247 525 1280 solitis
551 1248 721 1287 contentis,
748 1253 780 1280 et
802 1247 881 1280 alias
905 1257 964 1290 per
988 1257 1158 1289 quascum-

422 1311 485 1343 que
503 1305 632 1333 nostras
660 1306 716 1332 aut
733 1300 950 1333 Romanorum
968 1299 1160 1332 Pontificum

422 1354 710 1397 praedecessorum
743 1359 924 1386 nostrorum
957 1352 1161 1386 constitutio—

423 1416 481 1438 nes
495 1407 644 1448 (quarum
661 1411 788 1438 tenores
806 1405 1031 1448 praesentibus
1046 1404 1160 1437 haberi

423 1459 570 1491 volumus
588 1468 647 1500 pro
666 1457 841 1501 expressis)
856 1457 1161 1500 quomodocumque

423 1510 594 1543 reservatis
611 1537 618 1550 ,
644 1510 676 1542 111
704 1511 772 1543 foro
803 1510 1021 1543 conscientiae
1047 1515 1078 1542 et
1101 1510 1161 1542 hac

424 1563 491 1595 vice
507 1568 628 1595 tantum
642 1563 810 1595 absolvere
824 1567 856 1595 ct
869 1562 1006 1595 liberare
1019 1563 1159 1602 valeant,

425 1622 457 1648 et
481 1616 614 1659 insuper
637 1621 710 1649 vota
735 1626 955 1659 quaecumque
981 1615 1162 1657 (religionis
1182 1607 1183 1617 ¹

426 1675 457 1702 et
481 1669 633 1702 castitatis
659 1669 814 1711 exceptis)
837 1668 868 1701 in
894 1668 955 1700 alia
980 1668 1033 1711 pia
1058 1674 1087 1700 et
1113 1679 1163 1700 sa-

425 1722 539 1755 lutaria
555 1732 655 1765 opera
669 1727 879 1761 commutare,
899 1721 1040 1753 iniuncta
1056 1727 1161 1754 tamen

426 1775 473 1806 eis
495 1780 653 1807 eteorum
678 1774 809 1806 cuilibet
826 1773 857 1805 in
883 1773 1075 1816 supradictis
1096 1784 1163 1806 om—
1183 1782 1184 1798 ³

426 1827 521 1860 nibus
545 1827 672 1859 casibus
697 1826 899 1870 poenitentia
920 1827 1060 1865 salutari,
1079 1827 1164 1859 aliis-

428 1891 489 1924 que
515 1879 660 1912 eiusdem
686 1879 877 1912 confessarii
903 1879 1034 1912 arbitrio
1059 1879 1185 1912 11111111-1

429 1932 555 1975 gendis.

474 1986 489 2028 ξ
513 1984 545 2017 4.
573 1984 776 2027 Quapropter
800 1989 913 2017 tenore
946 1985 1164 2027 praesentium

430 2038 462 2071 in
487 2039 601 2071 virtute
627 2044 755 2070 sanctae
780 2038 985 2071 obedientiae
1006 2039 1165 2082 praecipi-

431 2102 501 2124 mus
536 2097 630 2134 atque
654 2091 842 2123 mandamus
868 2091 1016 2123 omnibus
1042 2098 1072 2125 et
1097 2093 1167 2135 qui-

429 2145 629 2188 buscumque
655 2144 896 2177 venerabilibus
928 2144 1079 2177 fratribus
1112 2156 1167 2188 pa—

427 2197 601 2236 triarchiS,
635 2196 908 2239 archiepiscopis,
940 2197 1103 2240 episcopis
1136 2203 1167 2230 et

430 2250 501 2282 aliis
528 2249 736 2282 ecclesiarum
768 2250 944 2292 praelatis,
971 2261 1005 2282 ac
1038 2250 1168 2293 quibus-

431 2311 568 2345 cumque
593 2301 769 2334 Ordinariis
794 2303 951 2342 locorum,
973 2302 1167 2346 ubicumque

434 2354 659 2394 existentibus,
675 2364 853 2397 eorumque
869 2355 996 2387 vicariis
1010 2360 1041 2387 et
1052 2356 1169 2388 officia-

434 2407 530 2447 libus,
551 2409 610 2445 vel,
636 2407 674 2439 iis
701 2406 937 2447 deficientibus,
960 2407 1024 2440 illis
1041 2408 1094 2451 qui
1116 2419 1168 2441 eu-

433 2471 500 2493 ram
511 2461 691 2492 animarum
705 2465 869 2499 exercent,
880 2465 922 2500 ut,
935 2471 1005 2492 cum
1020 2471 1169 2503 praesen-

435 2513 512 2545 tium
534 2513 713 2545 litterarum
732 2518 936 2556 transumpta
953 2519 1007 2544 aut
1024 2515 1168 2556 exempla

435 2566 531 2598 etiam
567 2565 724 2608 impressa
761 2564 960 2607 acceperint,
985 2565 1040 2597 illa
1064 2566 1170 2597 statim

436 2618 558 2662 absque
583 2618 648 2650 nitu
673 2620 773 2658 mora,
799 2618 1017 2653 retardatione
1039 2619 1088 2651 vel
1114 2618 1171 2650 im-

997 254 1076 280 111111
1085 255 1174 278 mittit
1199 252 1349 278 notatum!

1196 302 1382 344 pedimento
1408 311 1466 344 per
1490 311 1560 334 suas
1586 300 1740 334 ecelesias
1757 305 1787 331 et
1805 299 1932 331 dioece-

1196 363 1256 393 ses,
1281 353 1476 396 provincias,
1502 354 1660 392 civitateS,
1684 351 1811 395 oppida,
1831 355 1932 383 terras

1197 410 1228 437 et
1252 406 1323 438 loca
1350 405 1518 448 publicent
1548 410 1579 438 et
1607 403 1764 448 publicari
1790 402 1930 441 faciant,

1196 458 1429 500 ecclesiamque
1444 468 1498 490 seu
1516 459 1668 490 ecclesias
1683 456 1857 489 visitandas
1877 455 1932 488 de-

1196 509 1337 551 signent.
1352 509 1419 542 Non
1435 510 1632 543 intendimus
1647 515 1751 542 autem
1770 519 1828 551 per
1840 518 1933 550 prae-

1196 567 1303 595 sentes
1318 573 1415 605 super
1428 562 1535 605 aliqua
1551 562 1788 605 irregularitate
1803 560 1932 604 publica

1196 616 1245 648 vel
1271 616 1408 654 occulta,
1433 617 1517 655 nota,
1545 615 1694 655 defectu,
1719 613 1931 657 incapacitate

1197 678 1252 700 seu
1278 667 1483 700 inhabilitate
1509 668 1743 710 quoquomodo
1769 667 1933 699 contracta

1199 721 1403 763 dispensare,
1431 721 1478 752 vel
1505 720 1646 762 aliquam
1674 720 1858 752 facultatem
1878 718 1934 750 tri-

1198 774 1297 806 buere
1323 772 1532 816 dispensandi
1554 782 1609 804 seu
1635 771 1826 804 habilitandi
1853 771 1933 807 etin

1198 825 1371 868 pristinuni
1403 830 1519 857 statum
1545 823 1754 864 restituendi,
1780 823 1876 855 etiam
1902 822 1934 855 in

1200 879 1268 911 foro
1293 877 1522 917 conscientiae,
1547 887 1655 920 neque
1681 876 1777 908 etian'i
1802 875 1934 908 easdem

1199 934 1385 973 praesentes
1410 929 1448 962 iis
1475 928 1530 972 qui
1552 940 1568 961 a
1589 928 1682 961 nobis
1700 933 1731 960 et
1750 927 1935 971 Apostolica

1198 982 1279 1015 Sede
1301 983 1350 1015 vel
1373 982 1412 1014 ab
1437 982 1546 1024 aliquo
1572 982 1718 1025 praelato
1747 991 1803 1013 seu
1827 980 1935 1035 iudice

1198 1035 1418 1068 ecclesiastico
1444 1033 1710 1067 excommunicati
1726 1060 1733 1074 ,
1760 1033 1932 1077 suspensi,

1198 1087 1373 1128 interdicti,
1393 1098 1450 1119 seu
1468 1086 1548 1120 alias
1567 1087 1599 1118 in
1619 1085 1795 1118 sententias
1813 1090 1845 1118 et
1860 1095 1936 1118 een-

1178 1154 1180 1177 :
1199 1152 1292 1173 suras
1316 1140 1467 1173 incidisse
1493 1139 1646 1172 declarati
1664 1140 1713 1171 vel
1734 1138 1861 1181 publice
1881 1138 1936 1171 de-

1200 1193 1340 1226 nunciati
1376 1192 1503 1231 fuerint,
1534 1191 1593 1223 nisi
1625 1191 1711 1223 intra
1738 1196 1864 1233 tempus
1889 1189 1937 1222 di-

1201 1252 1324 1279 ctarum
1347 1245 1484 1278 duarmu
1510 1244 1787 1277 hebdomadarum
1813 1242 1937 1276 satisfe-

1201 1299 1311 1338 cerint,
1338 1303 1391 1331 aut
1407 1308 1477 1329 cum
1500 1297 1643 1340 partibus
1660 1295 1937 1336 concordaverint,

1201 1354 1268 1385 ullo
1297 1352 1393 1384 niodo
1420 1349 1587 1392 suffragari
1613 1360 1709 1392 posse
1730 1354 1783 1381 aut
1803 1349 1935 1382 debere.

1203 1463 1234 1490 et
1251 1455 1510 1490 ordinationibus
1528 1454 1726 1497 apostolicis,
1745 1453 1938 1496 praesertim

1182 1537 1183 1540 ,
1204 1510 1319 1553 quibus
1337 1509 1469 1541 facultas
1487 1507 1675 1541 absolvendi
1693 1507 1725 1539 in
1747 1506 1842 1539 certis
1864 1511 1940 1538 tunc

1182 1594 1184 1601 ,
1205 1563 1366 1605 expressis
1398 1560 1526 1593 casibus
1550 1560 1595 1592 ita
1618 1560 1761 1592 Romano
1795 1557 1940 1591 Pontifici

1205 1627 1262 1659 pro
1282 1620 1428 1657 tempore
1447 1612 1597 1645 existenti
1616 1616 1811 1650 reservatur,
1829 1616 1864 1643 111
1881 1620 1942 1643 nec

1182 1674 1184 1704 ’ς
1204 1668 1299 1701 etiam
1325 1667 1447 1699 similes
1465 1666 1515 1698 vel
1534 1664 1706 1697 dissimiles
1724 1663 1943 1706 indulgentia-

1205 1731 1274 1752 rum
1301 1724 1333 1752 et
1350 1720 1534 1751 facultatum
1553 1716 1738 1749 huiusmodi
1759 1715 1944 1748 concessio-

1206 1784 1280 1813 nes,
1309 1771 1370 1804 nisi
1397 1772 1435 1804 de
1462 1771 1526 1803 illis
1551 1780 1706 1813 expressa
1737 1768 1858 1802 mentio
1889 1773 1945 1800 aut

1206 1825 1355 1869 specialis
1380 1824 1546 1866 derogatio
1571 1823 1633 1864 fiat,
1660 1822 1807 1865 cuiquam
1833 1820 1944 1853 sutfra-

1207 1879 1274 1921 gari
1307 1882 1441 1921 queant,
1468 1886 1597 1909 necnon
1622 1876 1734 1918 regula
1766 1876 1875 1907 nostra
1904 1875 1944 1906 de

1207 1943 1272 1965 non
1298 1930 1518 1964 concedendis
1538 1928 1749 1971 indulgentiis
1769 1927 1943 1967 adiinstar,

1209 1996 1244 2017 ac
1276 1992 1553 2027 quorumcumque
1578 1981 1734 2014 Ordinum
1759 1986 1790 2013 et
1814 1990 1947 2022 congre-

1209 2038 1374 2081 gationum
1399 2036 1463 2068 sive
1489 2035 1712 2068 institutorum
1736 2034 1945 2076 regularium,

1209 2091 1305 2123 etiam
1330 2090 1525 2129 iuramento,
1553 2087 1799 2120 confirmatione
1820 2090 1949 2129 aposto-

1209 2144 1281 2183 lica,
1295 2144 1344 2175 vel
1370 2142 1481 2185 quavis
1506 2141 1658 2173 firmitate
1684 2140 1747 2172 alia
1771 2138 1946 2178 roboratis,

1210 2196 1334 2229 statutis
1366 2200 1397 2227 et
1428 2193 1740 2233 consuctudinibus,
1768 2191 1947 2235 privilegiis

1210 2258 1360 2292 quoque,
1393 2247 1527 2279 indultis
1554 2251 1586 2279 et
1610 2246 1726 2278 litteris
1748 2244 1948 2288 apostolicis,

1211 2302 1333 2333 eisdem
1365 2299 1557 2339 Ordinibus,
1587 2298 1893 2341 congregationibus
1918 2301 1950 2330 et

1212 2353 1365 2386 institutis
1389 2353 1586 2394 illorumque
1604 2351 1754 2394 personis
1771 2350 1951 2394 quomodo-

1212 2406 1292 2438 libet
1308 2404 1488 2443 eoncessiS,
1508 2404 1694 2447 approbatis
1714 2409 1746 2436 et
1771 2403 1948 2443 innovatis‘,

1213 2459 1331 2502 quibus
1352 2457 1501 2490 omnibus
1529 2462 1561 2488 et
1581 2456 1735 2499 singulis,
1768 2456 1891 2489 etiamsi
1911 2457 1950 2489 de

1213 2512 1276 2545 illis
1302 2521 1475 2553 eorumque
1503 2509 1576 2542 totis
1597 2510 1762 2542 tenoribus
1787 2509 1949 2552 specialis,

1190 2558 1191 2581 ³
1213 2564 1370 2607 specifica,
1397 2574 1550 2606 expressa
1569 2568 1600 2595 et
1624 2563 1796 2602 individua,
1812 2573 1876 2595 non
1902 2572 1953 2594 au-

1191 2634 1195 2660 ¹.
1215 2623 1278 2651 teu)
1304 2628 1362 2661 per
1387 2617 1547 2649 clausulas
1582 2616 1750 2660 generales
1782 2615 1867 2649 idem
1895 2615 1952 2648 im-

1935 246 1986 275 Αη.
2001 246 2030 275 C.
2050 243 2122 275 ⁴670

1246 1406 1260 1447 ἓ
1284 1404 1315 1436 5.
1342 1403 1411 1436 Non
1429 1402 1633 1435 obstantibus
1654 1401 1938 1434 constitutionibus
1976 1411 2066 1435 [semgar
2082 1415 2132 1430 eon-

1950 1441 2027 1458 trariis.
