2279 3260
158 235 210 264 An.
224 236 254 264 C.
277 236 346 265 ¹675

981 239 1123 265 CLEMENS
1145 240 1165 264 X
1188 240 1237 264 PP.

352 287 598 322 concionatores
624 288 809 322 huiusmodi
838 289 1024 329 obtinenda,
1056 299 1092 322 ac

352 351 412 384 pro
445 341 525 381 aliis,
551 342 578 374 si
613 352 695 384 quae
728 341 801 381 sint,
827 352 887 385 pro
914 342 1029 385 quibus
1054 341 1091 374 ad

352 399 565 427 memoratum
588 394 870 427 Bartholomacum
900 395 1092 438 episcopum

351 442 555 480 Laudensem
582 447 677 480 etiam
703 452 863 490 tamquam
890 447 1091 490 Apostolicae

353 497 446 532 Sedis
472 499 671 542 delegatum,
691 510 727 532 ac
744 500 840 532 etiam
862 500 946 532 iuxta
963 499 1093 542 praedi-

352 557 478 585 ctorum
502 552 747 595 privilegiorum
768 558 799 586 et
819 553 995 586 litterarum
1017 563 1092 596 apo-

351 605 537 638 stolicarum
555 610 700 638 tenorem
720 611 751 638 et
768 605 1016 649 dispositionem
1043 616 1092 638 re-

352 659 548 692 currendum
568 664 664 700 esset,
683 671 746 693 non
764 660 802 693 ad
822 660 940 693 dictum
958 659 1092 692 Bartho-

351 712 524 752 lomaeum,
551 723 606 745 seu
633 723 692 756 pro
726 718 874 756 tempore
899 712 1090 745 existentem

352 764 542 809 episcopum
561 766 773 806 Laudensem,
792 766 847 799 sed
866 766 905 798 ad
923 765 1093 798 venerabi-

349 818 415 851 lem
433 818 565 851 fratrem
586 819 776 851 modernum
803 824 836 851 et
857 830 918 862 pro
945 824 1090 862 tempore

352 871 546 904 existentem
574 872 856 916 archiepiscopum
874 872 1091 905 Mediolanen-

351 935 419 957 sem
456 925 743 968 metropolitanum
777 924 900 957 recurri
932 925 1033 957 libere
1060 929 1091 957 et

349 977 438 1014 licite
464 978 568 1021 possit
594 983 625 1010 et
645 978 761 1010 debeat
787 978 846 1020 (ita
870 982 905 1009 ut
929 977 1014 1010 idem
1040 987 1089 1009 ar-

351 1032 580 1076 chiepiscopus
619 1031 755 1064 vicarios
798 1042 855 1064 seu
892 1030 1090 1075 provicarios

349 1085 498 1128 aliosque
524 1084 737 1128 presbyteros
756 1094 814 1116 seu
832 1085 1042 1127 cappellanos
1060 1088 1091 1116 et

347 1136 515 1173 ministros
541 1136 728 1170 huiusmodi
746 1137 934 1180 approbare,
951 1142 1091 1180 pastora-

348 1185 412 1222 lem
437 1188 725 1222 concionatoribus
751 1189 923 1232 praedictis
956 1189 1091 1222 benedi-

349 1242 493 1275 ctionem
511 1242 681 1286 impertiri,
700 1242 827 1286 aliaque
848 1242 1026 1286 praemissa
1047 1242 1091 1274 sa-

350 1305 421 1327 cere
439 1301 471 1328 et
496 1295 612 1338 exequi
633 1296 748 1336 valeat,
767 1296 797 1327 in
816 1295 965 1327 omnibus
987 1300 1017 1327 et
1031 1306 1091 1338 per

350 1348 466 1388 omnia,
482 1349 619 1392 perinde
634 1360 669 1381 ac
683 1349 709 1381 si
726 1348 787 1381 loci
808 1348 996 1381 Ordinarius
1011 1349 1090 1381 exis-

349 1402 456 1443 teret),
473 1401 664 1434 auctoritate
679 1401 867 1444 apostolica,
878 1406 990 1434 tenore
1005 1411 1092 1444 prae-

349 1454 500 1494 sentium,
520 1454 589 1487 sine
607 1455 672 1487 ullo
688 1459 792 1486 tamen
812 1454 953 1497 partium
971 1454 1092 1497 praesa-

350 1511 455 1540 tarum
480 1512 535 1540 aut
559 1507 693 1540 alterius
728 1517 838 1540 earum
874 1506 1090 1550 praeiudicio,

350 1560 560 1594 concedimus
597 1566 627 1593 et
663 1561 881 1603 indulgemus.
914 1559 976 1592 Nos
1007 1559 1092 1592 enim

351 1614 462 1647 eidem
476 1614 633 1646 moderno
652 1618 683 1646 et
700 1624 760 1656 pro
779 1619 924 1656 tempore
943 1612 1090 1645 existenti
1113 1621 1115 1649 ς

351 1666 599 1710 archiepiscopo
611 1667 785 1710 praemissa
797 1666 905 1698 omnia
918 1672 947 1698 ct
964 1667 1092 1708 singula

351 1720 491 1754 faciendi
524 1725 555 1753 et
590 1720 786 1763 exequendi,
814 1729 848 1751 ac
872 1719 967 1751 etiam
1000 1729 1115 1762 pine-x

351 1773 435 1807 satos
460 1773 666 1816 presbyteros
695 1783 750 1805 seu
769 1773 979 1816 cappellanos
1000 1773 1093 1805 alios-

351 1837 413 1870 que
439 1826 575 1859 clericos
600 1825 704 1858 dictae
730 1825 908 1868 parochiali
935 1826 1092 1858 ecclesiae

351 1879 489 1922 aliisque
516 1878 669 1914 ecclesiis.
703 1878 859 1921 cappellis
884 1883 915 1910 et
940 1878 1092 1910 oratoriis

350 1942 366 1964 a
393 1931 479 1964 dicto
496 1930 694 1963 monasterio
713 1931 974 1974 dependentibus
993 1931 1094 1964 inser-

349 1984 485 2024 vientes,
511 1994 529 2015 a
552 1983 736 2026 praedictae
762 1983 984 2027 suspensionis
1009 1976 1116 2024 aliis-j

350 2047 413 2080 que
440 2036 586 2070 censuris
612 2041 643 2069 et
667 2037 783 2079 poenis
808 2036 1036 2069 ecclesiasticis
1061 2037 1092 2068 in

352 2100 408 2122 eos
434 2099 452 2121 a
476 2089 562 2122 dicto
579 2089 831 2122 Bartliolomaeo
850 2090 1001 2133 episcopo
1019 2100 1094 2132 pro·
1114 2091 1115 2113 ἶ

352 2148 426 2185 pter
451 2142 629 2185 praemissa
663 2153 718 2174 seu
755 2142 886 2175 illorum
923 2143 1092 2175 occasione

353 2195 603 2238 quomodolibet
621 2195 693 2228 latis
711 2206 766 2228 sen
786 2195 1000 2236 comminatis,
1018 2206 1092 2238 qua-
1114 2220 1116 2226 ,

352 2253 448 2280 tenus
468 2258 548 2290 opus
568 2248 617 2289 sit,
633 2248 823 2282 absolvendi
843 2254 874 2281 et
892 2249 1037 2282 totaliter
1057 2249 1093 2282 li·
1114 2242 1115 2289 l

352 2299 501 2340 beraudi,
526 2311 562 2333 ac
587 2301 633 2333 eis
659 2301 798 2345 desuper
823 2307 1006 2345 opportune
1032 2302 1093 2335 dis-

352 2353 536 2396 pensandi,
570 2359 742 2398 ceteraque
778 2354 809 2386 in
842 2354 1030 2398 praemissis
1062 2359 1094 2387 et

354 2405 440 2438 circa
464 2416 501 2438 ea
525 2407 771 2449 quomodolibet
788 2407 971 2440 necessaria
988 2413 1019 2440 et
1037 2418 1093 2451 op-

354 2464 493 2502 portuna
523 2459 674 2500 faciendi,
710 2460 851 2501 dicendi,
889 2461 1025 2503 gerendi
1063 2467 1094 2493 et

355 2511 540 2552 exercendi,
567 2522 602 2544 ac
638 2513 818 2546 executioni
855 2513 1003 2546 mandari
1040 2524 1094 2546 cu-
1113 2534 1115 2542 ι

354 2565 458 2606 randi,
485 2576 718 2609 quamcumque
745 2567 958 2600 necessariam
983 2573 1014 2600 et
1039 2578 1096 2611 op-

354 2624 526 2665 portunam
554 2620 753 2660 facultatem,
779 2620 913 2654 durante
938 2620 1095 2665 benepla-

1135 289 1197 322 cito
1224 288 1408 322 huiusmodi
1428 288 1589 321 dumtaxat
1608 289 1802 329 duraturam,
1819 291 1871 321 ea-

1135 341 1209 374 dem
1234 342 1433 381 auctsritate,
1457 342 1571 374 harum
1598 342 1693 382 serie,
1719 342 1871 374 concedi-

1135 405 1205 427 mus
1230 401 1259 427 et
1283 395 1494 438 impertimur.

1178 448 1193 490 ἓ
1225 448 1256 480 4.
1292 447 1440 480 Districte
1477 452 1652 490 propterea
1686 447 1871 480 inhibentes
1909 461 2066 481 monimum-

1966 493 2067 514 epm-opo

1135 505 1198 535 tam
1217 500 1303 533 dicto
1322 500 1575 533 Bartliolomaeo
1601 505 1631 532 et
1649 510 1708 543 pro
1728 505 1871 542 tempore
1884 513 1954 534 Laude
1971 520 1995 534 s..

1135 553 1282 585 existenti
1309 552 1465 595 episcopo
1490 552 1648 585 Laudensi
1682 553 1741 585 sub
1775 552 1873 584 inter-

1135 605 1210 638 dicti
1238 606 1399 648 ingressus
1417 605 1588 643 ecclesiae,
1615 616 1711 649 quam
1738 605 1806 638 eius
1831 605 1874 636 ri-

1134 659 1240 698 cariis,
1268 658 1542 701 procuratoribus,
1567 658 1739 697 fiscalibus,
1766 663 1872 690 actua-

1134 711 1197 750 riis,
1232 712 1374 751 notariis,
1408 711 1600 747 bariscellis,
1634 711 1770 754 aliisque
1803 711 1872 743 eius

1134 765 1242 798 curiae
1269 765 1464 808 episcopalis
1490 765 1646 797 ministris
1673 770 1701 797 et
1729 765 1874 797 officiali-

1135 818 1193 850 bus
1218 818 1482 861 quibuscumque,
1498 828 1582 850 nunc
1600 823 1631 850 et
1648 828 1706 860 pro
1726 823 1872 860 tempore

1134 871 1354 909 existentibus,
1381 871 1439 902 sub
1466 869 1807 903 excommunicationis
1830 871 1875 902 la-

1135 930 1184 956 tae
1210 924 1387 956 sententiae
1413 923 1483 966 ipso
1502 923 1583 955 sacto
1602 923 1721 966 absque
1741 923 1802 955 alia
1821 924 1874 955 de-

1134 976 1308 1009 claratione
1335 976 1558 1015 incurrendae,
1582 981 1613 1007 et
1638 975 1873 1018 indignationis

1135 1034 1274 1068 nostrae,
1297 1028 1431 1071 aliisque
1456 1033 1568 1060 nostro
1595 1033 1625 1060 et
1645 1039 1703 1071 pro
1726 1034 1873 1071 tempore

1135 1081 1340 1114 existentium
1367 1080 1582 1113 Romanorum
1616 1081 1806 1113 Pontificum
1827 1091 1876 1113 ar-

1135 1134 1232 1167 bitrio
1259 1133 1465 1177 imponendis
1495 1133 1618 1176 poenis,
1640 1143 1690 1172 ne,
1714 1134 1798 1166 dicto
1819 1134 1875 1165 be-

1135 1187 1299 1231 neplacito
1325 1187 1471 1224 durante,
1498 1197 1531 1218 se
1558 1196 1592 1218 se
1618 1186 1649 1218 in
1677 1186 1872 1226 visitatione,

1135 1240 1360 1278 correctione,
1388 1239 1630 1279 iurisdictione,
1655 1241 1730 1271 cura
1765 1245 1796 1271 et
1821 1250 1876 1282 gu-

1136 1293 1259 1332 bernio,
1287 1292 1526 1336 superioritate,
1546 1291 1646 1324 aliave
1673 1302 1875 1335 quacumque

1136 1352 1198 1378 tam
1216 1345 1379 1378 ordinaria
1393 1355 1488 1388 qnam
1503 1345 1649 1386 delegata
1666 1350 1826 1388 potestate
1846 1350 1878 1376 et

1135 1399 1326 1432 auctoritate
1363 1409 1461 1441 super
1496 1398 1674 1441 praefatam
1708 1398 1875 1430 ecclesiam

1134 1452 1164 1484 S.
1186 1452 1269 1484 Petri
1295 1451 1528 1489 Laudiveteris‚
1551 1450 1693 1494 aliasque
1719 1450 1875 1483 ecclesias

1135 1515 1192 1537 seu
1232 1505 1397 1547 cappellas
1437 1514 1454 1535 a
1495 1503 1638 1546 praefato
1678 1503 1876 1537 monasterio

1136 1557 1382 1601 quomodolibet
1412 1557 1646 1601 dependentes,
1672 1567 1707 1590 ac
1732 1557 1876 1589 oratoria

1136 1612 1221 1643 intra
1246 1610 1325 1643 fines
1344 1611 1485 1644 eiusdem
1503 1610 1698 1654 parochialis
1718 1610 1875 1643 ecclesiae

1136 1670 1168 1697 et
1201 1662 1388 1697 monasterii
1427 1664 1611 1696 huiusmodi
1639 1663 1816 1702 existentia,
1845 1669 1877 1695 et

1136 1717 1419 1750 confraternitates
1445 1717 1600 1749 laicorum
1624 1717 1654 1749 in
1674 1716 1719 1749 eis
1738 1722 1876 1756 erectas,

1135 1776 1190 1803 aut
1214 1770 1385 1809 electione,
1404 1770 1628 1813 deputatione,
1648 1769 1805 1808 examine,
1825 1780 1876 1812 ap-

1135 1823 1331 1867 probatione
1362 1822 1554 1856 vicariorum
1590 1833 1647 1855 seu
1679 1822 1877 1866 provicario-

1136 1887 1220 1916 rum,
1237 1877 1439 1918 aliorumque
1454 1875 1715 1918 presbyterorum
1729 1885 1786 1907 seu
1803 1885 1877 1918 cas-

1136 1931 1355 1973 pellanorum,
1376 1933 1430 1960 aut
1449 1928 1654 1968 clericorum,
1674 1927 1874 1971 aliorumque

1136 1982 1363 2015 ministrorum
1396 1986 1427 2014 et
1452 1981 1733 2020 concionatorum,
1753 1981 1874 2013 ibidem

1114 2035 1116 2083 ζ
1137 2047 1223 2069 nnnc
1249 2041 1281 2068 et
1305 2046 1364 2079 pro
1390 2041 1534 2078 tempore
1559 2045 1668 2068 curam
1694 2033 1873 2067 animarum

1136 2090 1188 2122 ac'
1211 2089 1318 2122 divina
1335 2088 1438 2121 officia
1465 2088 1607 2131 aliasque
1626 2088 1808 2121 functiones
1825 2098 1876 2121 ec-

1114 2139 1116 2147 ’
1136 2142 1330 2175 clesiasticas
1356 2147 1387 2174 et
1411 2141 1498 2174 verbi
1518 2141 1572 2174 Dei
1599 2140 1875 2184 praedicationem

1136 2195 1314 2239 respective
1345 2195 1533 2227 obeuntium
1558 2205 1614 2227 seu
1641 2194 1873 2233 exercentium,

1135 2249 1344 2291 ipsorumque
1374 2247 1641 2280 concionatorum
1673 2246 1876 2280 benedictio-

1136 2311 1184 2341 ne,
1210 2301 1348 2344 aliisque
1375 2300 1573 2344 quibuslibet
1597 2299 1721 2333 actibus
1746 2299 1876 2332 iurisdi-

1134 2354 1337 2394 cssonalihns,
1363 2364 1434 2387 sese
1473 2354 1540 2387 ullo
1569 2354 1665 2387 modo
1700 2353 1872 2396 ingerere,

1135 2413 1189 2440 aut
1205 2407 1462 2440 iurisdictionem
1481 2417 1714 2450 quamcumque
1739 2417 1795 2439 seu
1821 2417 1876 2439 au-

1135 2460 1314 2494 ctoritatem
1339 2465 1371 2494 et
1394 2465 1587 2504 potestatem
1619 2460 1715 2493 etiam
1747 2460 1876 2502 delega-

1136 2520 1199 2546 tam
1228 2513 1351 2547 ibidem
1382 2524 1436 2546 seu
1470 2519 1582 2546 contra
1607 2523 1763 2556 personas
1789 2523 1877 2555 prae·

1136 2567 1236 2599 dictas
1259 2577 1420 2606 exercere,
1445 2567 1587 2598 ullumve
1616 2571 1721 2598 actum
1750 2564 1877 2597 iurisdi-

1172 2630 1182 2655 1
1208 2628 1276 2655 Edit.
1298 2628 1376 2655 Main.
1398 2627 1462 2663 legit
1483 2627 1520 2653 cul
1536 2630 1572 2661 (n.
1589 2628 1637 2661 T.).

1768 229 1825 265 57²1
1876 239 1928 266 An.
1945 238 1973 267 C.
1996 238 2063 267 4675
