2279 3260
558 232 622 266 71⁶2
1102 244 1284 269 nuntiatum
1309 243 1462 269 nouauuu

600 296 691 338 dem,
725 296 903 332 Concbensi
936 298 1072 331 dioecesi
1107 297 1251 331 Clemens
1276 298 1339 331 VIII
1370 303 1401 331 et
1432 299 1549 332 Paulus
1580 299 1603 331 V
1634 299 1815 333 facultatem
1841 309 2050 340 concessere,

599 348 662 383 386
686 361 721 389 α;
747 350 891 384 eiusdem
916 351 1016 384 sancti
1035 350 1178 383 officium
1197 351 1339 384 extendit
1363 350 1506 385 Pontifex
1540 352 1578 385 ad
1605 353 1712 386 omnia
1734 353 1963 397 Hispaniarum
1995 363 2046 386 re-

601 413 674 446 gna,
704 403 779 436 ibid.
805 403 831 435 b.

511 456 726 489 iuramentum
752 457 845 499 quale
872 461 1039 489 teneantur
1064 461 1224 499 praestare
1248 457 1411 500 cappellae
1436 457 1621 492 Pontificiae
1642 459 1829 503 cappellani,
1857 459 1921 492 1⁶22
1947 459 1973 492 b.

512 509 620 542 Iurare
645 509 810 551 quomodo
835 509 972 541 debeant
997 508 1220 543 Cistercienscs
1246 509 1375 553 Hispani
1412 515 1584 553 antequam
1619 512 1657 544 ad
1690 512 1829 555 aliquam
1862 512 2050 546 electionem

599 561 723 595 abbatis
748 562 924 602 deveniant,
949 560 1013 594 ¹162
1038 562 1067 594 b.

1273 738 1294 770 L

509 878 631 911 Laelius
657 878 804 917 Ursinus,
830 879 905 912 Vico
931 878 1084 912 Varronis
1112 880 1269 924 pi‘iut·epS‚
1296 880 1360 914 256
1385 881 1411 912 b.

507 932 726 966 Laudiveteris
759 932 990 965 monasterium
1028 933 1163 977 collegio
1198 933 1386 968 Germanico
1422 933 1461 966 de
1487 933 1572 968 Urbe
1597 944 1753 967 annexum
1779 935 1849 967 ride
1877 934 2052 980 Collegium

597 985 834 1019 Germanicum.

509 1039 662 1071 Lauream
688 1038 883 1072 doctoralem
910 1043 1044 1082 possunt
1069 1039 1218 1073 fratribus
1243 1040 1291 1073 sui
1309 1039 1437 1074 Ordinis
1455 1041 1599 1073 conferre
1616 1040 1795 1084 superiores
1819 1041 1980 1084 generales
1997 1042 2053 1074 Mi-

599 1101 714 1124 norum
742 1091 1017 1131 Conventualium‚
1043 1091 1107 1125 313
1132 1104 1170 1133 α’,
1196 1092 1322 1126 Ordinis
1347 1092 1376 1125 S.
1403 1093 1492 1126 Pauli
1519 1094 1529 1126 1
1555 1094 1726 1134 Eremitae,
1742 1094 1785 1128 99
1810 1094 1846 1135 b;
1873 1095 2053 1129 Carmelita-

600 1155 689 1185 rum,
718 1143 782 1177 183
806 1144 843 1185 b;
869 1144 944 1178 item
968 1145 1091 1178 idoneis
1116 1145 1373 1190 quibuscumque
1408 1146 1628 1180 universitates
1666 1147 1800 1187 Urbini,
1826 1146 1890 1180 186
1915 1159 1935 1180 a
1959 1154 1989 1182 et
2014 1148 2050 1189 b;

597 1198 836 1238 Avenionensis,
863 1196 928 1231 280
952 1198 987 1239 b;
1014 1198 1241 1239 Maioricensis,
1267 1198 1332 1232 295
1358 1200 1374 1232 b
1400 1206 1431 1233 et
1455 1211 1530 1244 seq.;
1555 1200 1702 1240 Cesenae,
1730 1199 1794 1233 595
1819 1201 1847 1234 b.

509 1251 700 1285 Laurentius
724 1251 898 1285 Brancatus
924 1263 940 1285 a
966 1251 1100 1294 Laurea,
1127 1258 1319 1296 procurator
1342 1253 1500 1296 generalis
1526 1251 1654 1287 Ordinis
1679 1252 1710 1286 S.
1730 1252 1891 1287 Francisci
1909 1254 2051 1288 Conven-

598 1304 744 1345 tualium,
768 1304 833 1337 11⁶2
857 1316 888 1338 α.

509 1357 693 1392 Leodiensis
720 1357 857 1391 civitatis
881 1364 911 1392 et
936 1358 1092 1392 dioecesis
1117 1358 1274 1393 beneficia
1306 1358 1493 1393 conferendi
1519 1359 1653 1393 facultas
1677 1359 1903 1403 suspenditur,
1933 1371 1969 1394 ac
1992 1361 2052 1395 sub

597 1412 693 1445 certis
718 1411 957 1444 conditionibus
984 1412 1152 1456 suspensio
1178 1413 1351 1453 relaxatur,
1378 1412 1443 1446 430
1467 1423 1497 1446 α.

509 1465 689 1509 Leopoldus
714 1465 933 1498 Romanorum
959 1476 1013 1499 rex
1039 1466 1168 1499 illustris
1194 1466 1225 1499 in
1250 1467 1476 1511 imperatorem
1498 1469 1637 1508 electus,
1664 1465 1724 1500 601
1754 1478 1791 1508 α’,
1823 1468 1963 1510 postulat
1987 1479 2047 1512 pro

598 1517 835 1552 beatificatione
859 1518 1080 1552 novemdecim
1106 1525 1283 1565 martyrum
1308 1520 1597 1564 Gorgomiensium,
1622 1519 1700 1553 ibid.

510 1571 594 1605 Libri
620 1571 659 1604 ad
685 1572 869 1605 missionem
895 1578 1078 1616 spectantes
1104 1574 1155 1607 edi
1181 1584 1245 1607 non
1270 1581 1406 1618 possunt
1430 1575 1552 1617 absque
1572 1574 1700 1608 lieentia
1725 1573 1989 1617 Congregationis
2013 1573 2053 1607 de

598 1625 806 1669 Propaganda
832 1626 909 1659 Fide
942 1626 1002 1659 sub
1037 1628 1139 1670 poena
1170 1628 1513 1662 excommunicationis
1549 1629 1631 1662 latae
1667 1628 1843 1662 sententiae
1875 1633 2052 1662 reservatae

597 1679 713 1722 Papae,
740 1678 804 1712 393
830 1679 857 1712 b.

510 1731 649 1765 Litaniae
674 1731 727 1765 SS.
757 1732 902 1767 Nominis
927 1733 997 1767 Iesu
1022 1734 1231 1778 approbatae,
1257 1734 1321 1768 405
1346 1745 1378 1776 a3
1404 1735 1482 1769 item
1507 1735 1541 1769 B.
1569 1735 1609 1768 M.
1635 1735 1682 1776 V.‚
1708 1734 1785 1769 ibid.

509 1785 592 1819 Lites
618 1796 715 1829 super
739 1793 811 1819 taxa
842 1797 950 1820 rerum
983 1787 1021 1820 ad
1057 1787 1276 1831 pharmaciam
1307 1789 1521 1832 spectantium
1547 1789 1580 1822 in
1604 1789 1688 1823 Urbe
1720 1788 1874 1833 impensis
1900 1787 2052 1823 Gamerae

597 1839 665 1873 fieri
692 1839 819 1882 debent,
847 1840 911 1874 506
937 1852 956 1873 α
981 1846 1011 1874 ct
1033 1852 1095 1885 seq.

507 1892 645 1926 Litterae
670 1893 864 1936 apostolicae
889 1905 947 1937 pro
972 1894 1188 1937 conclavistis,
1216 1895 1367 1940 dapiferis
1385 1902 1415 1930 et
1435 1896 1631 1941 cappellanis
1657 1895 1757 1939 gratis
1783 1901 1858 1929 sunt
1882 1895 2052 1940 expedien-

596 1946 667 1986 dae,
693 1946 764 1980 vide
789 1947 1025 1988 Conclavistae,
1053 1954 1114 1982 etc.
1504 1982 1505 1985 ,

506 1999 698 2033 Litterarum
723 2001 973 2044 apostolicarum
999 2002 1220 2037 executionem
1248 2003 1460 2048 impedientes
1485 2003 1818 2042 excommunicantur,
1846 2001 1909 2035 173
1935 2002 1962 2035 b.

506 2053 708 2087 Lovaniensis
736 2054 951 2088 universitatis
976 2055 1138 2099 privilegia
1164 2057 1271 2100 quoad
1304 2056 1506 2090 collationem
1530 2055 1762 2090 beneficiorum
1788 2055 2049 2099 suspenduntur,

595 2112 627 2140 et
651 2102 723 2141 cum
749 2107 842 2141 certis
868 2108 1108 2142 conditionibus
1134 2110 1300 2154 suspensio
1325 2111 1498 2152 relaxatur,
1522 2109 1587 2144 430
1611 2120 1632 2142 α
1656 2115 1686 2143 et
1710 2119 1788 2152 seq„
1816 2108 1887 2142 vide
1917 2109 2050 2142 Univer-

596 2162 676 2194 sz'tas
701 2162 923 2195 Lovam‘ensrs.

506 2214 609 2247 Lucae
633 2214 695 2257 (S.)
720 2214 883 2248 academia
908 2214 1079 2259 pictorum,
1106 2216 1351 2250 confraternitas
1376 2222 1407 2250 et
1432 2215 1577 2257 ecclesia,
1601 2215 1643 2248 62
1668 2216 1696 2248 b.

506 2267 666 2301 Ludovica
691 2268 755 2311 (B.)
780 2268 965 2302 Albertonia
989 2269 1053 2303 158
1078 2280 1116 2311 a;
1142 2272 1246 2303 cultus
1271 2271 1309 2303 ab
1335 2269 1582 2303 immemorabili
1614 2269 1658 2302 illi
1682 2268 1843 2302 exhibitus
1872 2268 2048 2312 probatur,

594 2331 719 2355 necnon
744 2322 783 2355 de
808 2332 884 2355 casu
910 2333 926 2355 a
951 2323 1086 2356 decretis
1124 2323 1243 2357 Urbani
1275 2323 1341 2356 VIII
1378 2328 1510 2366 excepto
1545 2328 1689 2356 constare
1721 2321 1918 2363 declaratur,
1946 2321 2048 2362 ibid.;

596 2374 695 2418 ipsius
720 2374 864 2408 officium
889 2381 920 2410 et
945 2376 1072 2409 missam
1099 2377 1223 2410 recitari
1248 2383 1279 2411 et
1303 2376 1456 2411 celebrari
1481 2386 1574 2421 posse
1599 2376 1694 2410 etiam
1713 2387 1730 2408 a
1751 2374 1987 2409 confluentibus
2010 2374 2050 2409 ad

593 2428 761 2462 ecclesiam
781 2428 812 2462 S.
842 2429 1003 2463 Francisci
1030 2430 1068 2462 ad
1095 2430 1207 2474 Ripam
1232 2430 1427 2473 indulgetur,
1452 2430 1529 2463 ibid.
1555 2430 1582 2462 b.

505 2480 684 2515 Ludovicus
708 2481 770 2525 (S.)
796 2482 989 2516 Bertrandus
1014 2483 1140 2517 Ordinis
1165 2484 1424 2517 praedicatorum
1441 2511 1448 2524 ‚
1473 2483 1539 2517 215
1564 2484 1598 2523 b,
1623 2489 1717 2517 natus
1749 2488 1794 2517 est
1828 2481 1986 2517 Valentiae
2017 2481 2050 2515 in
2089 2496 2093 2501 ·

593 2534 745 2579 Hispania
770 2535 913 2569 honestis
938 2537 1123 2580 parentibus
1148 2538 1200 2571 die
1224 2537 1327 2582 prima
1352 2537 1489 2571 ianuarii
1514 2547 1611 2578 uovr,
1635 2536 1700 2571 216
1725 2536 1760 2577 b·,
1786 2535 1899 2570 Ordini
1922 2535 2050 2569 Praedi-

594 2595 737 2623 catorum
762 2589 794 2622 in
819 2590 988 2624 Valentino
1013 2598 1172 2625 conventu
1200 2601 1319 2625 nomen
1348 2590 1448 2633 dedit,
1471 2590 1534 2624 217
1561 2591 1598 2633 b3
1629 2590 1719 2635 prior
1743 2590 1881 2631 electus,
1906 2589 1982 2622 ibid.
2008 2588 2048 2631 b;

594 2642 698 2677 dicere
722 2642 843 2678 solebat
867 2643 1055 2688 religiosum
1080 2644 1196 2679 debere
1220 2655 1370 2689 spernere
1388 2655 1431 2687 se,
1448 2655 1598 2689 spernere
1625 2644 1765 2687 nullum,
1791 2653 1940 2689 spernere
1956 2652 2050 2678 mun-
