<?xml version="1.0" encoding="UTF-8"?>
<!DOCTYPE html PUBLIC "-//W3C//DTD XHTML 1.0 Transitional//EN"
    "http://www.w3.org/TR/xhtml1/DTD/xhtml1-transitional.dtd">
<html xmlns="http://www.w3.org/1999/xhtml" xml:lang="en" lang="en">
 <head>
  <title>
</title>
<meta http-equiv="Content-Type" content="text/html;charset=utf-8" />
  <meta name='ocr-system' content='tesseract 3.04.00' />
  <meta name='ocr-capabilities' content='ocr_page ocr_carea ocr_par ocr_line ocrx_word'/>
</head>
<body>
  <div class='ocr_page' id='page_1' title='image "./bullarumdiplomat18cath_0301.png"; bbox 0 0 2279 3260; ppageno 0'>
   <div class='ocr_carea' id='block_1_1' title="bbox 145 226 327 255">
    <p class='ocr_par' dir='ltr' id='par_1_1' title="bbox 145 226 327 255">
     <span class='ocr_line' id='line_1_1' title="bbox 145 226 327 255; baseline 0.011 -2"><span class='ocrx_word' id='word_1_1' title='bbox 145 226 195 253; x_wconf 80' lang='lat' dir='ltr'>An.</span> <span class='ocrx_word' id='word_1_2' title='bbox 212 226 240 253; x_wconf 92' lang='lat' dir='ltr'>C.</span> <span class='ocrx_word' id='word_1_3' title='bbox 264 227 327 255; x_wconf 79' lang='lat'>¹671</span> 
     </span>
    </p>
   </div>
   <div class='ocr_carea' id='block_1_2' title="bbox 145 2396 327 2445">
    <p class='ocr_par' dir='ltr' id='par_1_2' title="bbox 145 2396 327 2445">
     <span class='ocr_line' id='line_1_2' title="bbox 180 2396 327 2417; baseline 0 0"><span class='ocrx_word' id='word_1_4' title='bbox 180 2396 282 2417; x_wconf 70' lang='lat' dir='ltr'>Concedit</span> <span class='ocrx_word' id='word_1_5' title='bbox 307 2398 327 2417; x_wconf 84' lang='lat' dir='ltr'>ut</span> 
     </span>
     <span class='ocr_line' id='line_1_3' title="bbox 145 2423 275 2445; baseline 0 -1"><span class='ocrx_word' id='word_1_6' title='bbox 145 2423 166 2444; x_wconf 87' lang='lat' dir='ltr'>in</span> <span class='ocrx_word' id='word_1_7' title='bbox 181 2424 275 2445; x_wconf 78' lang='lat' dir='ltr'>ruhi-ica.</span> 
     </span>
    </p>
   </div>
   <div class='ocr_carea' id='block_1_3' title="bbox 339 230 1218 321">
    <p class='ocr_par' dir='ltr' id='par_1_3' title="bbox 339 230 1218 321">
     <span class='ocr_line' id='line_1_4' title="bbox 965 230 1218 254; baseline 0 -1"><span class='ocrx_word' id='word_1_8' title='bbox 965 230 1106 253; x_wconf 66' lang='lat' dir='ltr'>erminus</span> <span class='ocrx_word' id='word_1_9' title='bbox 1128 231 1146 254; x_wconf 78' lang='lat' dir='ltr'>x</span> <span class='ocrx_word' id='word_1_10' title='bbox 1171 231 1218 253; x_wconf 75' lang='lat' dir='ltr'>rr.</span> 
     </span>
     <span class='ocr_line' id='line_1_5' title="bbox 339 277 1098 321; baseline 0 -12"><span class='ocrx_word' id='word_1_11' title='bbox 339 277 445 310; x_wconf 89' lang='lat' dir='ltr'>missis</span> <span class='ocrx_word' id='word_1_12' title='bbox 469 288 528 321; x_wconf 88' lang='lat' dir='ltr'>per</span> <span class='ocrx_word' id='word_1_13' title='bbox 552 288 773 320; x_wconf 81' lang='lat' dir='ltr'>quoscumque</span> <span class='ocrx_word' id='word_1_14' title='bbox 799 278 923 310; x_wconf 82' lang='lat' dir='ltr'>iudices</span> <span class='ocrx_word' id='word_1_15' title='bbox 949 278 1077 310; x_wconf 84' lang='lat' dir='ltr'>ordiua-</span> <span class='ocrx_word' id='word_1_16' title='bbox 1097 282 1098 288; x_wconf 63' lang='lat'>¹</span> 
     </span>
    </p>
   </div>
   <div class='ocr_carea' id='block_1_4' title="bbox 336 330 1079 1164">
    <p class='ocr_par' dir='ltr' id='par_1_4' title="bbox 336 330 1079 1164">
     <span class='ocr_line' id='line_1_6' title="bbox 340 330 1076 374; baseline 0.001 -12"><span class='ocrx_word' id='word_1_17' title='bbox 340 330 406 362; x_wconf 86' lang='lat' dir='ltr'>rios</span> <span class='ocrx_word' id='word_1_18' title='bbox 430 335 462 363; x_wconf 88' lang='lat' dir='ltr'>et</span> <span class='ocrx_word' id='word_1_19' title='bbox 486 331 650 373; x_wconf 80' lang='lat' dir='ltr'>delegatos</span> <span class='ocrx_word' id='word_1_20' title='bbox 668 331 763 363; x_wconf 85' lang='lat' dir='ltr'>etiam</span> <span class='ocrx_word' id='word_1_21' title='bbox 783 342 946 363; x_wconf 84' lang='lat' dir='ltr'>causarum</span> <span class='ocrx_word' id='word_1_22' title='bbox 968 331 1076 374; x_wconf 84' lang='lat' dir='ltr'>palatii</span> 
     </span>
     <span class='ocr_line' id='line_1_7' title="bbox 340 383 1078 426; baseline 0 -11"><span class='ocrx_word' id='word_1_23' title='bbox 340 383 507 426; x_wconf 87' lang='lat' dir='ltr'>apostolici</span> <span class='ocrx_word' id='word_1_24' title='bbox 528 384 701 423; x_wconf 81' lang='lat' dir='ltr'>auditores,</span> <span class='ocrx_word' id='word_1_25' title='bbox 729 395 766 416; x_wconf 86' lang='lat' dir='ltr'>ac</span> <span class='ocrx_word' id='word_1_26' title='bbox 791 384 821 416; x_wconf 83' lang='lat' dir='ltr'>S.</span> <span class='ocrx_word' id='word_1_27' title='bbox 852 384 887 416; x_wconf 80' lang='lat' dir='ltr'>Il.</span> <span class='ocrx_word' id='word_1_28' title='bbox 916 384 949 416; x_wconf 78' lang='lat' dir='ltr'>E.</span> <span class='ocrx_word' id='word_1_29' title='bbox 974 385 1078 416; x_wconf 75' lang='lat' dir='ltr'>cardi-</span> 
     </span>
     <span class='ocr_line' id='line_1_8' title="bbox 340 436 1076 479; baseline -0.003 -11"><span class='ocrx_word' id='word_1_30' title='bbox 340 437 428 468; x_wconf 88' lang='lat' dir='ltr'>nales</span> <span class='ocrx_word' id='word_1_31' title='bbox 462 436 500 468; x_wconf 87' lang='lat' dir='ltr'>de</span> <span class='ocrx_word' id='word_1_32' title='bbox 532 436 633 468; x_wconf 85' lang='lat' dir='ltr'>latere</span> <span class='ocrx_word' id='word_1_33' title='bbox 664 437 789 478; x_wconf 80' lang='lat' dir='ltr'>legatos</span> <span class='ocrx_word' id='word_1_34' title='bbox 815 442 847 468; x_wconf 88' lang='lat' dir='ltr'>et</span> <span class='ocrx_word' id='word_1_35' title='bbox 872 437 1076 479; x_wconf 66' lang='lat' dir='ltr'>Altiostolieae</span> 
     </span>
     <span class='ocr_line' id='line_1_9' title="bbox 339 488 1078 531; baseline -0.001 -11"><span class='ocrx_word' id='word_1_36' title='bbox 339 488 429 520; x_wconf 84' lang='lat' dir='ltr'>Sedis</span> <span class='ocrx_word' id='word_1_37' title='bbox 454 488 638 531; x_wconf 80' lang='lat' dir='ltr'>praedictae</span> <span class='ocrx_word' id='word_1_38' title='bbox 664 489 815 529; x_wconf 81' lang='lat' dir='ltr'>nuncios,</span> <span class='ocrx_word' id='word_1_39' title='bbox 835 490 959 521; x_wconf 74' lang='lat' dir='ltr'>sublata</span> <span class='ocrx_word' id='word_1_40' title='bbox 985 488 1029 520; x_wconf 81' lang='lat' dir='ltr'>eis</span> <span class='ocrx_word' id='word_1_41' title='bbox 1048 494 1078 519; x_wconf 80' lang='lat' dir='ltr'>et</span> 
     </span>
     <span class='ocr_line' id='line_1_10' title="bbox 340 541 1078 584; baseline -0.003 -10"><span class='ocrx_word' id='word_1_42' title='bbox 340 552 451 574; x_wconf 86' lang='lat' dir='ltr'>eorum</span> <span class='ocrx_word' id='word_1_43' title='bbox 473 541 607 574; x_wconf 90' lang='lat' dir='ltr'>cuilibet</span> <span class='ocrx_word' id='word_1_44' title='bbox 630 542 740 584; x_wconf 79' lang='lat' dir='ltr'>quavis</span> <span class='ocrx_word' id='word_1_45' title='bbox 760 542 853 574; x_wconf 76' lang='lat' dir='ltr'>aliter</span> <span class='ocrx_word' id='word_1_46' title='bbox 869 542 1030 574; x_wconf 68' lang='lat' dir='ltr'>iudiczmdi</span> <span class='ocrx_word' id='word_1_47' title='bbox 1048 547 1078 573; x_wconf 86' lang='lat' dir='ltr'>et</span> 
     </span>
     <span class='ocr_line' id='line_1_11' title="bbox 339 594 1078 637; baseline 0.001 -12"><span class='ocrx_word' id='word_1_48' title='bbox 339 594 572 637; x_wconf 84' lang='lat' dir='ltr'>interpretandi</span> <span class='ocrx_word' id='word_1_49' title='bbox 599 595 746 626; x_wconf 79' lang='lat' dir='ltr'>facultate</span> <span class='ocrx_word' id='word_1_50' title='bbox 765 600 795 626; x_wconf 80' lang='lat' dir='ltr'>et</span> <span class='ocrx_word' id='word_1_51' title='bbox 812 595 1014 634; x_wconf 84' lang='lat' dir='ltr'>auctoritate,</span> <span class='ocrx_word' id='word_1_52' title='bbox 1033 595 1078 626; x_wconf 92' lang='lat' dir='ltr'>iu-</span> 
     </span>
     <span class='ocr_line' id='line_1_12' title="bbox 338 646 1079 686; baseline 0.003 -9"><span class='ocrx_word' id='word_1_53' title='bbox 338 647 435 679; x_wconf 84' lang='lat' dir='ltr'>dicari</span> <span class='ocrx_word' id='word_1_54' title='bbox 461 652 493 679; x_wconf 87' lang='lat' dir='ltr'>et</span> <span class='ocrx_word' id='word_1_55' title='bbox 517 646 640 679; x_wconf 77' lang='lat' dir='ltr'>definiri</span> <span class='ocrx_word' id='word_1_56' title='bbox 668 647 806 686; x_wconf 81' lang='lat' dir='ltr'>debere,</span> <span class='ocrx_word' id='word_1_57' title='bbox 842 658 876 679; x_wconf 86' lang='lat' dir='ltr'>ac</span> <span class='ocrx_word' id='word_1_58' title='bbox 901 647 1022 679; x_wconf 86' lang='lat' dir='ltr'>irritum</span> <span class='ocrx_word' id='word_1_59' title='bbox 1047 653 1079 679; x_wconf 78' lang='lat' dir='ltr'>et</span> 
     </span>
     <span class='ocr_line' id='line_1_13' title="bbox 338 699 1078 743; baseline 0.003 -13"><span class='ocrx_word' id='word_1_60' title='bbox 338 699 444 738; x_wconf 85' lang='lat' dir='ltr'>inane,</span> <span class='ocrx_word' id='word_1_61' title='bbox 459 700 483 731; x_wconf 90' lang='lat' dir='ltr'>si</span> <span class='ocrx_word' id='word_1_62' title='bbox 502 710 594 732; x_wconf 82' lang='lat' dir='ltr'>secus</span> <span class='ocrx_word' id='word_1_63' title='bbox 609 709 706 742; x_wconf 82' lang='lat' dir='ltr'>super</span> <span class='ocrx_word' id='word_1_64' title='bbox 722 700 771 732; x_wconf 87' lang='lat' dir='ltr'>his</span> <span class='ocrx_word' id='word_1_65' title='bbox 787 712 803 732; x_wconf 91' lang='lat' dir='ltr'>a</span> <span class='ocrx_word' id='word_1_66' title='bbox 817 711 987 743; x_wconf 84' lang='lat' dir='ltr'>quoquam,</span> <span class='ocrx_word' id='word_1_67' title='bbox 1003 711 1078 743; x_wconf 87' lang='lat' dir='ltr'>qua-</span> 
     </span>
     <span class='ocr_line' id='line_1_14' title="bbox 336 751 1076 795; baseline 0.001 -12"><span class='ocrx_word' id='word_1_68' title='bbox 336 751 382 783; x_wconf 73' lang='lat' dir='ltr'>vis</span> <span class='ocrx_word' id='word_1_69' title='bbox 406 751 608 792; x_wconf 80' lang='lat' dir='ltr'>auctoritate,</span> <span class='ocrx_word' id='word_1_70' title='bbox 635 752 777 784; x_wconf 78' lang='lat' dir='ltr'>scienter</span> <span class='ocrx_word' id='word_1_71' title='bbox 800 754 849 785; x_wconf 80' lang='lat' dir='ltr'>vel</span> <span class='ocrx_word' id='word_1_72' title='bbox 880 752 1076 795; x_wconf 72' lang='lat' dir='ltr'>ignoranter,</span> 
     </span>
     <span class='ocr_line' id='line_1_15' title="bbox 337 805 1078 848; baseline 0 -11"><span class='ocrx_word' id='word_1_73' title='bbox 337 805 510 847; x_wconf 75' lang='lat' dir='ltr'>contigerit</span> <span class='ocrx_word' id='word_1_74' title='bbox 527 805 688 837; x_wconf 82' lang='lat' dir='ltr'>attentari.</span> <span class='ocrx_word' id='word_1_75' title='bbox 705 805 772 838; x_wconf 77' lang='lat' dir='ltr'>Non</span> <span class='ocrx_word' id='word_1_76' title='bbox 787 806 987 845; x_wconf 57' lang='lat' dir='ltr'>obstantil‘nis</span> <span class='ocrx_word' id='word_1_77' title='bbox 1001 816 1078 848; x_wconf 89' lang='lat' dir='ltr'>apo-</span> 
     </span>
     <span class='ocr_line' id='line_1_16' title="bbox 336 858 1077 901; baseline 0 -11"><span class='ocrx_word' id='word_1_78' title='bbox 336 858 476 895; x_wconf 76' lang='lat' dir='ltr'>stolicis,</span> <span class='ocrx_word' id='word_1_79' title='bbox 504 869 540 890; x_wconf 87' lang='lat' dir='ltr'>ac</span> <span class='ocrx_word' id='word_1_80' title='bbox 566 858 597 889; x_wconf 94' lang='lat' dir='ltr'>in</span> <span class='ocrx_word' id='word_1_81' title='bbox 620 859 853 890; x_wconf 84' lang='lat' dir='ltr'>universalibus</span> <span class='ocrx_word' id='word_1_82' title='bbox 874 858 1077 901; x_wconf 62' lang='lat' dir='ltr'>provinciali-</span> 
     </span>
     <span class='ocr_line' id='line_1_17' title="bbox 337 911 1073 954; baseline 0 -12"><span class='ocrx_word' id='word_1_83' title='bbox 337 911 462 954; x_wconf 86' lang='lat' dir='ltr'>busque</span> <span class='ocrx_word' id='word_1_84' title='bbox 493 916 524 943; x_wconf 90' lang='lat' dir='ltr'>et</span> <span class='ocrx_word' id='word_1_85' title='bbox 557 911 764 953; x_wconf 68' lang='lat' dir='ltr'>synodalibus</span> <span class='ocrx_word' id='word_1_86' title='bbox 790 911 936 943; x_wconf 86' lang='lat' dir='ltr'>conciliis</span> <span class='ocrx_word' id='word_1_87' title='bbox 963 911 1073 949; x_wconf 87' lang='lat' dir='ltr'>editis,</span> 
     </span>
     <span class='ocr_line' id='line_1_18' title="bbox 338 963 1076 1006; baseline -0.001 -11"><span class='ocrx_word' id='word_1_88' title='bbox 338 963 543 1005; x_wconf 79' lang='lat' dir='ltr'>generalibus</span> <span class='ocrx_word' id='word_1_89' title='bbox 558 964 607 995; x_wconf 83' lang='lat' dir='ltr'>vel</span> <span class='ocrx_word' id='word_1_90' title='bbox 623 963 826 1006; x_wconf 65' lang='lat' dir='ltr'>specialibus,</span> <span class='ocrx_word' id='word_1_91' title='bbox 838 963 1076 995; x_wconf 84' lang='lat' dir='ltr'>constitutioni-</span> 
     </span>
     <span class='ocr_line' id='line_1_19' title="bbox 336 1015 1075 1058; baseline 0.001 -12"><span class='ocrx_word' id='word_1_92' title='bbox 336 1015 396 1047; x_wconf 90' lang='lat' dir='ltr'>bus</span> <span class='ocrx_word' id='word_1_93' title='bbox 421 1020 453 1048; x_wconf 87' lang='lat' dir='ltr'>et</span> <span class='ocrx_word' id='word_1_94' title='bbox 477 1015 746 1055; x_wconf 44' lang='lat' dir='ltr'>ordinationibus</span> <span class='ocrx_word' id='word_1_95' title='bbox 767 1026 901 1054; x_wconf 79' lang='lat' dir='ltr'>necnon,</span> <span class='ocrx_word' id='word_1_96' title='bbox 918 1020 1075 1058; x_wconf 86' lang='lat' dir='ltr'>quatenus</span> 
     </span>
     <span class='ocr_line' id='line_1_20' title="bbox 337 1068 1077 1111; baseline 0.001 -12"><span class='ocrx_word' id='word_1_97' title='bbox 337 1079 418 1111; x_wconf 86' lang='lat' dir='ltr'>opus</span> <span class='ocrx_word' id='word_1_98' title='bbox 433 1068 481 1108; x_wconf 82' lang='lat' dir='ltr'>sit,</span> <span class='ocrx_word' id='word_1_99' title='bbox 500 1068 674 1111; x_wconf 80' lang='lat' dir='ltr'>quibusvis,</span> <span class='ocrx_word' id='word_1_100' title='bbox 691 1068 787 1100; x_wconf 80' lang='lat' dir='ltr'>etiam</span> <span class='ocrx_word' id='word_1_101' title='bbox 800 1068 990 1107; x_wconf 87' lang='lat' dir='ltr'>iuramento,</span> <span class='ocrx_word' id='word_1_102' title='bbox 1004 1079 1077 1101; x_wconf 90' lang='lat' dir='ltr'>con-</span> 
     </span>
     <span class='ocr_line' id='line_1_21' title="bbox 336 1120 1075 1164; baseline 0.003 -12"><span class='ocrx_word' id='word_1_103' title='bbox 336 1120 518 1153; x_wconf 79' lang='lat' dir='ltr'>firmatione</span> <span class='ocrx_word' id='word_1_104' title='bbox 536 1121 721 1163; x_wconf 76' lang='lat' dir='ltr'>apostolica,</span> <span class='ocrx_word' id='word_1_105' title='bbox 735 1122 782 1154; x_wconf 84' lang='lat' dir='ltr'>vel</span> <span class='ocrx_word' id='word_1_106' title='bbox 797 1122 907 1164; x_wconf 74' lang='lat' dir='ltr'>(pravis</span> <span class='ocrx_word' id='word_1_107' title='bbox 924 1121 1075 1154; x_wconf 77' lang='lat' dir='ltr'>firmitate</span> 
     </span>
    </p>
   </div>
   <div class='ocr_carea' id='block_1_5' title="bbox 338 1175 1097 1214">
    <p class='ocr_par' dir='ltr' id='par_1_5' title="bbox 338 1175 1097 1214">
     <span class='ocr_line' id='line_1_22' title="bbox 338 1175 1097 1214; baseline -0.001 -7"><span class='ocrx_word' id='word_1_108' title='bbox 338 1175 399 1207; x_wconf 67' lang='lat' dir='ltr'>alia</span> <span class='ocrx_word' id='word_1_109' title='bbox 424 1175 602 1214; x_wconf 83' lang='lat' dir='ltr'>roboratis,</span> <span class='ocrx_word' id='word_1_110' title='bbox 630 1175 758 1207; x_wconf 87' lang='lat' dir='ltr'>statutis</span> <span class='ocrx_word' id='word_1_111' title='bbox 783 1180 813 1207; x_wconf 82' lang='lat' dir='ltr'>et</span> <span class='ocrx_word' id='word_1_112' title='bbox 837 1175 1097 1207; x_wconf 65' lang='lat' dir='ltr'>consuetudini-1</span> 
     </span>
    </p>
   </div>
   <div class='ocr_carea' id='block_1_6' title="bbox 337 1227 1077 1376">
    <p class='ocr_par' dir='ltr' id='par_1_6' title="bbox 337 1227 1077 1376">
     <span class='ocr_line' id='line_1_23' title="bbox 337 1227 1076 1271; baseline 0 -11"><span class='ocrx_word' id='word_1_113' title='bbox 337 1229 410 1267; x_wconf 91' lang='lat' dir='ltr'>bus,</span> <span class='ocrx_word' id='word_1_114' title='bbox 429 1227 606 1271; x_wconf 76' lang='lat' dir='ltr'>privilegiis</span> <span class='ocrx_word' id='word_1_115' title='bbox 632 1239 773 1270; x_wconf 83' lang='lat' dir='ltr'>quoque,</span> <span class='ocrx_word' id='word_1_116' title='bbox 791 1228 923 1260; x_wconf 88' lang='lat' dir='ltr'>indultis</span> <span class='ocrx_word' id='word_1_117' title='bbox 945 1234 976 1260; x_wconf 90' lang='lat' dir='ltr'>et</span> <span class='ocrx_word' id='word_1_118' title='bbox 994 1228 1076 1261; x_wconf 87' lang='lat' dir='ltr'>litte-</span> 
     </span>
     <span class='ocr_line' id='line_1_24' title="bbox 338 1280 1077 1324; baseline 0.001 -12"><span class='ocrx_word' id='word_1_119' title='bbox 338 1281 382 1312; x_wconf 86' lang='lat' dir='ltr'>ris</span> <span class='ocrx_word' id='word_1_120' title='bbox 398 1280 588 1323; x_wconf 77' lang='lat' dir='ltr'>apostolicis</span> <span class='ocrx_word' id='word_1_121' title='bbox 613 1281 644 1312; x_wconf 90' lang='lat' dir='ltr'>in</span> <span class='ocrx_word' id='word_1_122' title='bbox 667 1281 867 1313; x_wconf 82' lang='lat' dir='ltr'>contrarium</span> <span class='ocrx_word' id='word_1_123' title='bbox 885 1282 1077 1324; x_wconf 82' lang='lat' dir='ltr'>praemisso-</span> 
     </span>
     <span class='ocr_line' id='line_1_25' title="bbox 338 1334 1077 1376; baseline 0.003 -11"><span class='ocrx_word' id='word_1_124' title='bbox 338 1344 407 1365; x_wconf 90' lang='lat' dir='ltr'>rum</span> <span class='ocrx_word' id='word_1_125' title='bbox 426 1334 674 1376; x_wconf 69' lang='lat' dir='ltr'>quomodolibet</span> <span class='ocrx_word' id='word_1_126' title='bbox 687 1334 862 1373; x_wconf 70' lang='lat' dir='ltr'>concessis,</span> <span class='ocrx_word' id='word_1_127' title='bbox 882 1334 1077 1367; x_wconf 78' lang='lat' dir='ltr'>confirmatis</span> 
     </span>
    </p>
   </div>
   <div class='ocr_carea' id='block_1_7' title="bbox 338 1386 1099 1483">
    <p class='ocr_par' dir='ltr' id='par_1_7' title="bbox 338 1386 1099 1483">
     <span class='ocr_line' id='line_1_26' title="bbox 339 1386 1099 1434; baseline 0.003 -17"><span class='ocrx_word' id='word_1_128' title='bbox 339 1386 558 1426; x_wconf 76' lang='lat' dir='ltr'>etinnovatis3</span> <span class='ocrx_word' id='word_1_129' title='bbox 578 1386 695 1429; x_wconf 84' lang='lat' dir='ltr'>quibus</span> <span class='ocrx_word' id='word_1_130' title='bbox 715 1387 864 1419; x_wconf 84' lang='lat' dir='ltr'>omnibus</span> <span class='ocrx_word' id='word_1_131' title='bbox 883 1392 914 1420; x_wconf 87' lang='lat' dir='ltr'>et</span> <span class='ocrx_word' id='word_1_132' title='bbox 930 1388 1076 1430; x_wconf 72' lang='lat' dir='ltr'>singulis,</span> <span class='ocrx_word' id='word_1_133' title='bbox 1098 1429 1099 1434; x_wconf 17' lang='grc'>1</span> 
     </span>
     <span class='ocr_line' id='line_1_27' title="bbox 338 1438 1099 1483; baseline 0.004 -13"><span class='ocrx_word' id='word_1_134' title='bbox 338 1438 469 1471; x_wconf 89' lang='lat' dir='ltr'>illorum</span> <span class='ocrx_word' id='word_1_135' title='bbox 495 1444 624 1472; x_wconf 88' lang='lat' dir='ltr'>tenores</span> <span class='ocrx_word' id='word_1_136' title='bbox 649 1440 870 1482; x_wconf 64' lang='lat' dir='ltr'>przutsentibus</span> <span class='ocrx_word' id='word_1_137' title='bbox 896 1451 955 1483; x_wconf 88' lang='lat' dir='ltr'>pro</span> <span class='ocrx_word' id='word_1_138' title='bbox 982 1442 1076 1483; x_wconf 86' lang='lat' dir='ltr'>plene</span> <span class='ocrx_word' id='word_1_139' title='bbox 1098 1455 1099 1458; x_wconf 48' lang='lat'>¹</span> 
     </span>
    </p>
   </div>
   <div class='ocr_carea' id='block_1_8' title="bbox 338 1491 1073 1535">
    <p class='ocr_par' dir='ltr' id='par_1_8' title="bbox 338 1491 1073 1535">
     <span class='ocr_line' id='line_1_28' title="bbox 338 1491 1073 1535; baseline 0.004 -13"><span class='ocrx_word' id='word_1_140' title='bbox 338 1497 369 1523; x_wconf 82' lang='lat' dir='ltr'>et</span> <span class='ocrx_word' id='word_1_141' title='bbox 393 1491 588 1524; x_wconf 82' lang='lat' dir='ltr'>sufficienter</span> <span class='ocrx_word' id='word_1_142' title='bbox 613 1493 773 1535; x_wconf 79' lang='lat' dir='ltr'>expressis</span> <span class='ocrx_word' id='word_1_143' title='bbox 803 1498 834 1525; x_wconf 87' lang='lat' dir='ltr'>et</span> <span class='ocrx_word' id='word_1_144' title='bbox 858 1493 986 1526; x_wconf 84' lang='lat' dir='ltr'>insertis</span> <span class='ocrx_word' id='word_1_145' title='bbox 1015 1494 1073 1525; x_wconf 86' lang='lat' dir='ltr'>ha-</span> 
     </span>
    </p>
   </div>
   <div class='ocr_carea' id='block_1_9' title="bbox 338 1543 1099 1589">
    <p class='ocr_par' dir='ltr' id='par_1_9' title="bbox 338 1543 1099 1589">
     <span class='ocr_line' id='line_1_29' title="bbox 338 1543 1099 1589; baseline 0.004 -14"><span class='ocrx_word' id='word_1_146' title='bbox 338 1543 465 1584; x_wconf 87' lang='lat' dir='ltr'>bentes,</span> <span class='ocrx_word' id='word_1_147' title='bbox 484 1544 548 1576; x_wconf 85' lang='lat' dir='ltr'>illis</span> <span class='ocrx_word' id='word_1_148' title='bbox 570 1544 648 1576; x_wconf 75' lang='lat' dir='ltr'>alias</span> <span class='ocrx_word' id='word_1_149' title='bbox 666 1544 698 1576; x_wconf 93' lang='lat' dir='ltr'>in</span> <span class='ocrx_word' id='word_1_150' title='bbox 716 1556 775 1577; x_wconf 87' lang='lat' dir='ltr'>suo</span> <span class='ocrx_word' id='word_1_151' title='bbox 794 1546 909 1578; x_wconf 83' lang='lat' dir='ltr'>robore</span> <span class='ocrx_word' id='word_1_152' title='bbox 927 1557 1078 1589; x_wconf 88' lang='lat' dir='ltr'>perman·</span> <span class='ocrx_word' id='word_1_153' title='bbox 1098 1570 1099 1582; x_wconf 38' lang='lat'>³</span> 
     </span>
    </p>
   </div>
   <div class='ocr_carea' id='block_1_10' title="bbox 338 1596 1078 2209">
    <p class='ocr_par' dir='ltr' id='par_1_10' title="bbox 338 1596 1078 2209">
     <span class='ocr_line' id='line_1_30' title="bbox 339 1596 1077 1640; baseline 0.004 -12"><span class='ocrx_word' id='word_1_154' title='bbox 339 1596 435 1637; x_wconf 84' lang='lat' dir='ltr'>suris,</span> <span class='ocrx_word' id='word_1_155' title='bbox 445 1596 484 1629; x_wconf 83' lang='lat' dir='ltr'>ad</span> <span class='ocrx_word' id='word_1_156' title='bbox 498 1597 750 1640; x_wconf 84' lang='lat' dir='ltr'>praemissorum</span> <span class='ocrx_word' id='word_1_157' title='bbox 764 1598 919 1639; x_wconf 83' lang='lat' dir='ltr'>ell&#39;ectum,</span> <span class='ocrx_word' id='word_1_158' title='bbox 935 1599 995 1631; x_wconf 80' lang='lat' dir='ltr'>liae</span> <span class='ocrx_word' id='word_1_159' title='bbox 1009 1599 1077 1631; x_wconf 86' lang='lat' dir='ltr'>vice</span> 
     </span>
     <span class='ocr_line' id='line_1_31' title="bbox 340 1649 1077 1694; baseline 0.004 -13"><span class='ocrx_word' id='word_1_160' title='bbox 340 1649 510 1688; x_wconf 77' lang='lat' dir='ltr'>dumtaxat,</span> <span class='ocrx_word' id='word_1_161' title='bbox 529 1650 714 1692; x_wconf 73' lang='lat' dir='ltr'>specialiter</span> <span class='ocrx_word' id='word_1_162' title='bbox 730 1656 762 1682; x_wconf 79' lang='lat' dir='ltr'>et</span> <span class='ocrx_word' id='word_1_163' title='bbox 775 1661 926 1693; x_wconf 79' lang='lat' dir='ltr'>expresse</span> <span class='ocrx_word' id='word_1_164' title='bbox 941 1652 1077 1694; x_wconf 78' lang='lat' dir='ltr'>deroga-</span> 
     </span>
     <span class='ocr_line' id='line_1_32' title="bbox 339 1701 1078 1746; baseline 0.005 -13"><span class='ocrx_word' id='word_1_165' title='bbox 339 1712 433 1741; x_wconf 85' lang='lat' dir='ltr'>mus;</span> <span class='ocrx_word' id='word_1_166' title='bbox 468 1701 646 1744; x_wconf 84' lang='lat' dir='ltr'>ceterisque</span> <span class='ocrx_word' id='word_1_167' title='bbox 673 1703 843 1735; x_wconf 75' lang='lat' dir='ltr'>contrariis</span> <span class='ocrx_word' id='word_1_168' title='bbox 869 1704 1078 1746; x_wconf 73' lang='lat' dir='ltr'>(pribuscum-</span> 
     </span>
     <span class='ocr_line' id='line_1_33' title="bbox 340 1754 1077 1800; baseline 0.007 -15"><span class='ocrx_word' id='word_1_169' title='bbox 340 1765 413 1797; x_wconf 88' lang='lat' dir='ltr'>que.</span> <span class='ocrx_word' id='word_1_170' title='bbox 434 1754 587 1787; x_wconf 82' lang='lat' dir='ltr'>Volumus</span> <span class='ocrx_word' id='word_1_171' title='bbox 605 1760 708 1787; x_wconf 86' lang='lat' dir='ltr'>autem</span> <span class='ocrx_word' id='word_1_172' title='bbox 733 1761 767 1787; x_wconf 88' lang='lat' dir='ltr'>ut</span> <span class='ocrx_word' id='word_1_173' title='bbox 784 1758 968 1790; x_wconf 84' lang='lat' dir='ltr'>earumdem</span> <span class='ocrx_word' id='word_1_174' title='bbox 985 1769 1077 1800; x_wconf 84' lang='lat' dir='ltr'>prae-</span> 
     </span>
     <span class='ocr_line' id='line_1_34' title="bbox 339 1807 1077 1852; baseline 0.008 -14"><span class='ocrx_word' id='word_1_175' title='bbox 339 1807 478 1839; x_wconf 85' lang='lat' dir='ltr'>sentium</span> <span class='ocrx_word' id='word_1_176' title='bbox 501 1808 681 1839; x_wconf 85' lang='lat' dir='ltr'>litterarum</span> <span class='ocrx_word' id='word_1_177' title='bbox 704 1810 923 1852; x_wconf 57' lang='lat' dir='ltr'>transui‘nptis,</span> <span class='ocrx_word' id='word_1_178' title='bbox 946 1822 1002 1843; x_wconf 88' lang='lat' dir='ltr'>seu</span> <span class='ocrx_word' id='word_1_179' title='bbox 1029 1822 1077 1844; x_wconf 82' lang='lat' dir='ltr'>ex-</span> 
     </span>
     <span class='ocr_line' id='line_1_35' title="bbox 339 1859 1076 1903; baseline 0.007 -12"><span class='ocrx_word' id='word_1_180' title='bbox 339 1859 464 1902; x_wconf 89' lang='lat' dir='ltr'>emplis,</span> <span class='ocrx_word' id='word_1_181' title='bbox 490 1860 585 1892; x_wconf 89' lang='lat' dir='ltr'>etiam</span> <span class='ocrx_word' id='word_1_182' title='bbox 611 1860 789 1903; x_wconf 71' lang='lat' dir='ltr'>impressis,</span> <span class='ocrx_word' id='word_1_183' title='bbox 815 1873 910 1894; x_wconf 89' lang='lat' dir='ltr'>manu</span> <span class='ocrx_word' id='word_1_184' title='bbox 940 1864 1076 1896; x_wconf 86' lang='lat' dir='ltr'>alicuius</span> 
     </span>
     <span class='ocr_line' id='line_1_36' title="bbox 338 1912 1077 1960; baseline 0.009 -17"><span class='ocrx_word' id='word_1_185' title='bbox 338 1912 457 1955; x_wconf 84' lang='lat' dir='ltr'>publici</span> <span class='ocrx_word' id='word_1_186' title='bbox 478 1912 596 1945; x_wconf 87' lang='lat' dir='ltr'>notarii</span> <span class='ocrx_word' id='word_1_187' title='bbox 615 1914 816 1957; x_wconf 71' lang='lat' dir='ltr'>subscriptis,</span> <span class='ocrx_word' id='word_1_188' title='bbox 835 1920 866 1947; x_wconf 88' lang='lat' dir='ltr'>et</span> <span class='ocrx_word' id='word_1_189' title='bbox 883 1916 990 1958; x_wconf 79' lang='lat' dir='ltr'>sigillo</span> <span class='ocrx_word' id='word_1_190' title='bbox 1007 1928 1077 1960; x_wconf 87' lang='lat' dir='ltr'>per-</span> 
     </span>
     <span class='ocr_line' id='line_1_37' title="bbox 338 1966 1077 2011; baseline 0.008 -14"><span class='ocrx_word' id='word_1_191' title='bbox 338 1975 434 1998; x_wconf 85' lang='lat' dir='ltr'>sonae</span> <span class='ocrx_word' id='word_1_192' title='bbox 459 1966 491 1998; x_wconf 92' lang='lat' dir='ltr'>in</span> <span class='ocrx_word' id='word_1_193' title='bbox 515 1966 731 2000; x_wconf 75' lang='lat' dir='ltr'>ecclesiastica</span> <span class='ocrx_word' id='word_1_194' title='bbox 752 1968 907 2011; x_wconf 74' lang='lat' dir='ltr'>dignitate</span> <span class='ocrx_word' id='word_1_195' title='bbox 925 1971 1077 2003; x_wconf 84' lang='lat' dir='ltr'>eonstitu-</span> 
     </span>
     <span class='ocr_line' id='line_1_38' title="bbox 339 2018 1077 2062; baseline 0.011 -14"><span class='ocrx_word' id='word_1_196' title='bbox 339 2022 388 2049; x_wconf 86' lang='lat' dir='ltr'>tae</span> <span class='ocrx_word' id='word_1_197' title='bbox 413 2018 555 2058; x_wconf 89' lang='lat' dir='ltr'>munitis,</span> <span class='ocrx_word' id='word_1_198' title='bbox 579 2019 691 2052; x_wconf 84' lang='lat' dir='ltr'>eadem</span> <span class='ocrx_word' id='word_1_199' title='bbox 712 2030 844 2062; x_wconf 82' lang='lat' dir='ltr'>prorsus</span> <span class='ocrx_word' id='word_1_200' title='bbox 869 2021 947 2055; x_wconf 82' lang='lat' dir='ltr'>tides</span> <span class='ocrx_word' id='word_1_201' title='bbox 972 2023 1003 2055; x_wconf 91' lang='lat' dir='ltr'>in</span> <span class='ocrx_word' id='word_1_202' title='bbox 1029 2024 1077 2055; x_wconf 91' lang='lat' dir='ltr'>iu-</span> 
     </span>
     <span class='ocr_line' id='line_1_39' title="bbox 339 2069 1076 2118; baseline 0.009 -16"><span class='ocrx_word' id='word_1_203' title='bbox 339 2069 423 2102; x_wconf 84' lang='lat' dir='ltr'>dicio</span> <span class='ocrx_word' id='word_1_204' title='bbox 447 2076 480 2103; x_wconf 87' lang='lat' dir='ltr'>et</span> <span class='ocrx_word' id='word_1_205' title='bbox 503 2076 591 2103; x_wconf 79' lang='lat' dir='ltr'>extra</span> <span class='ocrx_word' id='word_1_206' title='bbox 625 2072 834 2114; x_wconf 86' lang='lat' dir='ltr'>adhibeatur,</span> <span class='ocrx_word' id='word_1_207' title='bbox 868 2085 947 2116; x_wconf 88' lang='lat' dir='ltr'>quae</span> <span class='ocrx_word' id='word_1_208' title='bbox 984 2086 1076 2118; x_wconf 85' lang='lat' dir='ltr'>prae-</span> 
     </span>
     <span class='ocr_line' id='line_1_40' title="bbox 339 2123 1075 2163; baseline 0.011 -8"><span class='ocrx_word' id='word_1_209' title='bbox 339 2123 483 2156; x_wconf 86' lang='lat' dir='ltr'>sentibus</span> <span class='ocrx_word' id='word_1_210' title='bbox 508 2124 717 2157; x_wconf 79' lang='lat' dir='ltr'>adhiberetur</span> <span class='ocrx_word' id='word_1_211' title='bbox 747 2126 771 2158; x_wconf 90' lang='lat' dir='ltr'>si</span> <span class='ocrx_word' id='word_1_212' title='bbox 805 2127 912 2160; x_wconf 78' lang='lat' dir='ltr'>forent</span> <span class='ocrx_word' id='word_1_213' title='bbox 938 2129 1075 2163; x_wconf 79' lang='lat' dir='ltr'>exibitae</span> 
     </span>
     <span class='ocr_line' id='line_1_41' title="bbox 341 2177 576 2209; baseline 0.004 -1"><span class='ocrx_word' id='word_1_214' title='bbox 341 2177 390 2209; x_wconf 85' lang='lat' dir='ltr'>vel</span> <span class='ocrx_word' id='word_1_215' title='bbox 415 2181 576 2209; x_wconf 84' lang='lat' dir='ltr'>ostensae.</span> 
     </span>
    </p>
   </div>
   <div class='ocr_carea' id='block_1_11' title="bbox 339 2238 1076 2363">
    <p class='ocr_par' dir='ltr' id='par_1_11' title="bbox 339 2238 1076 2363">
     <span class='ocr_line' id='line_1_42' title="bbox 374 2238 1076 2277; baseline 0.011 -13"><span class='ocrx_word' id='word_1_216' title='bbox 374 2239 472 2265; x_wconf 83' lang='lat' dir='ltr'>Datum</span> <span class='ocrx_word' id='word_1_217' title='bbox 491 2238 600 2272; x_wconf 84' lang='lat' dir='ltr'>Romae,</span> <span class='ocrx_word' id='word_1_218' title='bbox 621 2240 691 2275; x_wconf 86' lang='lat' dir='ltr'>apud</span> <span class='ocrx_word' id='word_1_219' title='bbox 707 2240 733 2267; x_wconf 91' lang='lat' dir='ltr'>S.</span> <span class='ocrx_word' id='word_1_220' title='bbox 748 2241 856 2268; x_wconf 75' lang='lat' dir='ltr'>Mariam</span> <span class='ocrx_word' id='word_1_221' title='bbox 872 2242 1010 2277; x_wconf 85' lang='lat' dir='ltr'>Maiorem,</span> <span class='ocrx_word' id='word_1_222' title='bbox 1026 2245 1076 2272; x_wconf 91' lang='lat' dir='ltr'>sub</span> 
     </span>
     <span class='ocr_line' id='line_1_43' title="bbox 339 2283 1074 2325; baseline 0.01 -16"><span class='ocrx_word' id='word_1_223' title='bbox 339 2283 438 2310; x_wconf 81' lang='lat' dir='ltr'>annulo</span> <span class='ocrx_word' id='word_1_224' title='bbox 463 2283 625 2317; x_wconf 83' lang='lat' dir='ltr'>Piscatoris,</span> <span class='ocrx_word' id='word_1_225' title='bbox 651 2284 695 2311; x_wconf 89' lang='lat' dir='ltr'>die</span> <span class='ocrx_word' id='word_1_226' title='bbox 720 2292 783 2312; x_wconf 82' lang='lat' dir='ltr'>xxV1</span> <span class='ocrx_word' id='word_1_227' title='bbox 806 2286 921 2314; x_wconf 86' lang='lat' dir='ltr'>ianuarii</span> <span class='ocrx_word' id='word_1_228' title='bbox 941 2295 1074 2325; x_wconf 71' lang='lat' dir='ltr'>nnchiu,</span> 
     </span>
     <span class='ocr_line' id='line_1_44' title="bbox 339 2327 736 2363; baseline 0.008 -10"><span class='ocrx_word' id='word_1_229' title='bbox 339 2327 507 2363; x_wconf 84' lang='lat' dir='ltr'>pontificatus</span> <span class='ocrx_word' id='word_1_230' title='bbox 527 2328 610 2355; x_wconf 84' lang='lat' dir='ltr'>nostri</span> <span class='ocrx_word' id='word_1_231' title='bbox 629 2337 698 2356; x_wconf 86' lang='lat' dir='ltr'>anno</span> <span class='ocrx_word' id='word_1_232' title='bbox 718 2336 736 2356; x_wconf 84' lang='lat'>1.</span> 
     </span>
    </p>
   </div>
   <div class='ocr_carea' id='block_1_12' title="bbox 338 2389 1075 2593">
    <p class='ocr_par' dir='ltr' id='par_1_12' title="bbox 338 2389 1075 2593">
     <span class='ocr_line' id='line_1_45' title="bbox 384 2389 1075 2436; baseline 0.012 -15"><span class='ocrx_word' id='word_1_233' title='bbox 384 2390 412 2432; x_wconf 65' lang='grc' dir='ltr'>ἓ.</span> <span class='ocrx_word' id='word_1_234' title='bbox 432 2389 463 2422; x_wconf 69' lang='lat'>2.</span> <span class='ocrx_word' id='word_1_235' title='bbox 490 2389 578 2422; x_wconf 86' lang='lat' dir='ltr'>Nunc</span> <span class='ocrx_word' id='word_1_236' title='bbox 600 2395 708 2423; x_wconf 83' lang='lat' dir='ltr'>autem</span> <span class='ocrx_word' id='word_1_237' title='bbox 733 2392 771 2424; x_wconf 81' lang='lat' dir='ltr'>ad</span> <span class='ocrx_word' id='word_1_238' title='bbox 791 2392 980 2436; x_wconf 80' lang='lat' dir='ltr'>augendam</span> <span class='ocrx_word' id='word_1_239' title='bbox 996 2395 1075 2429; x_wconf 87' lang='lat' dir='ltr'>fide-</span> 
     </span>
     <span class='ocr_line' id='line_1_46' title="bbox 340 2443 1073 2486; baseline 0.01 -10"><span class='ocrx_word' id='word_1_240' title='bbox 340 2443 418 2476; x_wconf 92' lang='lat' dir='ltr'>lium</span> <span class='ocrx_word' id='word_1_241' title='bbox 450 2443 642 2486; x_wconf 80' lang='lat' dir='ltr'>religionem</span> <span class='ocrx_word' id='word_1_242' title='bbox 671 2451 703 2478; x_wconf 88' lang='lat' dir='ltr'>et</span> <span class='ocrx_word' id='word_1_243' title='bbox 731 2446 907 2480; x_wconf 87' lang='lat' dir='ltr'>animarum</span> <span class='ocrx_word' id='word_1_244' title='bbox 938 2450 1073 2483; x_wconf 83' lang='lat' dir='ltr'>salutem</span> 
     </span>
     <span class='ocr_line' id='line_1_47' title="bbox 339 2496 1073 2545; baseline 0.011 -17"><span class='ocrx_word' id='word_1_245' title='bbox 339 2496 531 2529; x_wconf 85' lang='lat' dir='ltr'>caelestibus</span> <span class='ocrx_word' id='word_1_246' title='bbox 555 2496 715 2530; x_wconf 77' lang='lat' dir='ltr'>Ecclesiae</span> <span class='ocrx_word' id='word_1_247' title='bbox 741 2499 901 2533; x_wconf 78' lang='lat' dir='ltr'>thesauris</span> <span class='ocrx_word' id='word_1_248' title='bbox 925 2502 979 2545; x_wconf 65' lang='lat' dir='ltr'>pia</span> <span class='ocrx_word' id='word_1_249' title='bbox 1003 2504 1073 2536; x_wconf 83' lang='lat' dir='ltr'>clia-</span> 
     </span>
     <span class='ocr_line' id='line_1_48' title="bbox 338 2549 1074 2593; baseline 0.01 -12"><span class='ocrx_word' id='word_1_250' title='bbox 338 2549 432 2582; x_wconf 81' lang='lat' dir='ltr'>ritate</span> <span class='ocrx_word' id='word_1_251' title='bbox 449 2549 576 2590; x_wconf 82' lang='lat' dir='ltr'>intenti,</span> <span class='ocrx_word' id='word_1_252' title='bbox 592 2550 717 2593; x_wconf 83' lang='lat' dir='ltr'>piisque</span> <span class='ocrx_word' id='word_1_253' title='bbox 734 2559 927 2587; x_wconf 84' lang='lat' dir='ltr'>memoratae</span> <span class='ocrx_word' id='word_1_254' title='bbox 942 2555 1074 2589; x_wconf 84' lang='lat' dir='ltr'>Marian-</span> 
     </span>
    </p>
   </div>
   <div class='ocr_carea' id='block_1_13' title="bbox 338 2601 1094 2651">
    <p class='ocr_par' dir='ltr' id='par_1_13' title="bbox 338 2601 1094 2651">
     <span class='ocr_line' id='line_1_49' title="bbox 338 2601 1094 2651; baseline 0.012 -18"><span class='ocrx_word' id='word_1_255' title='bbox 338 2612 397 2636; x_wconf 84' lang='lat' dir='ltr'>nae</span> <span class='ocrx_word' id='word_1_256' title='bbox 430 2601 560 2645; x_wconf 77' lang='lat' dir='ltr'>reginae</span> <span class='ocrx_word' id='word_1_257' title='bbox 592 2603 743 2645; x_wconf 82' lang='lat' dir='ltr'>precibus</span> <span class='ocrx_word' id='word_1_258' title='bbox 774 2605 868 2638; x_wconf 81' lang='lat' dir='ltr'>nobis</span> <span class='ocrx_word' id='word_1_259' title='bbox 898 2618 957 2650; x_wconf 89' lang='lat' dir='ltr'>pro</span> <span class='ocrx_word' id='word_1_260' title='bbox 982 2611 1094 2651; x_wconf 65' lang='lat' dir='ltr'>parte*</span> 
     </span>
    </p>
   </div>
   <div class='ocr_carea' id='block_1_14' title="bbox 1096 293 1102 2610">
    <p class='ocr_par' dir='ltr' id='par_1_14' title="bbox 1096 293 1102 2610">
     <span class='ocr_line' id='line_1_50' title="bbox 1096 293 1102 2610; baseline 0 0"><span class='ocrx_word' id='word_1_261' title='bbox 1096 293 1102 2610; x_wconf 95' lang='lat' dir='ltr'> </span> 
     </span>
    </p>
   </div>
   <div class='ocr_carea' id='block_1_15' title="bbox 1116 278 1859 796">
    <p class='ocr_par' dir='ltr' id='par_1_15' title="bbox 1116 278 1859 796">
     <span class='ocr_line' id='line_1_51' title="bbox 1121 278 1856 323; baseline 0.007 -14"><span class='ocrx_word' id='word_1_262' title='bbox 1121 278 1276 320; x_wconf 80' lang='lat' dir='ltr'>praedicti</span> <span class='ocrx_word' id='word_1_263' title='bbox 1302 278 1388 311; x_wconf 78' lang='lat' dir='ltr'>Petri</span> <span class='ocrx_word' id='word_1_264' title='bbox 1415 279 1502 311; x_wconf 79' lang='lat' dir='ltr'>ducis</span> <span class='ocrx_word' id='word_1_265' title='bbox 1529 286 1560 313; x_wconf 86' lang='lat' dir='ltr'>et</span> <span class='ocrx_word' id='word_1_266' title='bbox 1585 282 1731 323; x_wconf 75' lang='lat' dir='ltr'>proregis</span> <span class='ocrx_word' id='word_1_267' title='bbox 1756 282 1856 314; x_wconf 87' lang='lat' dir='ltr'>bumi-</span> 
     </span>
     <span class='ocr_line' id='line_1_52' title="bbox 1121 331 1857 375; baseline 0.004 -13"><span class='ocrx_word' id='word_1_268' title='bbox 1121 331 1193 362; x_wconf 83' lang='lat' dir='ltr'>liter</span> <span class='ocrx_word' id='word_1_269' title='bbox 1217 332 1377 374; x_wconf 81' lang='lat' dir='ltr'>porrectis</span> <span class='ocrx_word' id='word_1_270' title='bbox 1403 333 1551 365; x_wconf 78' lang='lat' dir='ltr'>uberlore</span> <span class='ocrx_word' id='word_1_271' title='bbox 1578 338 1730 375; x_wconf 77' lang='lat' dir='ltr'>paternae</span> <span class='ocrx_word' id='word_1_272' title='bbox 1756 334 1857 366; x_wconf 78' lang='lat' dir='ltr'>ebari-</span> 
     </span>
     <span class='ocr_line' id='line_1_53' title="bbox 1121 383 1857 427; baseline 0.007 -14"><span class='ocrx_word' id='word_1_273' title='bbox 1121 383 1190 415; x_wconf 82' lang='lat' dir='ltr'>talis</span> <span class='ocrx_word' id='word_1_274' title='bbox 1215 385 1415 427; x_wconf 57' lang='lat' dir='ltr'>benignitate</span> <span class='ocrx_word' id='word_1_275' title='bbox 1441 391 1629 425; x_wconf 84' lang='lat' dir='ltr'>annuentes,</span> <span class='ocrx_word' id='word_1_276' title='bbox 1651 386 1800 418; x_wconf 86' lang='lat' dir='ltr'>omnibus</span> <span class='ocrx_word' id='word_1_277' title='bbox 1825 392 1857 418; x_wconf 87' lang='lat' dir='ltr'>et</span> 
     </span>
     <span class='ocr_line' id='line_1_54' title="bbox 1120 436 1856 480; baseline 0.005 -14"><span class='ocrx_word' id='word_1_278' title='bbox 1120 436 1254 477; x_wconf 70' lang='lat' dir='ltr'>singulis</span> <span class='ocrx_word' id='word_1_279' title='bbox 1281 437 1445 480; x_wconf 77' lang='lat' dir='ltr'>utriusque</span> <span class='ocrx_word' id='word_1_280' title='bbox 1471 449 1564 469; x_wconf 73' lang='lat' dir='ltr'>sexus</span> <span class='ocrx_word' id='word_1_281' title='bbox 1589 438 1856 471; x_wconf 75' lang='lat' dir='ltr'>christifidelibus</span> 
     </span>
     <span class='ocr_line' id='line_1_55' title="bbox 1116 490 1857 540; baseline 0.004 -21"><span class='ocrx_word' id='word_1_282' title='bbox 1116 498 1195 540; x_wconf 68' lang='lat' dir='ltr'>⁸vere</span> <span class='ocrx_word' id='word_1_283' title='bbox 1220 490 1461 531; x_wconf 68' lang='lat' dir='ltr'>po⁴3·nitentilnis</span> <span class='ocrx_word' id='word_1_284' title='bbox 1479 495 1510 522; x_wconf 85' lang='lat' dir='ltr'>et</span> <span class='ocrx_word' id='word_1_285' title='bbox 1527 491 1699 530; x_wconf 72' lang='lat' dir='ltr'>confessis,</span> <span class='ocrx_word' id='word_1_286' title='bbox 1720 502 1754 522; x_wconf 86' lang='lat' dir='ltr'>ac</span> <span class='ocrx_word' id='word_1_287' title='bbox 1769 493 1857 523; x_wconf 71' lang='lat' dir='ltr'>sarra</span> 
     </span>
     <span class='ocr_line' id='line_1_56' title="bbox 1121 541 1855 585; baseline 0.007 -16"><span class='ocrx_word' id='word_1_288' title='bbox 1121 541 1348 573; x_wconf 65' lang='lat' dir='ltr'>communione</span> <span class='ocrx_word' id='word_1_289' title='bbox 1366 541 1502 580; x_wconf 76' lang='lat' dir='ltr'>relectis,</span> <span class='ocrx_word' id='word_1_290' title='bbox 1517 542 1569 585; x_wconf 87' lang='lat' dir='ltr'>qui</span> <span class='ocrx_word' id='word_1_291' title='bbox 1589 542 1703 575; x_wconf 81' lang='lat' dir='ltr'>missae</span> <span class='ocrx_word' id='word_1_292' title='bbox 1719 543 1855 575; x_wconf 86' lang='lat' dir='ltr'>solemni</span> 
     </span>
     <span class='ocr_line' id='line_1_57' title="bbox 1120 592 1858 637; baseline 0.008 -14"><span class='ocrx_word' id='word_1_293' title='bbox 1120 592 1152 623; x_wconf 94' lang='lat' dir='ltr'>in</span> <span class='ocrx_word' id='word_1_294' title='bbox 1170 604 1371 637; x_wconf 76' lang='lat' dir='ltr'>quacumque</span> <span class='ocrx_word' id='word_1_295' title='bbox 1388 595 1525 627; x_wconf 65' lang='lat' dir='ltr'>ecelesia</span> <span class='ocrx_word' id='word_1_296' title='bbox 1542 595 1793 637; x_wconf 87' lang='lat' dir='ltr'>provinciarum,</span> <span class='ocrx_word' id='word_1_297' title='bbox 1813 606 1858 628; x_wconf 86' lang='lat' dir='ltr'>re-</span> 
     </span>
     <span class='ocr_line' id='line_1_58' title="bbox 1120 648 1859 690; baseline 0.004 -14"><span class='ocrx_word' id='word_1_298' title='bbox 1120 656 1266 687; x_wconf 74' lang='lat' dir='ltr'>gnorum,</span> <span class='ocrx_word' id='word_1_299' title='bbox 1286 652 1437 686; x_wconf 85' lang='lat' dir='ltr'>statuum,</span> <span class='ocrx_word' id='word_1_300' title='bbox 1459 649 1628 690; x_wconf 73' lang='lat' dir='ltr'>regionum</span> <span class='ocrx_word' id='word_1_301' title='bbox 1650 653 1681 680; x_wconf 81' lang='lat' dir='ltr'>et</span> <span class='ocrx_word' id='word_1_302' title='bbox 1701 648 1859 681; x_wconf 80' lang='lat' dir='ltr'>dominio-</span> 
     </span>
     <span class='ocr_line' id='line_1_59' title="bbox 1120 699 1856 743; baseline 0.005 -15"><span class='ocrx_word' id='word_1_303' title='bbox 1120 709 1189 730; x_wconf 92' lang='lat' dir='ltr'>rum</span> <span class='ocrx_word' id='word_1_304' title='bbox 1216 699 1380 741; x_wconf 73' lang='lat' dir='ltr'>praedicto</span> <span class='ocrx_word' id='word_1_305' title='bbox 1406 700 1519 733; x_wconf 80' lang='lat' dir='ltr'>Carolo</span> <span class='ocrx_word' id='word_1_306' title='bbox 1545 700 1611 743; x_wconf 77' lang='lat' dir='ltr'>regi</span> <span class='ocrx_word' id='word_1_307' title='bbox 1637 701 1856 733; x_wconf 84' lang='lat' dir='ltr'>subiectorum</span> 
     </span>
     <span class='ocr_line' id='line_1_60' title="bbox 1119 751 1857 796; baseline 0.004 -14"><span class='ocrx_word' id='word_1_308' title='bbox 1119 751 1359 793; x_wconf 67' lang='lat' dir='ltr'>praedictorum</span> <span class='ocrx_word' id='word_1_309' title='bbox 1386 752 1468 785; x_wconf 76' lang='lat' dir='ltr'>dicta</span> <span class='ocrx_word' id='word_1_310' title='bbox 1494 753 1544 785; x_wconf 85' lang='lat' dir='ltr'>(lie</span> <span class='ocrx_word' id='word_1_311' title='bbox 1570 763 1633 786; x_wconf 83' lang='lat' dir='ltr'>xvu</span> <span class='ocrx_word' id='word_1_312' title='bbox 1663 753 1857 796; x_wconf 82' lang='lat' dir='ltr'>septembris</span> 
     </span>
    </p>
   </div>
   <div class='ocr_carea' id='block_1_16' title="bbox 1097 804 1859 846">
    <p class='ocr_par' dir='ltr' id='par_1_16' title="bbox 1097 804 1859 846">
     <span class='ocr_line' id='line_1_61' title="bbox 1097 804 1859 846; baseline 0.008 -13"><span class='ocrx_word' id='word_1_313' title='bbox 1097 804 1293 845; x_wconf 61' lang='lat' dir='ltr'>*quotannis</span> <span class='ocrx_word' id='word_1_314' title='bbox 1326 806 1540 838; x_wconf 78' lang='lat' dir='ltr'>celebrandae</span> <span class='ocrx_word' id='word_1_315' title='bbox 1572 806 1795 846; x_wconf 83' lang='lat' dir='ltr'>interfuerint,</span> <span class='ocrx_word' id='word_1_316' title='bbox 1828 811 1859 839; x_wconf 89' lang='lat' dir='ltr'>et</span> 
     </span>
    </p>
   </div>
   <div class='ocr_carea' id='block_1_17' title="bbox 1118 855 1864 1682">
    <p class='ocr_par' dir='ltr' id='par_1_17' title="bbox 1118 855 1861 1267">
     <span class='ocr_line' id='line_1_62' title="bbox 1119 855 1861 901; baseline 0.005 -14"><span class='ocrx_word' id='word_1_317' title='bbox 1119 855 1161 887; x_wconf 87' lang='lat' dir='ltr'>ibi</span> <span class='ocrx_word' id='word_1_318' title='bbox 1180 867 1238 899; x_wconf 86' lang='lat' dir='ltr'>pro</span> <span class='ocrx_word' id='word_1_319' title='bbox 1257 857 1507 889; x_wconf 82' lang='lat' dir='ltr'>christianorum</span> <span class='ocrx_word' id='word_1_320' title='bbox 1528 859 1712 901; x_wconf 85' lang='lat' dir='ltr'>principum</span> <span class='ocrx_word' id='word_1_321' title='bbox 1730 869 1861 891; x_wconf 79' lang='lat' dir='ltr'>concor-</span> 
     </span>
     <span class='ocr_line' id='line_1_63' title="bbox 1119 909 1859 954; baseline 0.005 -13"><span class='ocrx_word' id='word_1_322' title='bbox 1119 909 1183 948; x_wconf 73' lang='lat' dir='ltr'>dia,</span> <span class='ocrx_word' id='word_1_323' title='bbox 1211 910 1382 943; x_wconf 74' lang='lat' dir='ltr'>haeresum</span> <span class='ocrx_word' id='word_1_324' title='bbox 1408 911 1642 954; x_wconf 79' lang='lat' dir='ltr'>extirpatione,</span> <span class='ocrx_word' id='word_1_325' title='bbox 1669 923 1706 945; x_wconf 85' lang='lat' dir='ltr'>ac</span> <span class='ocrx_word' id='word_1_326' title='bbox 1728 918 1859 945; x_wconf 82' lang='lat' dir='ltr'>sanetae</span> 
     </span>
     <span class='ocr_line' id='line_1_64' title="bbox 1119 962 1859 1007; baseline 0.005 -14"><span class='ocrx_word' id='word_1_327' title='bbox 1119 962 1225 993; x_wconf 82' lang='lat' dir='ltr'>Matris</span> <span class='ocrx_word' id='word_1_328' title='bbox 1236 962 1396 995; x_wconf 80' lang='lat' dir='ltr'>Ecclesiae</span> <span class='ocrx_word' id='word_1_329' title='bbox 1416 965 1608 997; x_wconf 75' lang='lat' dir='ltr'>exaltatione</span> <span class='ocrx_word' id='word_1_330' title='bbox 1624 965 1692 1007; x_wconf 79' lang='lat' dir='ltr'>pias</span> <span class='ocrx_word' id='word_1_331' title='bbox 1706 966 1744 997; x_wconf 85' lang='lat' dir='ltr'>ad</span> <span class='ocrx_word' id='word_1_332' title='bbox 1758 965 1859 997; x_wconf 90' lang='lat' dir='ltr'>Deum</span> 
     </span>
     <span class='ocr_line' id='line_1_65' title="bbox 1118 1015 1859 1059; baseline 0.005 -13"><span class='ocrx_word' id='word_1_333' title='bbox 1118 1025 1230 1057; x_wconf 86' lang='lat' dir='ltr'>preces</span> <span class='ocrx_word' id='word_1_334' title='bbox 1266 1015 1458 1056; x_wconf 82' lang='lat' dir='ltr'>effiiderint,</span> <span class='ocrx_word' id='word_1_335' title='bbox 1499 1018 1678 1059; x_wconf 81' lang='lat' dir='ltr'>plenariam</span> <span class='ocrx_word' id='word_1_336' title='bbox 1715 1018 1859 1050; x_wconf 86' lang='lat' dir='ltr'>omniurn</span> 
     </span>
     <span class='ocr_line' id='line_1_66' title="bbox 1118 1068 1860 1111; baseline 0.007 -14"><span class='ocrx_word' id='word_1_337' title='bbox 1118 1072 1324 1108; x_wconf 84' lang='lat' dir='ltr'>peccatorum</span> <span class='ocrx_word' id='word_1_338' title='bbox 1351 1078 1483 1100; x_wconf 87' lang='lat' dir='ltr'>suorum</span> <span class='ocrx_word' id='word_1_339' title='bbox 1509 1068 1744 1111; x_wconf 79' lang='lat' dir='ltr'>indulgentiam</span> <span class='ocrx_word' id='word_1_340' title='bbox 1762 1074 1794 1102; x_wconf 87' lang='lat' dir='ltr'>et</span> <span class='ocrx_word' id='word_1_341' title='bbox 1809 1080 1860 1102; x_wconf 88' lang='lat' dir='ltr'>re-</span> 
     </span>
     <span class='ocr_line' id='line_1_67' title="bbox 1118 1118 1860 1154; baseline 0.005 -4"><span class='ocrx_word' id='word_1_342' title='bbox 1118 1118 1305 1151; x_wconf 88' lang='lat' dir='ltr'>missionem</span> <span class='ocrx_word' id='word_1_343' title='bbox 1323 1121 1578 1153; x_wconf 86' lang='lat' dir='ltr'>misericorditer</span> <span class='ocrx_word' id='word_1_344' title='bbox 1592 1121 1623 1153; x_wconf 92' lang='lat' dir='ltr'>in</span> <span class='ocrx_word' id='word_1_345' title='bbox 1638 1121 1774 1154; x_wconf 89' lang='lat' dir='ltr'>Domino</span> <span class='ocrx_word' id='word_1_346' title='bbox 1788 1132 1860 1154; x_wconf 89' lang='lat' dir='ltr'>con-</span> 
     </span>
     <span class='ocr_line' id='line_1_68' title="bbox 1118 1172 1859 1217; baseline 0.005 -14"><span class='ocrx_word' id='word_1_347' title='bbox 1118 1172 1276 1212; x_wconf 81' lang='lat' dir='ltr'>cedimus3</span> <span class='ocrx_word' id='word_1_348' title='bbox 1296 1173 1521 1215; x_wconf 85' lang='lat' dir='ltr'>praesentibus</span> <span class='ocrx_word' id='word_1_349' title='bbox 1548 1174 1717 1217; x_wconf 83' lang='lat' dir='ltr'>perpetuis</span> <span class='ocrx_word' id='word_1_350' title='bbox 1742 1174 1859 1207; x_wconf 80' lang='lat' dir='ltr'>suturis</span> 
     </span>
     <span class='ocr_line' id='line_1_69' title="bbox 1119 1225 1506 1267; baseline 0.005 -12"><span class='ocrx_word' id='word_1_351' title='bbox 1119 1225 1321 1267; x_wconf 81' lang='lat' dir='ltr'>temporibus</span> <span class='ocrx_word' id='word_1_352' title='bbox 1348 1225 1506 1258; x_wconf 85' lang='lat' dir='ltr'>valituris.</span> 
     </span>
    </p>

    <p class='ocr_par' dir='ltr' id='par_1_18' title="bbox 1119 1277 1864 1682">
     <span class='ocr_line' id='line_1_70' title="bbox 1162 1277 1859 1324; baseline 0.006 -15"><span class='ocrx_word' id='word_1_353' title='bbox 1162 1277 1176 1319; x_wconf 69' lang='grc' dir='ltr'>ξ</span> <span class='ocrx_word' id='word_1_354' title='bbox 1197 1277 1228 1309; x_wconf 80' lang='grc'>3.</span> <span class='ocrx_word' id='word_1_355' title='bbox 1248 1277 1396 1310; x_wconf 80' lang='lat' dir='ltr'>Ceterum</span> <span class='ocrx_word' id='word_1_356' title='bbox 1414 1279 1561 1311; x_wconf 85' lang='lat' dir='ltr'>volumus</span> <span class='ocrx_word' id='word_1_357' title='bbox 1578 1279 1699 1322; x_wconf 89' lang='lat' dir='ltr'>pariter</span> <span class='ocrx_word' id='word_1_358' title='bbox 1713 1285 1747 1312; x_wconf 89' lang='lat' dir='ltr'>ut</span> <span class='ocrx_word' id='word_1_359' title='bbox 1764 1291 1859 1324; x_wconf 86' lang='lat' dir='ltr'>prae-</span> 
     </span>
     <span class='ocr_line' id='line_1_71' title="bbox 1120 1329 1861 1375; baseline 0.008 -15"><span class='ocrx_word' id='word_1_360' title='bbox 1120 1329 1257 1361; x_wconf 85' lang='lat' dir='ltr'>sentium</span> <span class='ocrx_word' id='word_1_361' title='bbox 1280 1330 1460 1363; x_wconf 87' lang='lat' dir='ltr'>litterarum</span> <span class='ocrx_word' id='word_1_362' title='bbox 1487 1333 1704 1375; x_wconf 81' lang='lat' dir='ltr'>transumptis,</span> <span class='ocrx_word' id='word_1_363' title='bbox 1727 1344 1783 1366; x_wconf 86' lang='lat' dir='ltr'>seu</span> <span class='ocrx_word' id='word_1_364' title='bbox 1809 1344 1861 1366; x_wconf 75' lang='lat' dir='ltr'>ex-</span> 
     </span>
     <span class='ocr_line' id='line_1_72' title="bbox 1119 1383 1859 1427; baseline 0.005 -13"><span class='ocrx_word' id='word_1_365' title='bbox 1119 1383 1243 1425; x_wconf 85' lang='lat' dir='ltr'>emplis,</span> <span class='ocrx_word' id='word_1_366' title='bbox 1269 1383 1365 1415; x_wconf 82' lang='lat' dir='ltr'>etiam</span> <span class='ocrx_word' id='word_1_367' title='bbox 1395 1383 1570 1427; x_wconf 84' lang='lat' dir='ltr'>impressis,</span> <span class='ocrx_word' id='word_1_368' title='bbox 1601 1396 1697 1417; x_wconf 90' lang='lat' dir='ltr'>manu</span> <span class='ocrx_word' id='word_1_369' title='bbox 1726 1385 1859 1418; x_wconf 82' lang='lat' dir='ltr'>alicuius</span> 
     </span>
     <span class='ocr_line' id='line_1_73' title="bbox 1119 1434 1863 1482; baseline 0.008 -16"><span class='ocrx_word' id='word_1_370' title='bbox 1119 1434 1237 1467; x_wconf 87' lang='lat' dir='ltr'>notarii</span> <span class='ocrx_word' id='word_1_371' title='bbox 1255 1435 1377 1478; x_wconf 76' lang='lat' dir='ltr'>publici</span> <span class='ocrx_word' id='word_1_372' title='bbox 1396 1437 1600 1479; x_wconf 79' lang='lat' dir='ltr'>subscriptis,</span> <span class='ocrx_word' id='word_1_373' title='bbox 1615 1443 1647 1470; x_wconf 89' lang='lat' dir='ltr'>et</span> <span class='ocrx_word' id='word_1_374' title='bbox 1664 1438 1772 1480; x_wconf 76' lang='lat' dir='ltr'>sigillo</span> <span class='ocrx_word' id='word_1_375' title='bbox 1790 1449 1863 1482; x_wconf 85' lang='lat' dir='ltr'>per-</span> 
     </span>
     <span class='ocr_line' id='line_1_74' title="bbox 1119 1488 1864 1532; baseline 0.007 -13"><span class='ocrx_word' id='word_1_376' title='bbox 1119 1498 1216 1519; x_wconf 86' lang='lat' dir='ltr'>sonae</span> <span class='ocrx_word' id='word_1_377' title='bbox 1242 1488 1274 1519; x_wconf 91' lang='lat' dir='ltr'>in</span> <span class='ocrx_word' id='word_1_378' title='bbox 1297 1489 1514 1521; x_wconf 78' lang='lat' dir='ltr'>ecclesiastica</span> <span class='ocrx_word' id='word_1_379' title='bbox 1533 1489 1688 1532; x_wconf 67' lang='lat' dir='ltr'>dignitate</span> <span class='ocrx_word' id='word_1_380' title='bbox 1707 1491 1864 1524; x_wconf 87' lang='lat' dir='ltr'>constitu-</span> 
     </span>
     <span class='ocr_line' id='line_1_75' title="bbox 1120 1540 1863 1584; baseline 0.007 -13"><span class='ocrx_word' id='word_1_381' title='bbox 1120 1545 1168 1572; x_wconf 88' lang='lat' dir='ltr'>tae</span> <span class='ocrx_word' id='word_1_382' title='bbox 1194 1540 1335 1579; x_wconf 84' lang='lat' dir='ltr'>munitis,</span> <span class='ocrx_word' id='word_1_383' title='bbox 1362 1542 1473 1573; x_wconf 83' lang='lat' dir='ltr'>eadem</span> <span class='ocrx_word' id='word_1_384' title='bbox 1499 1552 1630 1584; x_wconf 86' lang='lat' dir='ltr'>prorsus</span> <span class='ocrx_word' id='word_1_385' title='bbox 1657 1542 1735 1575; x_wconf 83' lang='lat' dir='ltr'>fides</span> <span class='ocrx_word' id='word_1_386' title='bbox 1757 1544 1789 1576; x_wconf 89' lang='lat' dir='ltr'>in</span> <span class='ocrx_word' id='word_1_387' title='bbox 1815 1544 1863 1576; x_wconf 91' lang='lat' dir='ltr'>iu-</span> 
     </span>
     <span class='ocr_line' id='line_1_76' title="bbox 1120 1593 1862 1639; baseline 0.007 -14"><span class='ocrx_word' id='word_1_388' title='bbox 1120 1593 1205 1626; x_wconf 88' lang='lat' dir='ltr'>dicio</span> <span class='ocrx_word' id='word_1_389' title='bbox 1224 1599 1256 1626; x_wconf 86' lang='lat' dir='ltr'>et</span> <span class='ocrx_word' id='word_1_390' title='bbox 1273 1599 1362 1626; x_wconf 81' lang='lat' dir='ltr'>extra</span> <span class='ocrx_word' id='word_1_391' title='bbox 1379 1595 1581 1635; x_wconf 86' lang='lat' dir='ltr'>adhibeatur,</span> <span class='ocrx_word' id='word_1_392' title='bbox 1606 1607 1688 1639; x_wconf 86' lang='lat' dir='ltr'>quae</span> <span class='ocrx_word' id='word_1_393' title='bbox 1709 1607 1862 1639; x_wconf 83' lang='lat' dir='ltr'>praesen-</span> 
     </span>
     <span class='ocr_line' id='line_1_77' title="bbox 1122 1646 1861 1682; baseline 0.007 -5"><span class='ocrx_word' id='word_1_394' title='bbox 1122 1646 1204 1678; x_wconf 83' lang='lat' dir='ltr'>tibus</span> <span class='ocrx_word' id='word_1_395' title='bbox 1223 1647 1435 1679; x_wconf 84' lang='lat' dir='ltr'>adhiberetur</span> <span class='ocrx_word' id='word_1_396' title='bbox 1453 1648 1477 1679; x_wconf 91' lang='lat' dir='ltr'>si</span> <span class='ocrx_word' id='word_1_397' title='bbox 1497 1648 1602 1681; x_wconf 83' lang='lat' dir='ltr'>forent</span> <span class='ocrx_word' id='word_1_398' title='bbox 1621 1649 1783 1682; x_wconf 76' lang='lat' dir='ltr'>exhibitae</span> <span class='ocrx_word' id='word_1_399' title='bbox 1810 1651 1861 1682; x_wconf 90' lang='lat' dir='ltr'>vel</span> 
     </span>
    </p>
   </div>
   <div class='ocr_carea' id='block_1_18' title="bbox 1097 1704 1282 1731">
    <p class='ocr_par' dir='ltr' id='par_1_19' title="bbox 1097 1704 1282 1731">
     <span class='ocr_line' id='line_1_78' title="bbox 1097 1704 1282 1731; baseline 0.005 -1"><span class='ocrx_word' id='word_1_400' title='bbox 1097 1705 1099 1721; x_wconf 53' lang='lat'>1&#39;</span> <span class='ocrx_word' id='word_1_401' title='bbox 1120 1704 1282 1731; x_wconf 86' lang='lat' dir='ltr'>ostensae.</span> 
     </span>
    </p>
   </div>
   <div class='ocr_carea' id='block_1_19' title="bbox 1119 1752 1859 1956">
    <p class='ocr_par' dir='ltr' id='par_1_20' title="bbox 1119 1752 1859 1902">
     <span class='ocr_line' id='line_1_79' title="bbox 1163 1752 1859 1797; baseline 0.003 -13"><span class='ocrx_word' id='word_1_402' title='bbox 1163 1752 1276 1784; x_wconf 84' lang='lat' dir='ltr'>Datum</span> <span class='ocrx_word' id='word_1_403' title='bbox 1296 1753 1428 1793; x_wconf 77' lang='lat' dir='ltr'>Romae,</span> <span class='ocrx_word' id='word_1_404' title='bbox 1448 1754 1530 1797; x_wconf 87' lang='lat' dir='ltr'>apud</span> <span class='ocrx_word' id='word_1_405' title='bbox 1555 1753 1585 1785; x_wconf 85' lang='lat' dir='ltr'>S.</span> <span class='ocrx_word' id='word_1_406' title='bbox 1610 1754 1738 1786; x_wconf 84' lang='lat' dir='ltr'>Mariam</span> <span class='ocrx_word' id='word_1_407' title='bbox 1763 1754 1859 1787; x_wconf 85' lang='lat' dir='ltr'>Maio-</span> 
     </span>
     <span class='ocr_line' id='line_1_80' title="bbox 1119 1806 1858 1846; baseline 0.005 -10"><span class='ocrx_word' id='word_1_408' title='bbox 1119 1815 1199 1846; x_wconf 86' lang='lat' dir='ltr'>rem,</span> <span class='ocrx_word' id='word_1_409' title='bbox 1220 1806 1278 1837; x_wconf 89' lang='lat' dir='ltr'>sub</span> <span class='ocrx_word' id='word_1_410' title='bbox 1297 1808 1418 1839; x_wconf 84' lang='lat' dir='ltr'>annulo</span> <span class='ocrx_word' id='word_1_411' title='bbox 1436 1806 1622 1846; x_wconf 79' lang='lat' dir='ltr'>Piscatoris‚</span> <span class='ocrx_word' id='word_1_412' title='bbox 1640 1807 1690 1840; x_wconf 90' lang='lat' dir='ltr'>die</span> <span class='ocrx_word' id='word_1_413' title='bbox 1708 1818 1751 1840; x_wconf 88' lang='lat' dir='ltr'>vu</span> <span class='ocrx_word' id='word_1_414' title='bbox 1770 1812 1858 1840; x_wconf 83' lang='lat' dir='ltr'>octo-</span> 
     </span>
     <span class='ocr_line' id='line_1_81' title="bbox 1120 1859 1854 1902; baseline 0.004 -12"><span class='ocrx_word' id='word_1_415' title='bbox 1120 1859 1187 1890; x_wconf 85' lang='lat' dir='ltr'>bris</span> <span class='ocrx_word' id='word_1_416' title='bbox 1203 1869 1352 1899; x_wconf 73' lang='lat' dir='ltr'>MDCLxxr,</span> <span class='ocrx_word' id='word_1_417' title='bbox 1370 1859 1578 1902; x_wconf 78' lang='lat' dir='ltr'>pontificatus</span> <span class='ocrx_word' id='word_1_418' title='bbox 1596 1861 1702 1892; x_wconf 86' lang='lat' dir='ltr'>nestri</span> <span class='ocrx_word' id='word_1_419' title='bbox 1719 1871 1804 1893; x_wconf 85' lang='lat' dir='ltr'>anno</span> <span class='ocrx_word' id='word_1_420' title='bbox 1819 1871 1854 1893; x_wconf 88' lang='lat'>11.</span> 
     </span>
    </p>

    <p class='ocr_par' dir='ltr' id='par_1_21' title="bbox 1155 1920 1798 1956">
     <span class='ocr_line' id='line_1_82' title="bbox 1155 1920 1798 1956; baseline 0.005 -10"><span class='ocrx_word' id='word_1_421' title='bbox 1155 1920 1212 1946; x_wconf 84' lang='lat' dir='ltr'>Dat.</span> <span class='ocrx_word' id='word_1_422' title='bbox 1234 1921 1277 1947; x_wconf 87' lang='lat' dir='ltr'>die</span> <span class='ocrx_word' id='word_1_423' title='bbox 1297 1921 1312 1947; x_wconf 90' lang='lat'><strong>7</strong></span> <span class='ocrx_word' id='word_1_424' title='bbox 1333 1921 1452 1948; x_wconf 84' lang='lat' dir='ltr'>octobris</span> <span class='ocrx_word' id='word_1_425' title='bbox 1470 1921 1546 1954; x_wconf 82' lang='lat'>1671,</span> <span class='ocrx_word' id='word_1_426' title='bbox 1570 1922 1659 1956; x_wconf 78' lang='lat' dir='ltr'>pontif</span> <span class='ocrx_word' id='word_1_427' title='bbox 1682 1930 1754 1949; x_wconf 84' lang='lat' dir='ltr'>anno</span> <span class='ocrx_word' id='word_1_428' title='bbox 1769 1928 1798 1949; x_wconf 84' lang='grc' dir='ltr'>ιι.</span> 
     </span>
    </p>
   </div>
   <div class='ocr_carea' id='block_1_20' title="bbox 1416 2073 1560 2106">
    <p class='ocr_par' dir='ltr' id='par_1_22' title="bbox 1416 2073 1560 2106">
     <span class='ocr_line' id='line_1_83' title="bbox 1416 2073 1560 2106; baseline 0.007 -1"><span class='ocrx_word' id='word_1_429' title='bbox 1416 2073 1560 2106; x_wconf 78' lang='lat' dir='ltr'>LXXXII.</span> 
     </span>
    </p>
   </div>
   <div class='ocr_carea' id='block_1_21' title="bbox 1118 2151 1856 2248">
    <p class='ocr_par' dir='ltr' id='par_1_23' title="bbox 1118 2151 1856 2248">
     <span class='ocr_line' id='line_1_84' title="bbox 1118 2151 1856 2196; baseline 0.003 -12"><span class='ocrx_word' id='word_1_430' title='bbox 1118 2151 1272 2184; x_wconf 78' lang='lat' dir='ltr'>Reduclio</span> <span class='ocrx_word' id='word_1_431' title='bbox 1288 2152 1465 2194; x_wconf 76' lang='lat' dir='ltr'>officiorum</span> <span class='ocrx_word' id='word_1_432' title='bbox 1478 2153 1685 2185; x_wconf 76' lang='lat' dir='ltr'>notariorum</span> <span class='ocrx_word' id='word_1_433' title='bbox 1701 2153 1789 2186; x_wconf 79' lang='lat' dir='ltr'>sacri</span> <span class='ocrx_word' id='word_1_434' title='bbox 1801 2163 1856 2196; x_wconf 81' lang='lat' dir='ltr'>pa-</span> 
     </span>
     <span class='ocr_line' id='line_1_85' title="bbox 1163 2204 1461 2248; baseline 0.003 -12"><span class='ocrx_word' id='word_1_435' title='bbox 1163 2204 1238 2237; x_wconf 72' lang='lat' dir='ltr'>latii</span> <span class='ocrx_word' id='word_1_436' title='bbox 1261 2205 1461 2248; x_wconf 70' lang='lat' dir='ltr'>apostolici.¹</span> 
     </span>
    </p>
   </div>
   <div class='ocr_carea' id='block_1_22' title="bbox 1319 2286 1651 2364">
    <p class='ocr_par' dir='ltr' id='par_1_24' title="bbox 1319 2286 1651 2364">
     <span class='ocr_line' id='line_1_86' title="bbox 1319 2286 1651 2319; baseline 0.003 -7"><span class='ocrx_word' id='word_1_437' title='bbox 1319 2286 1453 2313; x_wconf 82' lang='lat' dir='ltr'>Clemens</span> <span class='ocrx_word' id='word_1_438' title='bbox 1492 2286 1571 2319; x_wconf 80' lang='lat' dir='ltr'>Papa</span> <span class='ocrx_word' id='word_1_439' title='bbox 1608 2287 1632 2313; x_wconf 86' lang='lat' dir='ltr'>X</span> <span class='ocrx_word' id='word_1_440' title='bbox 1645 2307 1651 2319; x_wconf 87' lang='lat'>,</span> 
     </span>
     <span class='ocr_line' id='line_1_87' title="bbox 1330 2330 1642 2364; baseline 0.003 -8"><span class='ocrx_word' id='word_1_441' title='bbox 1330 2330 1412 2356; x_wconf 86' lang='lat' dir='ltr'>Motu</span> <span class='ocrx_word' id='word_1_442' title='bbox 1431 2331 1562 2364; x_wconf 80' lang='lat' dir='ltr'>proprio,</span> <span class='ocrx_word' id='word_1_443' title='bbox 1583 2334 1642 2358; x_wconf 82' lang='lat' dir='ltr'>etc.</span> 
     </span>
    </p>
   </div>
   <div class='ocr_carea' id='block_1_23' title="bbox 1117 2399 1854 2549">
    <p class='ocr_par' dir='ltr' id='par_1_25' title="bbox 1117 2399 1854 2549">
     <span class='ocr_line' id='line_1_88' title="bbox 1162 2399 1854 2444; baseline 0.004 -13"><span class='ocrx_word' id='word_1_444' title='bbox 1162 2399 1324 2432; x_wconf 83' lang='lat' dir='ltr'>Romanus</span> <span class='ocrx_word' id='word_1_445' title='bbox 1349 2399 1496 2432; x_wconf 79' lang='lat' dir='ltr'>Pontifex</span> <span class='ocrx_word' id='word_1_446' title='bbox 1522 2399 1555 2432; x_wconf 91' lang='lat' dir='ltr'>in</span> <span class='ocrx_word' id='word_1_447' title='bbox 1581 2410 1733 2443; x_wconf 88' lang='lat' dir='ltr'>supremo</span> <span class='ocrx_word' id='word_1_448' title='bbox 1752 2401 1854 2444; x_wconf 81' lang='lat' dir='ltr'>digni-</span> 
     </span>
     <span class='ocr_line' id='line_1_89' title="bbox 1118 2452 1854 2497; baseline 0.005 -14"><span class='ocrx_word' id='word_1_449' title='bbox 1118 2452 1190 2483; x_wconf 86' lang='lat' dir='ltr'>tatis</span> <span class='ocrx_word' id='word_1_450' title='bbox 1220 2452 1416 2495; x_wconf 83' lang='lat' dir='ltr'>apostolicae</span> <span class='ocrx_word' id='word_1_451' title='bbox 1441 2453 1581 2485; x_wconf 89' lang='lat' dir='ltr'>culmine</span> <span class='ocrx_word' id='word_1_452' title='bbox 1614 2454 1720 2486; x_wconf 72' lang='lat' dir='ltr'>divina</span> <span class='ocrx_word' id='word_1_453' title='bbox 1745 2454 1854 2497; x_wconf 89' lang='lat' dir='ltr'>dispo-</span> 
     </span>
     <span class='ocr_line' id='line_1_90' title="bbox 1117 2505 1854 2549; baseline 0.004 -13"><span class='ocrx_word' id='word_1_454' title='bbox 1117 2510 1215 2537; x_wconf 87' lang='lat' dir='ltr'>nente</span> <span class='ocrx_word' id='word_1_455' title='bbox 1233 2505 1405 2538; x_wconf 77' lang='lat' dir='ltr'>clementia</span> <span class='ocrx_word' id='word_1_456' title='bbox 1423 2506 1623 2546; x_wconf 85' lang='lat' dir='ltr'>constitutus,</span> <span class='ocrx_word' id='word_1_457' title='bbox 1642 2506 1721 2539; x_wconf 89' lang='lat' dir='ltr'>illud</span> <span class='ocrx_word' id='word_1_458' title='bbox 1740 2507 1771 2539; x_wconf 93' lang='lat' dir='ltr'>in</span> <span class='ocrx_word' id='word_1_459' title='bbox 1790 2507 1854 2549; x_wconf 86' lang='lat' dir='ltr'>pri-</span> 
     </span>
    </p>
   </div>
   <div class='ocr_carea' id='block_1_24' title="bbox 1116 2575 1854 2654">
    <p class='ocr_par' dir='ltr' id='par_1_26' title="bbox 1116 2575 1854 2654">
     <span class='ocr_line' id='line_1_91' title="bbox 1153 2575 1854 2610; baseline 0.003 -9"><span class='ocrx_word' id='word_1_460' title='bbox 1153 2576 1161 2600; x_wconf 84' lang='grc'>1</span> <span class='ocrx_word' id='word_1_461' title='bbox 1186 2575 1223 2602; x_wconf 89' lang='lat' dir='ltr'>De</span> <span class='ocrx_word' id='word_1_462' title='bbox 1243 2575 1338 2602; x_wconf 88' lang='lat' dir='ltr'>horum</span> <span class='ocrx_word' id='word_1_463' title='bbox 1358 2576 1524 2603; x_wconf 86' lang='lat' dir='ltr'>notariorum</span> <span class='ocrx_word' id='word_1_464' title='bbox 1545 2577 1657 2603; x_wconf 74' lang='lat' dir='ltr'>materia</span> <span class='ocrx_word' id='word_1_465' title='bbox 1673 2576 1749 2610; x_wconf 87' lang='lat' dir='ltr'>plura</span> <span class='ocrx_word' id='word_1_466' title='bbox 1764 2576 1854 2603; x_wconf 83' lang='lat' dir='ltr'>videre</span> 
     </span>
     <span class='ocr_line' id='line_1_92' title="bbox 1116 2619 1746 2654; baseline 0.003 -10"><span class='ocrx_word' id='word_1_467' title='bbox 1116 2619 1215 2653; x_wconf 66' lang='lat' dir='ltr'>poturis</span> <span class='ocrx_word' id='word_1_468' title='bbox 1236 2619 1261 2645; x_wconf 91' lang='lat' dir='ltr'>in</span> <span class='ocrx_word' id='word_1_469' title='bbox 1282 2620 1432 2654; x_wconf 68' lang='lat' dir='ltr'>repertorio</span> <span class='ocrx_word' id='word_1_470' title='bbox 1453 2620 1503 2646; x_wconf 85' lang='lat' dir='ltr'>sub</span> <span class='ocrx_word' id='word_1_471' title='bbox 1523 2620 1602 2647; x_wconf 74' lang='lat' dir='ltr'>xeibo</span> <span class='ocrx_word' id='word_1_472' title='bbox 1622 2621 1746 2648; x_wconf 68' lang='lat' dir='ltr'>Notarii.</span> 
     </span>
    </p>
   </div>
   <div class='ocr_carea' id='block_1_25' title="bbox 1749 224 2046 259">
    <p class='ocr_par' dir='ltr' id='par_1_27' title="bbox 1749 224 2046 259">
     <span class='ocr_line' id='line_1_93' title="bbox 1749 224 2046 259; baseline 0.007 -4"><span class='ocrx_word' id='word_1_473' title='bbox 1749 224 1813 257; x_wconf 67' lang='lat'>263</span> <span class='ocrx_word' id='word_1_474' title='bbox 1860 233 1910 258; x_wconf 71' lang='lat' dir='ltr'>An.</span> <span class='ocrx_word' id='word_1_475' title='bbox 1926 232 1954 258; x_wconf 89' lang='lat' dir='ltr'>c.</span> <span class='ocrx_word' id='word_1_476' title='bbox 1982 233 2046 259; x_wconf 78' lang='lat'>167¹</span> 
     </span>
    </p>
   </div>
   <div class='ocr_carea' id='block_1_26' title="bbox 1871 1297 2054 1344">
    <p class='ocr_par' dir='ltr' id='par_1_28' title="bbox 1871 1297 2054 1344">
     <span class='ocr_line' id='line_1_94' title="bbox 1905 1297 2054 1322; baseline -0.007 -5"><span class='ocrx_word' id='word_1_477' title='bbox 1905 1297 2054 1322; x_wconf 67' lang='lat' dir='ltr'>Transumpto-</span> 
     </span>
     <span class='ocr_line' id='line_1_95' title="bbox 1871 1323 1991 1344; baseline -0.008 0"><span class='ocrx_word' id='word_1_478' title='bbox 1871 1330 1915 1344; x_wconf 83' lang='lat' dir='ltr'>runi</span> <span class='ocrx_word' id='word_1_479' title='bbox 1931 1323 1991 1343; x_wconf 78' lang='lat' dir='ltr'>tides.</span> 
     </span>
    </p>
   </div>
   <div class='ocr_carea' id='block_1_27' title="bbox 1891 2404 2012 2427">
    <p class='ocr_par' dir='ltr' id='par_1_29' title="bbox 1891 2404 2012 2427">
     <span class='ocr_line' id='line_1_96' title="bbox 1891 2404 2012 2427; baseline 0.025 -3"><span class='ocrx_word' id='word_1_480' title='bbox 1891 2404 2012 2427; x_wconf 70' lang='lat' dir='ltr'>Exordium.</span> 
     </span>
    </p>
   </div>
  </div>
 </body>
</html>
