2279 3260
129 248 179 274 An.
194 246 223 274 C.
245 246 314 274 1670

150 1726 248 1746 nativum
268 1726 305 1746 liu-

124 1753 155 1773 ius
180 1754 305 1774 declaratio-

123 1785 162 1801 ssu-

953 247 1095 270 CLEMENS
1118 249 1135 271 Χ
1161 248 1208 271 ΙΨ.

322 294 396 327 tatis
421 299 451 327 et
475 294 692 334 obedientiae,
719 304 848 328 necnon
874 294 1057 326 stabilitatis

321 347 353 378 iu
380 346 463 379 dicta
487 346 744 389 Congregalione
777 346 816 379 ad
850 346 998 379 effectum
1024 356 1056 378 se

321 404 387 432 toto
413 399 495 432 vitae
521 404 666 442 tempore
692 399 786 432 saluti
809 410 988 442 pauperum
1007 410 1058 430 ru-

320 451 516 484 sticanorum
541 452 749 494 applicandi,
787 457 859 494 post
890 450 1058 484 biennium

320 504 523 546 probationis
542 504 726 543 faciendae,
746 504 778 536 in
797 514 934 546 quorum
950 509 1056 535 tamen

320 561 468 588 votorum
494 556 666 589 emissione
691 567 786 588 nemo
813 556 983 588 interesset
1003 555 1057 598 qui

320 619 358 640 ea
382 614 576 651 acceptaret,
599 609 666 641 sive
684 608 815 641 nomine
833 607 1059 650 Congregatio-

318 660 380 700 nis,
406 661 471 693 sive
489 671 550 704 pro
568 665 716 703 tempore
734 660 902 693 existentis
922 659 1057 692 llomani

319 712 482 745 Pontificis
506 713 659 753 nomine3
687 718 716 745 et
747 718 820 745 vota
849 712 932 745 sicut
963 722 1058 754 supra

320 766 438 798 emissa
464 765 638 798 dissolvere
656 770 767 808 posset
786 766 873 797 solus
894 765 1057 797 Romanus

319 815 475 858 Pontifex,
502 829 632 850 necnon
658 823 690 850 et
714 818 864 861 superior
897 816 1058 859 generalis

319 871 422 903 dictae
445 870 715 912 Congrcgationis
740 870 771 901 in
797 875 869 902 actu
896 868 1059 901 dimissio-

319 924 368 956 nis
387 934 403 956 e
420 923 694 965 Congrcgatione;
721 933 818 955 nemo
839 927 943 954 autem
965 921 1056 960 alius,

319 976 415 1011 etiam
440 976 550 1018 vigore
577 975 808 1018 cuiuscumque
826 974 966 1013 iubilaei,
988 973 1059 1005 bul-

317 1022 369 1062 lae
394 1028 563 1068 cruciatae,
588 1039 645 1060 seu
671 1028 800 1060 alterius
834 1026 995 1070 privilegii
1028 1030 1059 1057 et

318 1074 445 1121 indulti,
472 1086 526 1113 aut
550 1081 785 1123 cuiuscumque
818 1078 1058 1112 constitutionis

317 1134 382 1167 sive
407 1133 639 1174 concessionis,
664 1133 725 1166 nisi
751 1134 782 1165 in
808 1133 854 1166 eis
880 1133 961 1165 facta
985 1131 1080 1163 suis-1

314 1192 367 1234 ⁴set
389 1186 539 1230 specialis
564 1187 687 1219 mentio
714 1187 832 1219 horum
851 1190 1001 1218 votorum
1017 1184 1059 1216 si-

318 1244 375 1272 cut
397 1249 494 1282 supra
519 1238 551 1270 in
578 1239 662 1271 dicta
679 1238 939 1281 Congregatione
961 1236 1059 1269 emis-

317 1302 439 1331 sorum,
466 1291 655 1331 dissolvere,
681 1296 736 1323 aut
759 1295 975 1329 commutare,
1008 1290 1056 1321 vel

318 1344 510 1386 dispensare
521 1348 634 1385 posset
647 1348 678 1375 et
687 1344 816 1382 valeret,
829 1342 949 1374 etalias
960 1346 1059 1384 prout

317 1395 350 1428 in
364 1396 464 1439 ipsius
479 1395 653 1427 Alexandri
669 1395 927 1438 praedecessoris
941 1393 1057 1426 litteris

317 1449 460 1491 desuper
484 1449 517 1480 in
542 1448 640 1481 simili
666 1449 768 1481 forma
788 1447 897 1480 Brevis
923 1447 975 1480 die
995 1457 1057 1479 xx11

317 1501 511 1544 septembris
537 1511 642 1534 MDCLX
668 1501 837 1544 expeditis,
856 1511 994 1544 quorum
1013 1505 1059 1532 te-

1100 306 1379 339 quorumcumque
1410 296 1564 329 Ordinurn
1597 302 1629 330 et
1661 307 1837 339 congrega—

1101 347 1251 388 tionum,
1280 359 1336 381 seu
1373 349 1592 382 institutorum
1629 349 1835 391 regularium,

1100 399 1194 431 etiam
1220 399 1463 433 confirmatione
1497 402 1677 444 apostolica
1706 403 1839 434 robora-

1101 452 1149 491 tis,
1178 463 1304 485 necnon
1330 453 1516 495 privilegiis,
1544 453 1677 486 indultis
1702 459 1734 486 ct
1756 453 1840 486 litte-

1099 504 1142 537 ris
1165 505 1352 548 apostolicis
1370 506 1492 538 eisdem
1510 506 1684 538 Ordinibus
1703 516 1740 538 ac
1766 517 1838 538 con·

1099 557 1342 608 gregationibus
1361 557 1537 598 concessis,
1554 558 1681 591 etiamsi
1702 558 1741 590 dc
1760 557 1835 598 illis,

1099 619 1278 653 eorumque
1303 610 1376 643 totis
1404 610 1571 643 tenoribus
1588 609 1751 653 specialis,
1771 620 1839 653 spe-

1099 661 1215 703 cifica,
1258 673 1412 706 expressa
1449 668 1481 696 et
1517 663 1681 696 individua
1716 663 1838 695 mentio

1101 716 1250 749 habenda
1277 717 1382 749 foret:

1143 770 1158 811 ἓ
1183 768 1214 801 02.
1243 769 1342 802 Nobis
1368 775 1542 812 propterea
1568 769 1672 802 dictus
1689 769 1838 812 superior

1099 822 1273 864 generalis,
1296 822 1429 865 cupiens
1447 832 1620 855 occurrere
1638 822 1740 855 dictae
1758 821 1840 854 Con-

1099 875 1297 917 gregationis
1323 876 1530 918 praeiudicio,
1553 881 1585 908 et
1611 876 1740 908 insimul
1766 885 1840 908 con—

1099 928 1205 959 sulere
1232 927 1440 960 conscientiis
1461 938 1586 968 eorum,
1608 928 1661 971 qui
1682 929 1760 961 tales
1782 927 1840 960 dis-

1099 979 1308 1021 pensationes
1351 990 1410 1011 scu
1454 980 1723 1012 commutationes
1757 980 1841 1013 obti-

1099 1031 1245 1064 nuissent
1275 1032 1325 1064 vel
1359 1031 1507 1064 obtinere
1540 1037 1760 1072 attentarent,
1786 1032 1841 1065 hu-

1078 1083 1219 1140 imiliter
1242 1083 1417 1126 supplicari
1444 1083 1519 1116 fecit
1540 1088 1574 1116 ut
1597 1083 1630 1116 in
1655 1084 1841 1127 praemissis

1099 1141 1286 1179 opportune
1325 1136 1499 1179 providere
1537 1141 1568 1169 et
1604 1141 1640 1168 ut
1676 1137 1760 1169 infra
1792 1136 1841 1169 in-

1077 1188 1080 1194 ’
1099 1189 1233 1230 dulgere
1258 1188 1297 1220 de
1314 1187 1515 1230 benignitate
1534 1189 1713 1231 apostolica
1730 1189 1841 1231 digna-

1098 1251 1218 1274 remur.
1245 1240 1308 1273 Nos
1332 1241 1443 1283 igitur,
1460 1241 1562 1284 ipsius
1588 1241 1766 1285 superioris
1789 1251 1840 1284 ge·

1100 1294 1218 1326 neralis
1244 1293 1409 1326 desiderio
1435 1293 1496 1326 hac
1513 1293 1546 1326 in
1564 1304 1599 1327 re
1617 1293 1839 1327 favorabiliter

1098 1357 1241 1379 annuere
1265 1347 1424 1387 volentes,
1458 1355 1597 1389 eumque
1621 1356 1639 1378 a
1670 1345 1836 1389 quibusvis

1098 1398 1453 1439 excommunicationis,
1473 1397 1700 1441 suspensionis
1733 1403 1766 1430 et
1789 1398 1838 1431 in-

1077 1444 1079 1458 ¹
1100 1451 1249 1491 terdicti,
1276 1451 1414 1495 aliisque
1440 1451 1675 1484 ecclesiasticis
1703 1457 1838 1484 senten-

1078 1505 1161 1545 tiis,
1187 1505 1335 1538 censuris
1368 1510 1400 1538 et
1426 1504 1554 1548 poenis,
1582 1515 1599 1537 a
1624 1504 1694 1537 iure
1720 1505 1771 1537 vel
1797 1505 1838 1537 ab

317 1560 432 1586 norem
458 1554 690 1597 praesentibus
716 1565 774 1597 pro
800 1555 895 1597 plene
922 1558 954 1585 et
975 1552 1059 1585 suffi-
1077 1566 1079 1599 s
1100 1557 1241 1597 homine,
1260 1558 1372 1602 quavis
1398 1557 1572 1591 occasione
1597 1558 1647 1590 vel
1668 1560 1766 1590 causa
1788 1558 1834 1590 la-

317 1606 442 1638 cienler
467 1617 622 1649 expresso
649 1611 680 1638 Ol
704 1606 825 1638 inserto
860 1605 973 1638 haberi
1006 1616 1059 1638 VO-
1078 1612 1080 1625 '
1101 1611 1153 1651 tis,
1184 1611 1211 1643 si
1239 1611 1356 1654 quibus
1386 1610 1635 1654 quomodolibet
1658 1610 1835 1642 innodatus

317 1660 433 1700 lUfflUS,
460 1659 594 1692 Uhssl'iUS
620 1660 814 1692 COlllissfflUl'·
1077 1647 1228 1705 iexistit‚
1255 1665 1295 1697 ad
1321 1663 1471 1697 effectum
1488 1663 1714 1707 praesentium
1745 1663 1839 1696 dum-

361 1713 376 1755 ἓ
401 1713 433 1745 1.
461 1712 538 1745 Cum
562 1717 678 1752 autem,
700 1711 781 1744 sicut
805 1712 940 1744 dilectus
973 1711 1057 1744 fllillS
1078 1703 1082 1744 i
1101 1722 1187 1749 taxat
1210 1717 1498 1760 consequendum,
1525 1717 1640 1749 harum
1668 1716 1755 1749 serie
1784 1716 1840 1748 ab·

317 1765 466 1809 superior
490 1765 653 1807 generalis
669 1764 774 1798 dictae
793 1764 1057 1807 Congregsslionis
1078 1756 1079 1784 ¹
1100 1771 1267 1803 solventes
1283 1775 1314 1803 et
1331 1771 1519 1803 absolutum
1543 1770 1612 1802 fore
1639 1774 1815 1802 censentes
1828 1795 1836 1810 ,

317 1818 479 1851 Missionis
494 1818 586 1851 nobis
602 1829 705 1861 nuper
722 1818 841 1861 exponi
855 1818 940 1859 fecit,
955 1817 1056 1861 quod¹
1077 1805 1080 1879 l
1099 1823 1288 1856 huiusmodi
1309 1823 1604 1866 supplicationibus
1626 1822 1782 1862 inclinati,
1797 1822 1837 1855 de

317 1872 418 1915 aliqui
444 1877 520 1915 post
544 1871 730 1904 huiUSfflOdi
767 1877 841 1904 vola
876 1871 908 1903 in
945 1872 1058 1904 Cstdssffl
1077 1891 1079 1903 v
1100 1877 1334 1910 venerabilium
1353 1877 1487 1909 fratrum
1500 1881 1689 1909 nostrorum
1703 1876 1784 1909 S.R.
1798 1876 1832 1908 E.

316 1924 575 1966 COssg'l'Og'dtiOssss
601 1923 719 1957 emissa
745 1924 850 1967 ipsam
879 1924 1058 1967 COllss—Sl'ssgst·
1077 1960 1078 1965 ,
1098 1930 1311 1964 cardinalium
1326 1929 1460 1963 Concilii
1477 1928 1656 1962 Tridentini
1676 1928 1836 1972 interpre-

317 1978 438 2010 tionem
460 1977 677 2018 deseruerint,
697 1982 883 2010 asserentes
901 1988 936 2010 se
958 1978 1057 2010 dicto·
1076 2004 1079 2021 ,
1099 1988 1163 2015 mm
1188 1983 1345 2023 consilio,
1372 1983 1459 2026 quod
1483 1987 1557 2015 vota
1589 1981 1776 2024 praedicta,
1803 1981 1836 2013 in

316 2041 388 2063 rum
412 2037 562 2063 votorum
588 2030 866 2073 dispensationem
891 2041 948 2063 seu
973 2042 1058 2063 com-

316 2084 527 2116 mutationem
546 2083 725 2116 obtinuisse
743 2094 760 2116 a
778 2084 972 2127 quibusdam
985 2095 1056 2117 con-

317 2137 461 2169 fessariis
479 2137 587 2178 rigore
606 2136 787 2170 litterarum
805 2137 1055 2180 apostolicarum

317 2200 417 2233 super
441 2189 585 2222 iubilaeo
612 2195 844 2230 emanatarum,
871 2200 907 2222 ac
929 2191 1056 2234 praedi-

317 2247 384 2275 ctos
397 2242 615 2275 confessarios
630 2243 773 2286 potuisse
789 2243 986 2286 dispensare,
998 2254 1055 2277 scu

317 2301 518 2330 commutare
545 2296 733 2329 huiusmodi
758 2302 840 2338 vota,
867 2297 941 2341 quia
957 2298 990 2331 in
1011 2299 1056 2331 di-

317 2349 376 2383 ctis
400 2349 515 2382 litteris
540 2350 727 2382 conceditur
751 2350 882 2383 facultas
914 2362 1057 2384 commu-

317 2403 405 2436 tandi
442 2408 515 2436 vota
549 2413 792 2447 quaecumque,
833 2404 987 2438 castitatis
1025 2412 1057 2439 et

317 2454 486 2497 religionis
520 2457 681 2498 exceptis,
718 2467 754 2489 ac
786 2457 903 2490 deinde
935 2459 967 2491 in
992 2459 1054 2492 fine

318 2509 492 2550 derogatur
527 2510 694 2543 contrariis
732 2510 997 2555 quibuscumque,
1024 2520 1056 2546 et

317 2561 351 2595 in
386 2563 498 2606 speeie
533 2564 660 2597 statutis
694 2571 726 2598 et
765 2566 1054 2601 consuetudinibus

356 2624 366 2651 1
385 2623 517 2652 Particula
533 2626 608 2661 quod
623 2630 729 2662 praeter
743 2636 802 2656 rem
817 2632 856 2656 est
870 2631 907 2665 (R.
920 2630 968 2665 τ.).

1076 2028 1078 2091 ᾗ
1098 2036 1182 2069 dicta
1197 2035 1456 2078 Congregatione
1473 2034 1634 2067 Missionis
1655 2039 1730 2078 post
1748 2034 1836 2066 illius

1098 2088 1379 2122 confirmationem
1416 2087 1626 2131 apostolicam
1661 2088 1836 2131 praefatam

1098 2142 1213 2175 emissa
1226 2146 1258 2174 et
1276 2141 1461 2181 emittenda,
1478 2141 1516 2174 ab
1537 2141 1609 2174 aliis
1627 2151 1723 2184 quam
1741 2151 1758 2172 a
1774 2151 1833 2184 pro

1099 2200 1245 2238 tempore
1271 2194 1430 2227 existente
1456 2195 1600 2227 Romano
1626 2193 1781 2226 Pontifice
1803 2198 1835 2227 et

1098 2248 1268 2292 superiore
1306 2247 1451 2290 generali
1482 2247 1627 2280 eiusdem
1651 2246 1835 2289 Congrega-

1099 2301 1193 2335 tionis
1217 2301 1250 2334 in
1275 2307 1347 2333 actu
1373 2300 1570 2334 dimissionis
1596 2301 1635 2333 ab
1660 2300 1730 2343 ipsa
1753 2300 1835 2333 Con-

1098 2354 1298 2397 gregatione‚
1314 2353 1399 2386 licite
1419 2358 1450 2386 et
1467 2353 1571 2387 valide
1588 2364 1653 2386 non
1671 2353 1836 2396 potuerint

1098 2418 1157 2440 nec
1182 2406 1306 2450 possint
1330 2406 1522 2449 dispensari,
1550 2406 1756 2447 commutari,
1781 2411 1836 2438 aut

1097 2460 1175 2493 alias
1200 2460 1450 2503 quomodolibet
1486 2459 1616 2493 dissolvi
1648 2458 1757 2501 vigore
1781 2469 1835 2491 cu-

1097 2514 1287 2556 iuscumque
1323 2512 1476 2554 iubilaei,
1506 2513 1614 2546 bullae
1651 2513 1831 2553 cruciatae,

1097 2578 1155 2600 seu
1181 2567 1312 2600 alterius
1337 2566 1507 2610 privilegii,
1532 2565 1658 2607 indulti,
1676 2564 1832 2599 constitu-

1096 2621 1192 2655 tionis
1217 2621 1283 2656 sive
1308 2620 1525 2655 concessionis
1554 2631 1619 2653 non
1646 2616 1829 2653 facientium

1762 239 1799 275 61
1849 250 1897 277 An.
1913 249 1942 277 c.
1964 249 2032 276 ¹670

1875 783 1951 802 rrum
1970 788 2030 828 anpo-

2008 816 2031 829 li.

1848 810 1910 829 riom
1918 815 1995 834 genera

1874 1887 2004 1910 Deciani-atio.
