2279 3260
200 232 249 258 An.
265 231 293 258 C.
317 229 384 259 1672

241 554 310 574 Tcnur
325 553 380 573 nnti-

197 585 304 600 natuouuni
315 580 381 600 saeta.

198 613 250 626 ΓυΙΙΙ.

1017 229 1158 255 ΟΒΕΝΝΕ
1179 231 1197 255 X
1222 230 1270 255 PP.

392 280 505 313 mediis
518 280 749 320 consultarent,
767 279 928 322 nobisque
947 279 1122 311 sententias

390 343 461 365 suas
480 333 649 365 referrent.
665 331 712 364 Illi
728 342 811 371 vero,
830 331 987 364 mandatis
1004 331 1122 364 nostris

388 385 619 427 obsequentes,
658 395 692 417 re
733 389 858 416 mature
884 384 1123 426 diligenterque

389 440 557 481 perpensa,
583 448 641 480 pro
667 437 766 480 ipsius
788 437 1055 480 Congregationis
1080 438 1123 469 le-

392 496 540 524 vamento
582 490 737 533 expedire
770 495 967 522 censuerunt
985 501 990 522 τ

434 553 456 576 1.
476 542 612 585 Capituli
634 543 794 585 generalis
819 544 962 576 eiusdem
987 542 1125 585 Congre-

392 595 529 637 gationis
552 595 803 628 celebrationem
820 607 838 628 a
862 596 1001 628 triennio
1019 596 1057 627 ad
1076 606 1124 627 se-

391 648 540 680 xennium
558 648 756 691 prolungari,
772 649 847 681 inde
867 649 950 681 enim
965 657 1122 691 expensas

390 701 645 734 eonsiderabiles
680 712 739 744 pro
780 712 911 734 accessu
929 727 936 740 ‚
969 702 1060 732 mora
1093 705 1124 732 et

388 764 516 786 recessu
538 765 554 786 a
571 755 642 786 loeo
667 753 796 796 capituli
823 753 1023 785 necessarias
1041 762 1125 784 rese-

387 806 476 848 cari,
512 807 655 849 capitulo
695 811 801 838 autem
839 805 1021 838 huiusmodi
1058 815 1122 837 non

386 870 484 903 posse
509 871 569 892 nee
587 860 703 892 dehere
729 859 786 891 sub
807 869 1013 901 quocumque
1031 869 1122 901 prae-

389 918 474 945 textu
501 913 656 944 interesse
682 912 770 951 alios,
797 916 925 953 praeter
948 912 1032 943 solos
1068 911 1122 942 ab-

387 965 476 998 bates
509 964 676 1007 regiminis
702 969 733 997 et
757 963 928 1003 titulares;
955 974 1015 1006 per
1039 974 1120 1006 quae

389 1018 451 1050 duo
477 1017 581 1061 capita
605 1017 819 1059 Congregatio
840 1017 985 1059 praefata
1007 1017 1122 1049 annuis

389 1071 536 1113 expensis
552 1070 640 1103 mille
665 1074 826 1102 scutorum
845 1069 948 1102 dictae
974 1075 1120 1102 monetae

387 1128 617 1156 exoneraretur
633 1133 640 1155 2

430 1176 677 1209 11.Visitationes
692 1176 823 1208 alternis
837 1175 928 1208 annis
945 1175 1014 1208 fieri
1029 1177 1122 1209 debe-

384 1239 433 1269 re3
448 1239 543 1271 posse
562 1228 647 1261 enim
662 1239 700 1261 eo
719 1239 813 1270 anno,
831 1240 893 1272 quo
908 1229 1044 1262 visitatio
1056 1240 1119 1262 non

384 1281 487 1321 fieret,
512 1281 637 1314 casibus
662 1283 907 1314 occurrentibus
929 1293 989 1325 per
1012 1283 1120 1315 visita-

385 1339 487 1367 torem
507 1334 594 1367 illius
610 1334 804 1377 provinciae,
821 1334 853 1366 in
868 1345 928 1377 qua
944 1346 1034 1367 casus
1050 1345 1120 1367 eve·
1140 1347 1142 1359 ¹

384 1387 485 1427 niret,
510 1387 699 1430 provideri;
729 1387 852 1429 hacque
878 1387 1003 1419 ratione
1029 1387 1117 1420 mille

383 1446 535 1473 sexcenta
559 1447 648 1473 scuta
668 1440 759 1483 paria
784 1440 948 1472 annuatim
970 1451 1119 1483 compen-

383 1493 425 1525 dii
453 1493 545 1526 fieri:

426 1556 474 1578 111.
491 1545 720 1588 Abrogandum
738 1545 870 1577 omnino
888 1550 981 1588 atque
1001 1547 1118 1579 tollen-

383 1599 459 1632 dum
474 1609 544 1631 esse
561 1609 655 1630 usum
671 1598 835 1630 cuiusdam
855 1599 1067 1631 recreationis
1085 1599 1116 1631 in

382 1651 466 1684 dicta
483 1650 741 1694 Congregatione
761 1651 933 1693 quotannis
954 1651 1021 1683 fieri
1042 1652 1118 1685 soli-

381 1709 442 1743 tae,
475 1714 555 1746 quae
584 1703 726 1735 Venlura
757 1708 898 1744 vocatur,
926 1703 1117 1737 confirman-

381 1757 522 1799 dumque
556 1756 722 1789 decretum
751 1756 1004 1799 prohibitorium
1030 1757 1116 1791 illius

381 1810 420 1841 ab
439 1809 551 1842 eadem
578 1809 836 1851 Congregatione
866 1809 988 1852 pluries
1013 1811 1112 1843 reite-

380 1867 482 1894 ratum
497 1888 504 1901 ,
538 1862 623 1894 unde
665 1861 756 1894 annis
797 1862 933 1904 singulis
958 1874 1116 1906 expensae

381 1915 691 1957 quadringentorum
746 1920 907 1947 scutorum
961 1916 1114 1949 similium

379 1973 548 2010 parcetur:

1136 512 1145 539 κ.

422 2031 464 2053 lv.
492 2021 593 2053 Porro
618 2020 854 2053 resecationum
892 2027 919 2054 et
956 2033 1112 2065 compen-

380 2073 505 2106 diorum
540 2073 744 2113 huiusmodi,
770 2085 850 2116 quae
877 2075 1050 2117 quotannis
1076 2077 1114 2109 ad

379 2137 537 2159 summam
562 2126 658 2158 trium
685 2126 820 2159 millium
848 2133 1014 2160 scutorum
1041 2140 1114 2161 mo-

379 2186 472 2212 netae
491 2179 652 2222 praefatae
670 2180 853 2219 ascendent,
870 2181 1113 2223 repartitionem

379 2232 463 2264 inter
488 2232 595 2264 omnia
616 2233 814 2264 monasteria
839 2233 941 2265 dictae
973 2234 1115 2276 Congre-

379 2284 525 2327 gationis,
541 2289 676 2327 excepto
690 2285 887 2318 monasterio
898 2286 1027 2318 Tremiti
1040 2298 1116 2319 nun-

379 2343 505 2381 cupato,
532 2338 570 2370 ab
596 2338 709 2370 abbate
736 2339 879 2381 generali
905 2339 1004 2383 ipsius
1036 2340 1115 2373 Con-

379 2390 577 2433 gregationis
607 2392 876 2433 proportionatim
902 2392 971 2425 tieri
997 2394 1114 2427 dobere

379 2444 417 2476 ad
450 2450 551 2476 ratam
583 2454 676 2486 quam
706 2446 961 2489 unumquodque
991 2457 1116 2480 monas-

379 2497 494 2529 terium
518 2507 577 2540 pro
604 2496 682 2529 taxis
707 2498 925 2531 visitationum
950 2499 1053 2540 solvit,
1086 2505 1116 2532 et

378 2550 583 2592 singulorum
626 2551 895 2583 monasteriorum
947 2552 1115 2594 portiones

378 2602 551 2649 quotannis
591 2602 764 2635 mittendas
805 2603 872 2636 sore
911 2605 948 2637 ad
986 2615 1114 2649 capsam

1164 279 1334 322 publicam,
1361 279 1632 322 quemadmodum
1653 280 1736 313 eirca
1761 285 1904 323 praesta-

1167 330 1268 364 tiones
1293 331 1430 364 aliorum
1455 342 1597 372 onerum,
1624 343 1706 375 quae
1741 333 1779 366 de
1811 343 1904 376 prae-

1165 384 1247 417 senti
1272 385 1407 425 solvunt,
1426 390 1571 417 servatur
1587 396 1593 416 z

1209 447 1238 469 v.
1262 437 1460 480 Applieanda
1482 448 1608 480 quoque
1630 437 1696 470 sore
1719 438 1824 470 eidem
1845 449 1899 471 ca-

1166 500 1242 531 psae
1260 490 1406 533 publicae
1422 490 1524 533 spolia
1538 490 1768 523 canouittrorum
1782 493 1903 533 regula-

1166 541 1247 573 rium
1268 541 1372 575 ‹lietae
1391 542 1658 585 Congregationis
1681 554 1738 586 pro
1758 549 1901 586 tempore

1167 593 1404 635 decedentium,
1416 594 1546 638 illaque,
1562 595 1691 638 praevia
1710 595 1904 628 aestimatio-

1167 656 1205 677 ne
1219 657 1278 689 per
1291 647 1371 680 duos
1387 648 1506 690 peritos
1525 648 1563 680 ab
1582 648 1751 681 abbatibus
1772 654 1803 681 et
1817 649 1903 691 capi-

1168 698 1239 731 tulis
1257 701 1525 733 monasteriorum
1550 702 1720 744 eligendos
1747 702 1900 741 facienda,

1165 752 1268 791 vendi,
1288 763 1324 784 ae
1342 753 1556 786 inventarium
1574 753 1637 787 nna
1654 758 1724 787 cum
1743 753 1849 797 pretio
1872 759 1903 786 et

1165 805 1442 838 aestimationibus
1464 807 1495 839 in
1517 808 1599 840 libro
1624 818 1682 850 per
1697 807 1902 851 unumquod-

1166 868 1227 900 que
1254 859 1485 891 monasterium
1517 861 1555 891 ad
1582 860 1668 892 hune
1702 859 1797 892 finem
1827 861 1903 893 reti-

1165 911 1273 943 nendo
1303 912 1448 944 annotari
1476 913 1607 953 debere,
1636 924 1731 955 quae,
1755 914 1830 946 lieet
1854 914 1902 946 in-

1164 968 1252 995 eerta
1277 963 1352 1004 sint,
1380 969 1485 997 tamen
1507 965 1546 998 de
1568 966 1743 1008 praeterito
1761 967 1799 999 ad
1818 977 1902 999 sum-

1164 1028 1247 1049 mam
1281 1017 1368 1050 mille
1397 1023 1426 1050 et
1454 1019 1707 1061 quingentorum
1734 1024 1899 1052 scutorum

1164 1069 1314 1102 similiinu
1342 1072 1506 1104 annuatim
1533 1073 1688 1104 calculata
1713 1072 1860 1105 suerunt:

1207 1133 1250 1156 vi.
1288 1123 1326 1155 Et
1366 1123 1442 1167 quia
1483 1124 1612 1157 unicum
1652 1125 1900 1158 assecurationis

1164 1186 1279 1219 capsae
1310 1176 1459 1219 publicae
1498 1177 1681 1210 huiusmodi
1721 1178 1900 1211 remedium

1163 1234 1313 1271 superest
1334 1229 1359 1261 si
1385 1229 1513 1263 litterae
1541 1230 1640 1263 felicis
1663 1231 1899 1263 recordationis

1161 1280 1247 1314 Pauli
1267 1282 1370 1325 Papae
1388 1283 1410 1314 V
1431 1284 1692 1326 praedecessoris
1717 1284 1820 1316 nostri
1848 1285 1898 1317 die

1161 1344 1202 1366 ΧΠ
1221 1334 1331 1377 aprilis
1348 1345 1471 1368 nncvin
1493 1342 1657 1368 emanatae
1681 1342 1712 1368 et
1729 1336 1898 1379 chirogra-

1161 1387 1261 1429 phum
1292 1388 1486 1420 recolendae
1521 1388 1698 1421 memoriae
1727 1388 1898 1421 Alexandri

1161 1440 1263 1483 Papae
1284 1440 1333 1472 vll
1366 1441 1623 1483 praedecesmris
1650 1441 1772 1485 pariter
1796 1442 1896 1474 nostri

1160 1504 1256 1525 manu
1281 1493 1498 1536 subscriptum
1526 1499 1555 1527 et
1582 1495 1633 1527 die
1661 1505 1691 1528 Vl
1715 1495 1896 1527 decembris

1160 1556 1299 1579 ‚unexmv
1319 1546 1504 1589 expeditum
1526 1547 1704 1579 executioni
1742 1547 1896 1580 manden-

1139 1617 1141 1635 ;
1161 1604 1220 1639 tur,
1245 1599 1458 1632 ordinandum
1474 1600 1538 1632 sore
1558 1605 1591 1631 ut
1612 1600 1728 1642 singuli
1748 1601 1896 1643 superio-

1160 1663 1210 1685 res
1232 1652 1504 1685 monasteriorum
1522 1653 1760 1696 provinciarum
1778 1654 1896 1686 Medio-

1160 1705 1302 1738 lanensis
1333 1710 1365 1737 et
1389 1706 1611 1746 Pedemontii,
1638 1717 1692 1739 seu
1718 1706 1895 1739 Dacaliuae

1160 1764 1370 1801 nuncupatae,
1389 1760 1476 1792 bona
1493 1759 1618 1792 stabilia
1634 1760 1784 1800 vendere,
1801 1770 1895 1802 pecu-

1159 1812 1226 1845 nias
1241 1812 1278 1845 ad
1294 1823 1426 1845 censum
1437 1824 1559 1856 capere,
1573 1813 1675 1846 ctalia
1685 1814 1800 1853 omnia,
1813 1825 1893 1856 quae

1159 1875 1216 1907 per
1245 1866 1367 1898 litteras
1397 1871 1428 1898 et
1452 1866 1671 1909 chirographa
1707 1866 1892 1899 huiusmodi

1137 1925 1138 1949 ἑ
1158 1918 1358 1960 ordinantur,
1379 1919 1483 1951 facere
1502 1920 1652 1959 debeant,
1673 1930 1743 1952 cum
1765 1920 1894 1962 partit-i«

1136 1988 1138 1996 ι
1158 1971 1289 2014 patione
1315 1977 1421 2004 tamen
1440 1972 1564 2005 abbatis
1590 1972 1751 2015 generalis
1773 1978 1803 2005 et
1823 1983 1893 2005 eon-

1158 2035 1254 2057 sensu
1280 2025 1388 2058 dilecti
1414 2024 1470 2058 silii
1488 2026 1589 2058 nostri
1606 2025 1708 2058 Caroli
1726 2026 1890 2058 Barberini

1158 2083 1286 2110 sanctae
1312 2078 1472 2111 Romanae
1490 2078 1653 2111 Ecclesiae
1680 2079 1804 2111 diaconi
1826 2089 1893 2111 car»

1135 2129 1137 2170 ¹,
1158 2131 1274 2163 dinalis
1308 2131 1410 2163 diotae
1436 2131 1702 2174 Congregationis
1726 2131 1809 2174 apud
1832 2143 1890 2164 nos

1135 2187 1137 2189 ’
1158 2190 1189 2216 et
1201 2183 1315 2216 Sedem
1330 2184 1545 2227 Apostolicam
1558 2184 1764 2227 protectoria,
1780 2184 1817 2216 ad
1830 2185 1891 2217 hoc

1156 2241 1191 2269 ut
1214 2237 1384 2280 proprium
1416 2237 1668 2279 uniuscuiusque
1702 2237 1890 2269 monasterii

1158 2289 1300 2321 debitum
1319 2288 1461 2332 extingui
1480 2289 1600 2331 possit3
1621 2294 1714 2332 atque
1729 2289 1772 2321 ita
1787 2289 1889 2322 dietae

1157 2341 1268 2373 literae
1283 2347 1315 2374 et
1332 2341 1586 2384 chirographum
1604 2342 1787 2375 executioni
1804 2352 1892 2374 man«

1158 2395 1231 2426 data
1247 2400 1435 2427 remaneant
1461 2397 1498 2426 ea
1516 2395 1614 2427 torma
1633 2405 1715 2438 quae
1737 2400 1891 2438 opportu-

1157 2447 1229 2479 nior
1248 2447 1357 2489 suerit,
1376 2447 1419 2480 ita
1437 2454 1473 2479 ut
1496 2449 1610 2481 saltem
1627 2459 1740 2481 omnes
1757 2448 1890 2481 solutio-

1157 2511 1213 2532 nes
1232 2511 1309 2543 quas
1327 2511 1441 2544 capsae
1460 2501 1606 2544 publicae
1625 2501 1657 2533 in
1675 2502 1740 2534 suis
1762 2501 1891 2544 provin-

1157 2553 1213 2585 ciis
1232 2553 1351 2586 faciunt
1368 2565 1423 2586 seu
1443 2554 1547 2587 facere
1566 2555 1685 2587 debent
1702 2555 1775 2587 inde
1796 2559 1891 2586 retra-

1159 2606 1285 2648 hantur,
1303 2607 1552 2652 obligenturque
1572 2608 1634 2653 ipsi
1651 2608 1834 2652 superiores
1851 2608 1890 2644 ad

1804 222 1862 257 331
1913 231 1965 259 An.
1980 231 2008 258 c.
2031 231 2097 258 ¹672
