2279 3260
140 227 191 256 An.
212 228 243 255 C.
262 228 331 256 1675

958 229 1100 254 CLEMENS
1122 231 1140 254 X
1166 231 1212 254 Pr.

334 282 449 318 status,
485 278 614 321 gradus,
639 277 770 316 ordinis,
797 277 1070 321 praeeminentiae

334 336 366 363 ct
390 330 562 373 dignitatis,
589 336 642 363 aut
666 331 743 363 alias
767 330 915 373 specifica
937 335 967 362 et
993 329 1072 362 iudi-

332 382 427 415 vidua
462 383 627 416 mentione
654 388 685 415 et
717 383 925 426 expressione
960 382 1070 424 digni,

334 435 398 468 illis
423 445 488 467 non
508 436 742 476 consenserint,
763 446 822 468 nee
843 436 881 468 ad
901 446 936 467 ca
956 434 1070 475 vocati,

334 488 420 520 citati
453 493 484 521 et
515 488 626 530 auditi,
656 499 759 532 neque
784 498 914 527 causae,
940 492 1073 530 propter

335 551 414 584 quas
431 546 622 584 praesentes
638 541 826 581 t'ti‘iiauariut,
844 541 1013 579 adductae,
1026 550 1072 571 ve-

335 594 477 627 rificatae
502 595 552 627 vel
578 594 766 627 iustiIIcatae
791 593 922 633 suerint,
956 598 1011 625 aut
1035 603 1070 624 cx

335 647 397 681 alia
427 657 627 690 quacumque
653 647 749 679 etiam
777 645 979 689 quantumvis
997 644 1072 687 Iegi-

335 700 421 739 tima,
447 700 590 741 iuridica,
616 699 668 743 pia
685 705 717 732 et
737 698 939 743 privilegiata
963 698 1078 741 causa,

335 755 463 793 colore,
495 758 665 796 praetextu
701 757 733 785 et
767 752 890 795 capite,
921 751 1015 783 etiam
1040 749 1070 781 in

335 817 472 850 corpore
491 806 566 839 iuris
583 807 700 845 clauso,
719 806 809 838 nullo
826 814 968 847 unquam
995 807 1073 834 tem-

335 869 415 902 pore
430 859 468 891 de
487 858 710 901 subreptionis
728 862 781 890 aut
804 856 962 890 nullitatis
985 854 1070 893 vitio,

335 922 392 945 seu
429 911 619 945 intentionis
658 916 788 943 nostrae
827 915 880 942 aut
918 909 1071 940 interesse

336 964 525 998 habentium
558 974 754 1002 consensus,
788 962 891 994 aliove
928 960 1072 1003 quolibet

336 1018 430 1050 etiam
456 1016 657 1059 quantumvis
677 1026 795 1058 magno
813 1025 849 1047 ac
867 1011 1070 1046 substantiali

336 1081 371 1102 ac
394 1069 591 1102 individuam
618 1067 859 1111 expressionem
884 1065 1070 1108 requirente

336 1122 463 1155 defectu
489 1121 605 1161 notari,
624 1120 816 1164 impugnari,
835 1118 998 1160 redargui,
1025 1117 1073 1149 in-

337 1175 445 1217 fringi,
471 1174 651 1213 retractari,
671 1173 710 1206 ad
737 1173 817 1205 viam
843 1183 896 1203 seu
916 1170 1071 1203 terminos

336 1228 416 1261 iuris
442 1227 566 1266 reduci,
598 1231 651 1259 aut
680 1226 712 1258 in
745 1225 997 1258 controversIam
1022 1234 1074 1255 vo-

337 1280 416 1320 cari,
435 1290 493 1313 seu
518 1280 671 1312 adversus
695 1279 766 1311 illas
790 1277 978 1320 aperitionis
995 1276 1072 1316 oris,

338 1333 551 1366 restitutionis
577 1332 608 1363 iu
636 1332 805 1373 integrum,
828 1330 951 1362 aliudve
974 1329 1074 1372 quod-

338 1396 474 1429 cumque
493 1385 580 1425 iuris,
596 1385 667 1417 sacti
687 1385 735 1416 vel
759 1383 879 1426 gratiae
895 1382 1073 1415 remedium

339 1439 493 1471 intentari
518 1439 567 1470 vel
593 1437 773 1480 impetrari,
801 1447 857 1468 seu
884 1436 1074 1479 impetrato,

339 1497 392 1525 aut
423 1491 518 1524 etiam
543 1497 631 1523 motu
648 1516 655 1530 ‚
689 1489 822 1522 seientia
846 1494 874 1521 et
909 1487 1075 1531 potestatis

338 1544 542 1588 plenitudine
561 1543 692 1586 paribus
711 1552 865 1575 concesso
882 1542 929 1573 vel
955 1550 1075 1573 emana-

340 1603 386 1637 to,
410 1597 595 1641 quempiam
621 1596 651 1628 in
675 1595 795 1627 iudicio
816 1596 865 1627 vel
883 1600 971 1627 extra
996 1594 1074 1626 illud

339 1650 385 1682 uti
406 1660 461 1682 seu
487 1659 520 1681 se
546 1649 650 1680 iuvare
678 1658 785 1690 posse,
810 1647 864 1679 sed
883 1647 969 1689 ipsas
989 1656 1076 1688 prae-

341 1708 447 1735 sentes
473 1702 596 1734 litteras
621 1710 749 1743 semper
771 1699 889 1739 strmas,
909 1698 1028 1731 validas
1046 1702 1077 1730 et

342 1755 490 1788 efficaces
515 1754 653 1787 existere
678 1758 710 1785 ct
735 1753 819 1791 sore,
844 1762 984 1795 suosque
1010 1751 1077 1793 ple-

341 1809 449 1841 narios
467 1814 498 1841 et
512 1808 657 1850 integros
675 1806 806 1839 effectus
821 1805 928 1838 sortiri
945 1810 976 1838 et
996 1805 1077 1837 obti-

341 1872 428 1901 nere,
456 1871 492 1893 ac
516 1860 599 1901 illis,
625 1860 664 1892 ad
689 1870 769 1903 quos
789 1863 912 1902 spectat
929 1863 960 1891 et
978 1868 1078 1902 quan-

342 1914 521 1957 documque
536 1913 694 1956 spectabit
709 1912 742 1944 in
760 1913 912 1953 futurum,
932 1911 964 1944 in
981 1911 1078 1944 omni-

341 1967 401 2000 bus
427 1972 458 1999 et
482 1977 540 2010 per
565 1965 671 1998 omnia
685 1965 872 2008 plenissime
897 1964 1073 2007 suffragari,

344 2026 375 2052 et
403 2020 442 2052 ab
474 2019 521 2052 eis
550 2018 730 2062 respective
762 2018 991 2050 inviolabiliter
1022 2018 1078 2051 ob-

1115 288 1168 310 cus
1200 289 1298 322 super
1323 279 1372 311 Itis
1397 291 1412 311 a
1439 291 1620 323 quoquam,
1648 282 1757 324 quavis
1794 293 1846 314 αη-

1113 331 1272 372 ctoritate,
1298 333 1437 365 scienter
1463 336 1511 367 vcl
1530 335 1726 376 ignoranter,
1746 335 1848 367 couti-

1114 384 1195 425 gerit
1215 385 1376 418 attentari.

1156 438 1170 480 g
1191 437 1243 470 402.
1270 438 1423 476 Quocirca
1441 445 1618 473 memorato
1638 440 1784 473 Marcello
1803 450 1846 472 ar-

1114 490 1309 542 cffipiscopo,
1324 493 1482 526 moderno
1503 499 1533 525 ct
1549 504 1609 536 pro
1628 500 1772 536 tempore
1787 505 1847 526 cxi-

1114 544 1208 575 steuti
1245 550 1357 577 nostro
1383 550 1411 577 et
1441 545 1531 578 Sedis
1555 547 1717 589 praefatae
1744 546 1774 578 in
1802 546 1848 579 di-

1114 595 1170 627 etis
1195 597 1301 639 regnis
1331 598 1461 637 nuntio,
1487 609 1522 632 ac
1553 598 1727 631 venerabili
1750 598 1846 631 etiam

1116 648 1201 680 t'ratri
1239 650 1484 693 archiepiscopo
1517 650 1757 693 tsslyssipononsi
1791 662 1849 694 per

1115 707 1302 743 praesentes
1342 708 1427 735 motu
1462 703 1528 746 pari
1563 703 1792 736 committimus
1818 709 1849 735 et

1115 753 1312 792 mandamus,
1327 760 1483 796 quatenus
1499 755 1568 798 ipsi,
1584 757 1630 788 vel
1650 756 1706 788 illi¹
1726 767 1846 794 corum,

1114 812 1302 847 praesentes
1338 807 1460 839 litteras
1491 813 1519 839 et
1557 808 1586 839 iu
1621 808 1666 840 eis
1697 814 1849 841 contenta

1115 868 1326 901 quecumque,
1352 859 1404 891 ubi
1433 866 1460 891 et
1489 861 1616 902 quando
1642 871 1721 904 opus
1741 861 1847 902 suerit,

1115 914 1146 941 et
1176 911 1303 952 quoties
1334 922 1392 953 pro
1430 917 1519 954 parte
1556 913 1715 955 praestitae
1748 923 1849 945 novae

1115 963 1376 1004 congregationis
1415 964 1547 1007 eiusque
1582 964 1785 1007 superiorum
1821 970 1852 997 et

1117 1014 1248 1046 fratrum
1274 1025 1330 1047 seu
1356 1015 1490 1047 alicuius
1516 1027 1626 1049 eorum
1661 1017 1777 1050 suerint
1802 1028 1850 1050 re-

1116 1067 1243 1109 quisiti,
1269 1078 1326 1110 per
1351 1079 1385 1101 se
1411 1070 1458 1101 vel
1484 1069 1580 1101 alium
1606 1080 1660 1102 seu
1687 1070 1777 1110 alios,
1804 1081 1853 1103 so-

1118 1119 1266 1152 lemniter
1297 1121 1518 1163 publicantes,
1545 1122 1674 1165 illisque
1704 1122 1734 1154 in
1761 1134 1854 1165 prae-

1116 1172 1219 1205 missis
1247 1173 1384 1205 efficacis
1410 1173 1606 1207 defensionis
1625 1176 1787 1217 praesidio
1805 1186 1854 1208 as-

1118 1225 1276 1265 sistentes,
1293 1225 1410 1257 t'aciant
1437 1227 1626 1259 auctoritate
1653 1229 1762 1259 nostra
1780 1228 1854 1260 illos

1118 1278 1335 1320 praesentium
1360 1279 1542 1312 litterarum
1563 1285 1594 1312 et
1611 1280 1643 1312 in
1662 1280 1708 1313 eis
1726 1287 1855 1313 conten<

1119 1336 1222 1363 torum
1257 1331 1440 1365 huiusmodi
1475 1333 1647 1366 commodo
1683 1338 1712 1366 et
1741 1332 1855 1366 ell'ectu

1118 1383 1250 1425 pacitice
1278 1383 1336 1415 srui
1363 1390 1394 1416 et
1412 1385 1563 1426 gaudere,
1585 1396 1650 1418 non
1667 1386 1856 1428 permitten-

1120 1441 1165 1468 tes
1189 1436 1263 1469 illos
1288 1437 1429 1480 desuper
1447 1450 1464 1470 a
1485 1449 1655 1481 quoquam,
1680 1440 1788 1482 quavis
1807 1450 1857 1471 au-

1118 1488 1275 1527 ctoritate,
1302 1490 1548 1532 quomodolibet
1583 1491 1724 1524 indebite
1757 1493 1856 1524 mole—

1119 1540 1205 1581 stari,
1234 1543 1415 1584 perturbari
1443 1545 1490 1576 vcl
1518 1543 1703 1586 inquietari,
1731 1550 1856 1577 contra-

1120 1593 1259 1627 dictores
1284 1596 1446 1638 quoslibet
1482 1601 1512 1629 et
1538 1598 1675 1629 rebelles
1700 1608 1760 1640 per
1784 1608 1856 1629 scn-

1121 1648 1246 1687 tentias,
1263 1658 1414 1681 censuras
1432 1654 1463 1681 et
1479 1660 1603 1692 poenas
1621 1650 1855 1683 ecclesiasticas

1120 1700 1247 1743 aliaque
1273 1706 1457 1744 opportuna
1487 1701 1566 1734 iuris
1599 1707 1631 1735 et
1655 1702 1729 1735 sacti
1754 1713 1855 1736 reme-

1120 1753 1180 1793 dia,
1199 1754 1418 1796 appellatione
1436 1754 1627 1798 postposita,
1649 1766 1857 1798 compescen-

1121 1805 1174 1845 do,
1201 1805 1418 1850 legitimisque
1437 1818 1534 1851 super
1549 1808 1598 1840 liis
1616 1808 1773 1845 habendis
1790 1819 1857 1841 ser-

1120 1859 1199 1891 vatis
1223 1860 1428 1902 processibus
1445 1887 1452 1900 ,
1475 1861 1651 1894 sententias
1668 1888 1675 1902 ,
1702 1871 1853 1894 censuras

1121 1917 1153 1944 et
1171 1922 1291 1955 poenas
1327 1912 1432 1956 ipsas,
1460 1913 1555 1946 etiam
1587 1914 1708 1947 iteratis
1733 1915 1856 1948 vicibus

1120 1965 1342 2008 aggravando,
1366 1966 1512 1999 invocato
1545 1967 1642 2000 ctiam
1675 1968 1713 2001 ad
1739 1968 1802 2001 hoc
1828 1968 1854 2000 si

1121 2027 1203 2060 opus
1228 2017 1326 2050 suerit
1350 2017 1470 2052 auxilio
1496 2019 1619 2052 brachii
1644 2020 1830 2053 saecularis.

1747 224 1811 258 5:30
1857 234 1909 260 An.
1927 233 1954 260 c.
1974 232 2041 260 ¹675

1897 452 2043 476 uxr-quntum

1829 494 1833 499 .
1858 478 1962 504 designat.

344 2073 479 2113 servari,
507 2071 617 2115 sieque
642 2071 675 2104 in
700 2071 884 2114 praemissis
909 2082 967 2114 per
987 2081 1078 2113 quos-

345 2136 483 2169 cumque
503 2125 627 2157 iudices
650 2123 832 2157 ordinarios
851 2128 882 2155 et
903 2124 1076 2166 delegatos,

1164 2072 1178 2115 g
1202 2071 1256 2105 13.
1282 2071 1352 2105 Non
1377 2072 1577 2106 obstantibus
1598 2073 1735 2106 decretis
1754 2078 1786 2106 ct
1810 2074 2049 2136 lst'pfisss'liliffississssdl

1123 2125 1196 2157 teris
1222 2126 1349 2165 nostris,
1369 2126 1505 2169 aliisque
1520 2127 1714 2169 praemissis,
1735 2137 1771 2159 ac
1784 2127 1853 2170 piae
1867 2140 1908 2164 gaz.

345 2178 441 2210 etiam
464 2188 628 2210 causarum
655 2176 762 2220 palatii
795 2176 962 2219 apostolici
991 2177 1079 2209 audi-

346 2235 446 2269 tores,
470 2240 505 2262 ac
529 2229 557 2262 S.
575 2229 613 2262 R.
634 2229 669 2262 E.
689 2229 853 2272 praefatae
879 2229 1057 2262 cardinales
1072 2256 1079 2269 ,

348 2282 443 2315 etiam
469 2282 507 2315 de
532 2283 629 2315 latere
654 2283 780 2324 legatos
806 2287 837 2314 et
862 2282 964 2315 dictae
990 2282 1079 2315 Sedis

348 2334 500 2374 nuntios,
524 2335 642 2367 aliosve
676 2334 842 2377 quoslibet
877 2346 1078 2378 quacumque

348 2386 604 2431 praeeminentia
628 2393 660 2420 et
683 2393 840 2431 potestate
859 2388 1031 2431 fungentes
1050 2394 1081 2421 ct

348 2441 528 2480 functuros,
551 2440 672 2472 sublata
697 2441 742 2473 eis
767 2446 798 2474 et
818 2451 930 2474 eorum
949 2441 1079 2474 cuilibet

349 2492 461 2536 quavis
486 2492 580 2525 aliter
604 2492 768 2526 iudicandi
793 2499 824 2526 et
847 2493 1080 2537 interpretandi

348 2546 500 2579 facultate
522 2549 555 2578 et
571 2546 770 2586 auctoritate,
798 2547 931 2580 iudicari
965 2552 995 2580 et
1028 2548 1082 2580 de-

349 2598 433 2633 finiri
460 2597 589 2640 debere,
615 2609 651 2631 ac
668 2598 789 2632 irritum
809 2604 838 2632 et
863 2600 957 2634 inane
987 2601 1012 2633 si
1038 2611 1081 2634 se-

1122 2178 1295 2210 memoriae
1320 2178 1475 2211 Bonit'acii
1504 2179 1608 2222 Papae
1633 2180 1695 2212 VIII
1720 2181 1856 2223 praede-

1122 2230 1260 2263 cessoris
1278 2231 1399 2273 pariter
1416 2232 1517 2264 nostri
1536 2233 1574 2265 dc
1591 2234 1662 2272 una,
1679 2238 1706 2265 et
1727 2232 1855 2266 concilii

1123 2283 1281 2324 generalis
1296 2283 1335 2315 de
1354 2284 1474 2316 dualms
1492 2284 1595 2324 dietis,
1619 2285 1794 2318 dummodo
1810 2286 1858 2318 ul-

1124 2339 1171 2367 tra
1182 2340 1247 2368 tres
1259 2335 1360 2369 dietas
1374 2337 1490 2379 aliquis
1503 2337 1692 2370 auctoritate
1706 2348 1857 2381 praesen·

1123 2388 1200 2420 tium
1225 2389 1257 2421 in
1282 2389 1435 2422 iudicium
1458 2400 1521 2423 nou
1543 2391 1698 2431 trahatur,
1718 2391 1853 2434 aliisque

1124 2442 1320 2485 apostolicis,
1338 2442 1391 2476 ac‘2
1414 2443 1447 2476 in
1472 2443 1708 2477 universalibus
1726 2446 1856 2488 provin-

1124 2494 1324 2539 cialibusque
1349 2501 1380 2528 et
1404 2497 1613 2539 synodalibus
1630 2498 1775 2530 conciliis
1793 2499 1855 2531 edi-

1162 2566 1169 2591 1
1195 2565 1361 2602 Potius-Iege
1383 2575 1456 2594 unus
1476 2575 1523 2602 pro
1543 2568 1589 2595 illi
1608 2571 1646 2602 (st
1669 2571 1717 2601 Τ.).

1158 2609 1175 2637 2
1193 2609 1334 2638 Coniunct,
1354 2620 1385 2638 ac
1406 2619 1452 2639 nos
1473 2611 1593 2639 addimus
1612 2616 1648 2647 (tt.
1666 2612 1714 2647 T.).
