2279 3260
215 223 262 248 An.
281 220 308 248 C¹
334 222 399 249 tow.

266 1129 327 1148 Fides
353 1130 407 1147 tran·

223 1159 361 1181 sumpturum.

445 210 508 245 ⁶298

409 270 557 303 omuibus
575 274 607 302 ct
625 269 769 312 siugulis,
789 269 912 303 etiamsi
939 279 997 312 pro
1015 269 1144 310 illorum

410 322 582 355 sullicieuti
597 323 808 365 derogatione
827 323 865 354 dc
883 321 944 354 illis
967 330 1144 362 eorumque

411 376 486 408 totis
519 375 684 408 tenoribus
715 374 884 418 specialis,
910 373 1066 416 specifica,
1094 383 1147 404 ex-

410 439 521 471 pressa
539 433 570 460 et
588 427 760 467 individua,
779 438 815 458 ac
841 427 878 458 sle
904 426 1003 457 verbo
1021 425 1060 457 ad
1080 435 1148 456 ver-

410 482 495 520 bum,
513 492 578 513 non
596 486 703 513 autem
722 490 779 522 per
804 479 960 511 clausulas
979 478 1147 519 generales

412 534 496 566 idem
522 533 731 576 importantes
747 558 754 570 ‚
780 530 900 562 mentio
926 540 982 561 seu
1015 529 1147 571 quaevis

412 586 474 619 alia
499 585 665 628 expressio
697 584 847 616 habenda
878 588 931 615 aut
955 582 1062 625 aliqua
1086 581 1148 614 alia

413 638 572 682 exquisita
598 638 699 669 forma
724 637 762 668 ad
790 636 851 667 hoc
876 635 1030 667 servanda
1056 634 1147 674 soret,

414 698 545 724 tenores
563 689 745 722 huiusmodi
768 688 994 731 praesentibus
1009 698 1066 730 pro
1082 688 1150 730 ple-

416 756 454 778 ne
469 750 501 777 ct
521 743 716 776 sufficienter
733 741 904 784 exprcssis,
923 740 1063 780 insertis,
1082 750 1152 783 spe-

417 797 547 830 citicatis
573 802 604 828 ct
629 794 761 827 servatis
778 794 954 837 respective
982 793 1149 832 habentes,

415 851 478 884 illis
496 850 574 882 alias
593 849 625 881 in
643 859 701 881 suo
722 848 838 881 robore
860 846 1093 890 permansuris,
1113 846 1151 879 ad

415 903 668 948 praemissorum
698 900 858 940 ell'ectum,
889 901 949 933 hac
976 900 1043 932 vice
1064 899 1153 932 dum-

415 962 511 996 taxat,
528 955 715 999 specialiter
741 960 770 987 et
785 964 936 997 expresse
951 954 1152 995 derogamus,

417 1016 449 1043 et
472 1010 662 1051 derogatum
692 1018 763 1040 esse
792 1009 956 1047 volumus,
972 1006 1159 1049 ceterisque

418 1062 585 1096 contrariis
602 1062 871 1105 (pribuscumque.

463 1118 477 1159 ξ
512 1116 542 1148 9,
570 1115 720 1147 Volumus
752 1120 857 1146 autem
898 1118 932 1145 ut
967 1114 1153 1146 earumdem

419 1168 635 1212 praesentium
644 1167 824 1200 litterarum
832 1166 1022 1209 transumpti
1029 1177 1050 1205 s,
1060 1176 1075 1198 e
1082 1165 1100 1197 ti
1107 1176 1156 1197 am

419 1222 595 1265 impressis,
620 1231 716 1252 manu
742 1220 876 1252 alicuius
902 1219 1020 1252 notarii
1035 1218 1154 1262 publici

419 1274 635 1317 subscriptis,
667 1278 698 1305 et
735 1272 842 1314 sigillo
867 1283 1027 1315 personae
1053 1271 1085 1303 in
1111 1282 1155 1303 ec<

420 1327 595 1361 clesiastica
619 1326 774 1368 dignitate
800 1325 992 1357 constitutae
1013 1323 1155 1363 munitis,

420 1381 531 1414 eadem
562 1390 695 1423 prorsus
721 1379 800 1411 sides
824 1378 945 1420 ubique
970 1378 1003 1410 in
1037 1377 1157 1409 iudicio

421 1440 451 1467 et
469 1440 556 1467 extra
583 1433 661 1465 illud
690 1432 859 1471 habeatur,
879 1442 961 1474 quae
981 1431 1158 1463 haberetur

421 1487 498 1530 ipsis
513 1485 740 1530 praesentibus
759 1484 784 1517 si
805 1485 909 1516 l'orent
927 1483 1092 1516 exhibitae
1109 1483 1158 1515 vel

421 1545 583 1572 ostensae.

464 1592 577 1624 Datum
608 1591 744 1630 Romae,
772 1590 858 1633 apud
883 1588 914 1622 S.
942 1589 1072 1621 Mariam
1097 1589 1161 1621 Ma-

421 1645 545 1684 iorem,
569 1644 627 1676 sub
660 1643 781 1676 annulo
814 1642 1006 1682 piscatoris,
1029 1642 1080 1674 die
1102 1651 1160 1674 xm

423 1697 558 1730 ianuarii
601 1706 750 1730 MDCLxxu
765 1722 772 1736 ‚
807 1694 1014 1739 pontificatus
1057 1693 1160 1727 nostri

423 1761 508 1783 anno
536 1761 570 1783 11.

819 1802 843 1834 Ι.
871 1801 906 1834 G.
931 1801 1070 1834 SLtSlL'S.

461 1867 519 1893 Dat.
536 1866 579 1893 die
596 1866 626 1892 13
643 1865 756 1892 ianuarii
775 1865 851 1896 1672,
871 1864 965 1900 pontis.
982 1872 1052 1891 anno
1070 1870 1097 1891 11.

459 1929 623 1963 Registraca
639 1928 670 1955 in
693 1928 742 1954 lib.
759 1927 898 1955 Breuium
913 1927 1015 1954 mensis
1030 1926 1163 1954 ianuarii

425 1974 473 2008 fol.
494 1974 517 2007 1,
537 1976 621 2008 parce
639 1973 773 2006 uncique.

743 2095 844 2128 XCIV.

432 2180 456 2213 C
458 2178 643 2220 onfirmatio
653 2176 849 2209 decretorum
857 2186 967 2208 sacrae
986 2175 1164 2219 Conqreqa-

472 2231 571 2276 liquis
589 2230 808 2272 episcoporum
832 2232 862 2261 et
887 2228 1093 2271 regyularium
1117 2229 1166 2271 fa-

474 2294 543 2316 vore
570 2283 668 2315 :otius
695 2281 831 2315 Ordinis
855 2281 1022 2314 Minorem
1048 2280 1162 2314 Obser-

472 2338 617 2369 ranlium
645 2336 750 2367 sancti
773 2334 944 2367 Francisci
969 2335 1054 2367 circa
1082 2335 1162 2367 elee-

474 2400 623 2433 mosynas
646 2388 812 2432 stercorales
827 2392 857 2421 et
871 2388 987 2431 [lutera
1007 2387 1167 2431 defuncto-

473 2454 543 2476 rum
563 2443 623 2486 qui
640 2443 674 2475 in
690 2453 799 2475 eorum
812 2442 950 2475 ecclesiis
963 2442 1166 2485 sepulturam

474 2497 648 2540 clegerint,
676 2496 822 2535 scilicet,
851 2494 936 2538 quod
965 2494 1101 2538 pul-ochi
1130 2494 1167 2528 ab

475 2549 664 2582 haereditus
678 2549 838 2581 dictorum
859 2547 1084 2590 defunctorum
1100 2558 1167 2580 ma-

474 2603 573 2637 iorem
600 2602 828 2643 eleenwwysnrrw
857 2605 960 2644 petere
992 2605 1165 2644 nequeant,

987 220 1168 245 BULLARIUM
1191 219 1342 245 ROMANUM

1926 217 1949 244 A

1231 278 1331 311 quam
1353 267 1568 312 percepissent
1592 268 1621 300 si
1640 267 1675 300 in
1695 275 1805 300 eorum
1827 276 1924 309 paro-

1231 320 1334 352 chiali
1357 321 1404 353 vel
1428 321 1498 353 alid
1527 320 1691 352 saeculari
1722 318 1849 351 ecclesia
1875 328 1925 350 se-

1230 373 1331 416 peliri
1345 374 1530 413 voluissent,
1546 377 1575 405 el
1589 372 1674 416 quod
1689 372 1748 404 tali
1761 382 1836 404 casu
1850 371 1927 413 fim-

1233 426 1348 458 ctiones
1369 436 1466 469 super
1482 425 1692 458 cadaveribus
1711 424 1753 457 ad
1770 424 1854 467 ipsos
1879 433 1927 454 re-

1232 478 1362 521 yulares
1397 488 1461 510 non
1499 482 1608 510 autem
1640 476 1797 521 parochos
1818 475 1924 519 perti-

1234 534 1333 563 neunt
1346 530 1364 562 ¹.

1408 610 1542 636 Clemens
1562 610 1643 642 Papa
1665 610 1707 641 X,

1332 663 1369 689 ad
1388 662 1522 689 futuram
1541 661 1587 688 rei
1606 660 1788 688 memoriam.

1236 743 1251 785 ξ
1276 742 1306 774 1.
1334 742 1437 782 Alias,
1463 751 1521 784 pro
1547 745 1637 784 parte
1662 745 1737 773 tunc
1761 740 1929 773 existentis

1194 794 1409 828 commissarii
1427 794 1533 827 curiae
1548 794 1682 826 fratrum
1695 792 1823 825 Ordinis
1835 784 1954 825 Mino-5

1196 859 1266 881 rum
1278 848 1377 881 sancti
1394 847 1555 880 Francisci
1571 847 1610 879 de
1627 845 1839 879 Observantia
1852 855 1933 877 nun-

1195 906 1397 945 cupatorum,
1421 898 1672 942 Congregationi
1703 903 1778 930 tuno
1795 898 1934 930 existen-

1198 955 1273 987 tium
1288 954 1318 986 S.
1331 954 1369 986 R.
1381 953 1416 986 E.
1433 952 1646 985 cardinalium
1661 950 1800 994 negotiis
1814 955 1846 983 et
1858 960 1935 983 con-

1196 1006 1422 1040 sultationibus
1440 1005 1670 1048 episcoporum
1691 1008 1723 1036 et
1738 1002 1935 1045 regularium

1196 1059 1457 1104 praepositorum
1481 1057 1663 1101 supplicato
1686 1061 1722 1088 ut
1744 1054 1936 1099 prohibere-

1197 1120 1249 1146 tur
1270 1112 1424 1156 parochis
1450 1116 1481 1145 et
1505 1110 1631 1143 clericis
1657 1114 1763 1142 terrae
1779 1108 1817 1141 de
1836 1107 1936 1141 Geve-

1199 1177 1275 1199 rano
1290 1165 1515 1198 Brundusinae
1533 1162 1706 1203 dioecesis,
1720 1162 1936 1205 omnibusque

1198 1219 1268 1251 aliis
1292 1217 1444 1262 parochis
1470 1221 1502 1249 et
1525 1215 1740 1259 presbyteris,
1767 1224 1809 1247 ne
1838 1214 1937 1246 aude-

1199 1278 1270 1305 rent
1283 1272 1429 1314 accipere
1447 1270 1602 1303 maiorem
1620 1270 1861 1311 eleemosynam
1878 1278 1937 1311 pro

1200 1324 1360 1357 defunctis
1395 1323 1448 1366 qui
1480 1322 1699 1365 sepelirentur
1729 1320 1762 1352 in
1794 1319 1938 1353 ecclesiis

1200 1377 1359 1411 dictorum
1386 1378 1529 1415 fratrum,
1546 1385 1641 1418 quam
1658 1373 1862 1417 accipiebant
1878 1384 1938 1416 pro

1200 1431 1238 1463 iis
1254 1430 1307 1474 qui
1323 1431 1355 1463 in
1370 1430 1515 1473 ipsorum
1540 1428 1757 1471 parochorum
1771 1437 1827 1459 seu
1848 1436 1941 1470 pres-

1200 1485 1388 1528 byterorum
1405 1481 1619 1515 saecularium
1637 1480 1782 1513 ecclesiis
1800 1479 1940 1523 sepelie-

1201 1538 1336 1577 bantur,
1351 1535 1511 1569 emanavit
1520 1535 1570 1567 die
1580 1545 1625 1568 vn
1639 1532 1822 1567 decembris
1835 1541 1942 1566 nincxn

1203 1591 1242 1623 ab
1263 1590 1377 1623 eadem
1395 1587 1655 1631 Congregatione
1670 1587 1836 1620 decretum
1855 1591 1942 1618 teno-

1202 1644 1246 1677 ris
1265 1643 1444 1687 sequentis,
1465 1641 1632 1675 videlicet:
1653 1653 1666 1672 ι(
1683 1640 1779 1674 Sacra
1802 1639 1942 1682 Congre-

1203 1697 1289 1740 gatio
1315 1695 1645 1729 eminentissimorum
1670 1694 1701 1727 S.
1722 1694 1759 1726 R.
1779 1693 1814 1726 E.
1837 1693 1942 1727 cardi-

1204 1750 1325 1783 nalium
1350 1749 1488 1792 negotiis
1514 1755 1546 1781 et
1569 1747 1861 1781 consultationibus
1880 1746 1944 1790 epi-

1205 1814 1376 1846 scoporum
1397 1808 1428 1835 et
1452 1801 1653 1844 regularium
1678 1800 1877 1844 praeposita,
1903 1800 1942 1832 ad

1205 1857 1365 1890 tollendas
1392 1855 1551 1889 indebitas
1577 1854 1769 1894 exactiones,
1792 1863 1882 1896 quae,
1908 1858 1943 1885 ut

1205 1910 1407 1954 proponitur,
1436 1909 1468 1941 in
1494 1907 1690 1940 tumulandis
1717 1907 1942 1939 defunctorum

1206 1962 1397 2006 corporibus
1410 1960 1480 1993 ficri
1500 1962 1613 2000 solent,
1629 1960 1754 1992 censuit
1770 1959 1943 2002 iniungen-

1207 2016 1289 2055 dum,
1308 2019 1406 2058 prout
1423 2013 1602 2056 praesentis
1624 2011 1745 2045 decreti
1763 2017 1876 2044 tenore
1896 2012 1944 2044 in-

1206 2066 1339 2107 iunxit⁴²,
1359 2066 1610 2109 archiepiscopo
1633 2064 1840 2104 Brundisino,
1862 2070 1944 2098 cete-

1207 2121 1470 2164 risquelocomm
1489 2118 1675 2158 Ordinariis,
1694 2129 1734 2150 ne
1753 2118 1944 2161 permittant

1205 2179 1240 2206 ut
1265 2173 1411 2216 parochi,
1439 2172 1559 2214 aliique
1591 2172 1630 2204 de
1657 2172 1745 2204 clero
1770 2170 1941 2212 saeculari,

1207 2227 1362 2260 maiorem
1387 2226 1523 2268 posthac
1548 2225 1788 2267 eleemosynam
1813 2224 1873 2256 sihi
1899 2229 1944 2257 at-

1208 2280 1307 2313 tribui
1346 2279 1464 2311 saciant
1488 2279 1526 2311 ab
1552 2278 1752 2311 haeredibus
1778 2278 1945 2311 (1611111010-

1209 2343 1280 2365 rum
1311 2331 1366 2375 qui
1391 2331 1423 2363 in
1449 2331 1596 2364 ecclesiis
1625 2329 1823 2373 regularium
1850 2341 1944 2374 prae—

1209 2387 1367 2420 dictorum
1377 2385 1573 2428 sepulturam
1592 2384 1653 2416 sibi
1666 2383 1835 2426 elegerint,
1849 2395 1943 2427 quam

1209 2440 1378 2484 percipere
1403 2442 1537 2481 possent
1559 2437 1584 2470 si
1616 2437 1649 2469 in
1674 2437 1850 2480 parochiali
1887 2447 1943 2470 seu

1210 2493 1271 2526 alia
1288 2491 1387 2536 ipsius
1405 2490 1482 2524 cleri
1497 2490 1671 2523 saecularis
1697 2490 1832 2523 ecclesia
1855 2500 1944 2534 sepe-

1246 2564 1257 2590 1
1275 2562 1351 2590 Nunc
1366 2562 1482 2597 primum
1499 2561 1638 2597 impressa.

1245 2608 1260 2633 2
1282 2606 1374 2642 Aptius
1394 2607 1453 2642 lege
1472 2606 1602 2641 iniunyil
1623 2609 1659 2642 (n.
1675 2606 1725 2639 Τ.).

1952 225 1979 244 n.
1996 217 2026 245 C.
2049 217 2118 244 1072

1968 753 2048 773 Sacrae
2068 752 2126 773 Con-

1957 779 2069 804 ingestionis
2090 779 2127 798 ile·

1956 808 2022 825 retum
2030 805 2126 825 rescitur.
