2279 3260
0 3154 1 3160 s
0 2973 1 3090 „„s„„

174 251 227 278 An.
244 248 272 277 C.
296 248 359 277 1671

1004 243 1146 270 0111111115
1168 247 1187 269 x
1211 244 1258 269 pr).
1776 232 1840 267 205

369 309 505 342 cuppam
519 297 639 330 invenit
654 307 756 340 usque
771 295 808 329 ad
827 296 1042 328 summitatem
1056 305 1101 326 re.-

369 351 454 383 centi
478 351 574 383 melle
593 351 810 393 plenam,t0ta
827 349 923 381 domo
941 352 1099 390 stupente,

370 414 474 446 eoque
506 403 625 445 magis,
651 413 714 445 quo
746 412 829 434 novo
860 400 1010 444 prodigio
1040 401 1101 432 mel

370 456 504 488 caelitus
537 455 644 487 datum
680 454 813 496 integris
839 459 912 486 octo
938 453 1102 485 mensibus

371 508 426 541 toti
454 507 589 540 familiae
614 512 662 539 sat
689 507 748 538 fuit
770 506 803 538 in
828 516 919 537 usum
946 504 1104 548 quotidia-

371 571 458 592 num.
486 560 714 592 Infirmabatur
739 558 858 602 Gaspar
879 558 998 596 Flores,
1015 556 1103 598 virgi-

372 613 419 646 nis
445 613 583 655 genitor,
604 623 754 644 moerens
773 612 869 644 etiam
888 612 929 643 ob
948 610 1107 653 quinqua-

371 666 456 706 ginta
477 665 630 698 librarum
648 664 802 703 debitum,
815 662 884 706 qui*
904 673 979 705 prae
998 661 1105 704 inopia

372 716 546 750 solvendo*¹
564 727 628 749 non
643 722 727 756 erat;
749 716 939 748 tristabatur
955 715 1107 757 perplexa

373 776 484 810 mater,
513 769 754 812 importunitate
779 767 948 800 creditoris
970 771 1106 807 augente

374 823 557 865 angustias,
584 822 648 854 filia
674 822 828 864 templum
865 819 952 858 adit,
996 828 1107 861 preces

375 875 488 914 fundit,
508 875 601 917 cique
629 875 759 906 domum
778 871 924 905 redeunti
946 871 993 902 vir
1013 871 1108 912 plane

375 928 503 969 ignotus
539 926 703 965 occurrit,
740 925 900 966 simulque
930 923 1109 954 involutum

373 979 559 1022 strophiolo
585 983 752 1020 argentum
776 975 925 1019 porrigit,
942 979 973 1007 et
997 974 1111 1005 iubens

376 1036 581 1074 praesentem
607 1035 774 1072 parentum
805 1027 1029 1060 necessitatem
1055 1026 1110 1058 illo

375 1082 557 1121 sublevari,
583 1081 688 1113 statim
714 1080 880 1113 abscessit.
909 1079 992 1111 Rosa
1024 1078 1113 1109 invo-

377 1136 501 1167 lucrum
524 1135 715 1177 explicante,
750 1133 818 1176 ipsa
844 1132 1000 1164 librarum
1026 1131 1114 1173 quin-

377 1198 533 1231 quagena,
560 1187 649 1219 cuius
674 1191 765 1229 pater
791 1186 920 1219 debitor
945 1190 1034 1225 erat,
1060 1194 1111 1225 ap-

378 1242 498 1284 paruit;
516 1241 600 1284 quod
620 1240 750 1283 Gaspari
773 1244 936 1272 narratum
962 1236 1115 1270 insomni-

378 1305 431 1326 um
457 1294 643 1332 videbatur,
671 1294 776 1325 donec
805 1291 870 1324 filia
895 1301 1052 1331 nummos,
1070 1289 1114 1321 uti

379 1352 558 1390 acceperat,
585 1346 818 1379 adnumeravit.
839 1346 925 1378 llaec
946 1350 1019 1377 sunt
1043 1344 1116 1376 sub-

380 1400 462 1433 sidia
487 1410 569 1442 quae
596 1409 734 1442 sponsus
767 1398 893 1431 divinus
929 1397 1117 1440 parentibus

381 1452 479 1495 ipsius
495 1452 553 1483 sub
571 1451 679 1494 speeie
698 1450 850 1483 caelestis
867 1449 1024 1492 lapicidae
1042 1449 1118 1481 lmic

382 1506 528 1537 novellae
557 1514 694 1546 sponsae
721 1503 804 1535 inter
829 1501 1064 1545 parafernalia8
1088 1506 1118 1533 et

383 1557 551 1590 0111111010ι
576 1568 610 1589 se
636 1556 891 1587 ministraturum
925 1555 1001 1587 olim
1028 1554 1120 1597 polli-

357 1615 359 1617 '
384 1611 465 1642 citus
490 1615 570 1641 erut.

243 1677 372 1702 Prophetae

189 1704 244 1724 dono
261 1704 354 1724 illustris.

428 1665 442 1705 g
467 1662 521 1694 41.
544 1660 741 1693 Testimonio
760 1660 855 1692 etiam
875 1659 1000 1692 Domini
1018 1659 1120 1692 nostri

384 1716 452 1748 Iesu
478 1714 615 1753 Christi,
641 1713 729 1756 quod
754 1719 802 1746 est
825 1712 956 1756 spiritus
982 1713 1123 1756 proplie-

385 1768 455 1806 tiae,
484 1766 540 1798 fuit
563 1765 711 1798 illustris.
733 1765 812 1797 Nam
837 1765 964 1807 integro
983 1766 1047 1797 fere
1073 1765 1123 1798 de-

385 1820 501 1853 cennio
515 1825 586 1852 ante
603 1819 837 1858 fundationem,
853 1819 1048 1861 quandoque
1065 1829 1124 1861 per

384 1874 529 1917 symbola
553 1877 584 1904 et
601 1872 729 1914 figuras,
748 1872 826 1904 alias
841 1871 1011 1903 manifeste
1041 1877 1072 1903 et
1093 1871 1123 1903 in
1145 1872 1146 1877 ’

386 1927 522 1971 proprio
549 1931 635 1969 typo,
650 1937 716 1958 non
741 1926 845 1958 solum
867 1925 926 1957 fuit
942 1925 989 1958 illi
1015 1925 1126 1957 divini-

387 1986 438 2012 tus
464 1980 722 2012 demonstratum
760 1978 990 2010 monasterium
1006 2005 1013 2017 ,
1041 1978 1125 2021 quod

388 2033 495 2065 Limae
521 2032 580 2064 sub
605 2038 733 2064 sanctae
759 2031 950 2064 Catliarinae
975 2031 1126 2063 Senensis

390 2085 569 2129 patrocinio
589 2094 762 2116 numeroso
781 2094 942 2116 sacrarum
968 2083 1125 2126 virginum

392 2138 532 2180 collegio
558 2137 729 2170 dicandum
754 2141 834 2176 erat,
862 2137 917 2168 sed
945 2136 1039 2168 ctiam
1064 2136 1128 2179 pri-

390 2202 475 2224 mam
500 2190 543 2222 ibi
562 2190 702 2222 futuram
727 2188 915 2222 monialium
934 2189 1126 2231 praefectam

391 2250 422 2277 ct
446 2243 596 2276 coenobii
631 2241 844 2274 fundatricem
873 2242 1003 2274 Luciam
1028 2241 1128 2274 Guer-

390 2307 459 2330 ram
484 2309 501 2329 a
516 2297 602 2338 Daga
620 2306 657 2328 ex
675 2296 761 2327 vultu
780 2294 918 2337 agnovit,
936 2295 1050 2337 spiritu
1069 2305 1128 2327 suo

390 2350 514 2390 imbuit,
535 2355 567 2382 et
584 2349 695 2382 osculo
713 2348 800 2391 pacis
818 2347 1055 2395 quodammodo
1070 2347 1130 2379 ini-

392 2402 490 2443 tiavit,
506 2402 614 2434 dicens
630 2401 675 2434 ei:
693 2399 792 2443 Euye,
809 2404 923 2441 mater,
936 2400 1061 2443 inssenlz'
1073 2411 1129 2434 suo

430 2494 440 2518 1
465 2489 564 2516 Forsan
585 2489 633 2516 cui
652 2497 701 2523 pro
722 2488 773 2522 qui
793 2486 935 2522 legendum
957 2488 996 2521 (n.
1012 2488 1063 2521 T.).

428 2534 445 2561 2
467 2534 565 2561 Forsan
587 2533 663 2560 deest
682 2540 731 2559 vox
748 2540 806 2566 par
824 2538 861 2565 (R.
879 2532 927 2563 T.).

430 2580 446 2606 3
468 2579 536 2606 Edit.
558 2578 641 2604 Main.
663 2577 726 2612 legit
742 2576 950 2612 parafrenalia
970 2576 1009 2610 (n.
1030 2576 1076 2610 T.).

432 2625 448 2650 4
469 2623 537 2650 Edit.
559 2622 638 2649 Main.
660 2621 723 2656 legit
741 2621 873 2648 antidota
893 2620 990 2654 (11312).

1145 299 1172 326 le
1196 293 1285 336 operi
1303 292 1383 325 Deus
1401 293 1582 325 rescrvam's.
1602 292 1643 324 Ex
1664 292 1796 333 virginis
1814 291 1879 334 spi-

1144 346 1207 378 ritu
1228 345 1336 380 hausit
1354 345 1425 378 felix
1445 351 1591 377 matrona
1608 345 1626 377 d
1646 345 1734 376 vinos
1751 353 1878 383 sensus,

1145 404 1176 431 et
1200 398 1346 441 religiosi
1371 403 1471 430 status
1496 398 1635 429 caeleste
1661 396 1877 435 desiderium,

1146 452 1202 484 sed
1228 452 1397 485 obstabant
1421 454 1582 493 superstes
1607 448 1740 480 maritus
1767 453 1797 479 et
1821 458 1880 480 nu-

1146 515 1273 537 merosa
1298 503 1429 543 t'amitia3
1452 512 1530 545 qnos
1549 511 1660 534 omnes
1685 500 1781 543 paulo
1807 504 1881 542 post

1147 557 1228 589 Deus
1254 556 1292 588 ab
1320 556 1378 588 liae
1402 557 1471 588 luce
1498 553 1660 593 evocavit,
1681 562 1807 584 necnon
1833 551 1881 583 in-

1148 619 1280 641 numera
1306 613 1337 640 ct
1361 607 1588 650 potentissima
1606 605 1667 637 alia
1686 603 1881 636 fundationis

1149 667 1222 704 post
1245 661 1370 693 obitum
1395 659 1529 701 virginis
1555 657 1786 700 impedimenta
1813 666 1882 688 sus-

1150 714 1233 753 tulit,
1256 713 1420 755 durosque
1446 711 1570 743 animos
1596 709 1671 741 olim
1701 718 1828 740 aversos
1845 707 1884 739 ad

1151 766 1290 798 favorem
1316 765 1358 808 pii
1386 764 1494 807 operis
1513 763 1611 795 flexit.
1638 761 1757 799 Quibus
1781 759 1886 792 subla-

1152 819 1198 858 tis,
1225 818 1319 850 Lucia
1351 816 1559 859 amplissimis
1591 814 1656 847 suis
1683 813 1886 846 facultatibus

1152 871 1345 903 coenobium
1373 869 1524 908 fundavit,
1543 867 1672 906 dotavit,
1693 877 1727 898 ac
1748 865 1886 908 denique

1154 933 1188 954 se
1215 922 1316 965 ipsam
1342 921 1449 961 dedit,
1470 931 1542 953 eum
1564 930 1655 951 sacro
1674 919 1744 950 velo
1769 926 1888 951 nomen

1155 975 1276 1007 sororis
1290 974 1404 1006 Luciae
1419 973 1457 1005 de
1472 972 1524 1005 SS.
1541 972 1693 1004 Trinitate
1713 979 1888 1009 assumens,

1155 1038 1190 1060 ae
1206 1027 1309 1070 prima
1325 1026 1444 1058 novelli
1466 1025 1512 1057 sui
1539 1024 1688 1057 asceterii
1714 1022 1891 1065 praefectu-

1157 1090 1224 1112 ram
1249 1078 1359 1121 gessit,
1386 1077 1556 1119 religionis
1582 1076 1732 1118 spiritum
1757 1073 1890 1106 mirifice

1158 1131 1356 1175 propagavit,
1376 1131 1572 1172 demumque
1598 1127 1829 1160 sanctimoniae
1850 1126 1894 1158 fa-

1158 1187 1208 1217 ma
1232 1184 1370 1216 celebris
1393 1182 1588 1215 obdormivit
1604 1181 1637 1213 in
1654 1180 1802 1213 Domino.
1822 1179 1899 1227 Ipsa*

1159 1238 1255 1270 Maria
1279 1237 1379 1276 Oliva,
1397 1237 1500 1268 Rosae
1526 1235 1673 1277 genitrix,
1692 1244 1774 1276 quae
1801 1238 1895 1269 antea

1162 1293 1221 1324 boc
1238 1291 1266 1323 ei
1282 1289 1466 1323 vaticinanti
1493 1288 1577 1320 filiae
1602 1287 1716 1319 acerbe
1733 1284 1895 1318 contradi-

1161 1349 1261 1383 xerat,
1288 1353 1372 1375 anno
1398 1342 1524 1374 Domini
1543 1350 1680 1374 ninexxix
1697 1344 1773 1382 post
1790 1337 1894 1371 mariti

1160 1397 1282 1430 obitum
1301 1395 1333 1427 in
1353 1395 1481 1427 novello
1499 1393 1696 1426 monasterio
1721 1401 1897 1433 sexagena-

1161 1450 1207 1482 ria
1225 1450 1338 1482 devote
1360 1447 1486 1479 filiabus
1505 1446 1606 1479 sancti
1624 1445 1723 1488 patris
1739 1442 1895 1476 Dominici

1163 1506 1336 1545 aggregata
1363 1500 1428 1540 fuit,
1448 1505 1487 1540 et,
1503 1503 1667 1541 assumpto
1689 1508 1759 1530 011111
1786 1495 1897 1528 habitu

1163 1555 1293 1588 1101111110
1308 1553 1423 1586 Mariae
1445 1553 1483 1585 de
1500 1552 1531 1584 S.
1551 1551 1657 1591 Maria,
1676 1550 1792 1583 emissa
1809 1554 1899 1592 post-

1164 1608 1297 1641 modum
1314 1606 1529 1650 professione,
1548 1605 1668 1647 optimo
1687 1604 1749 1635 tine
1768 1601 1897 1645 quievit.

1165 1662 1197 1694 ln
1220 1672 1283 1704 quo
1301 1660 1397 1692 etiam
1414 1658 1571 1702 promissa
1594 1656 1706 1700 sponsi
1731 1655 1901 1699 providen-

1166 1714 1209 1746 tia
1223 1712 1351 1752 affulsit,
1370 1716 1501 1744 carente
1520 1710 1605 1742 enim
1623 1709 1677 1741 illa
1698 1709 1771 1740 dote
1790 1717 1902 1739 neees-

1166 1766 1270 1806 saria,
1304 1775 1387 1796 unus
1414 1774 1449 1796 ex
1477 1761 1648 1795 reservatis
1672 1762 1711 1793 ab
1737 1761 1806 1803 ipsa
1832 1760 1901 1791 fun-

1168 1818 1286 1852 datrice
1305 1817 1464 1860 gratuitae
1490 1814 1669 1858 receptioni
1693 1824 1752 1857 pro
1779 1812 1903 1855 dignio-

1169 1872 1256 1904 ribus
1281 1871 1337 1903 sed
1363 1869 1473 1912 egenis
1499 1867 1648 1912 personis
1673 1868 1763 1900 loeus
1796 1866 1823 1898 ei
1849 1866 1904 1898 ob-

1170 1925 1250 1967 tigit,
1267 1929 1437 1966 ceteraque
1454 1922 1562 1955 omnia
1586 1920 1783 1953 adamussim
1808 1918 1903 1952 etiam

1168 1977 1309 2016 minima,
1325 1981 1360 2007 ut
1373 1979 1482 2007 sancta
1497 1974 1587 2016 virgo
1605 1972 1819 2016 praedixerat,
1836 1981 1905 2003 eve-

1170 2034 1298 2062 nerunt.
1319 2028 1456 2061 Ioannes
1473 2027 1629 2059 Villaloos
1646 2025 1815 2058 Societatis
1833 2024 1902 2056 lesu

1171 2084 1273 2115 iurata
1298 2081 1360 2114 tide
1386 2086 1519 2113 testatus
1556 2084 1606 2112 est
1634 2089 1693 2111 suo
1719 2088 1751 2110 se
1778 2077 1906 2120 experi-

1171 2141 1279 2167 mento
1304 2133 1450 2176 spiritum
1475 2131 1703 2175 propheticum
1728 2131 1760 2162 in
1786 2132 1822 2162 ea
1851 2129 1906 2161 de-

1172 2188 1399 2232 prehendisse,
1427 2186 1591 2229 aperiente
1616 2185 1664 2217 illi
1680 2184 1802 2226 virgine
1821 2193 1907 2215 area-

1172 2253 1247 2274 num
1271 2240 1437 2282 negotium
1470 2239 1556 2281 quod
1593 2238 1686 2270 aliter
1713 2248 1748 2269 ac
1773 2236 1906 2269 caelitus

1173 2293 1353 2327 innotuisse
1377 2303 1440 2324 non
1455 2296 1591 2334 poterat.
1611 2289 1814 2322 Simillimum
1829 2287 1905 2330 quid

1173 2358 1245 2379 eum
1268 2347 1381 2379 eadem
1417 2345 1574 2377 Antonius
1599 2354 1615 2375 a
1649 2343 1735 2384 Yega
1764 2341 1906 2373 eiusdem

1172 2399 1340 2432 Societatis
1366 2398 1413 2430 vir
1437 2396 1663 2439 integerrnnus
1681 2394 1740 2427 sibi
1763 2393 1905 2426 evenisse

1174 2452 1326 2484 narravit.
1354 2450 1518 2483 Secretam
1543 2447 1784 2490 cogitationem,
1812 2456 1907 2488 quam

1175 2505 1253 2538 nulli
1271 2514 1412 2547 unquam
1426 2507 1599 2546 aperuerat
1622 2511 1727 2543 neque
1745 2499 1907 2542 aperit-ura

1175 2563 1244 2591 erat
1260 2557 1324 2590 filia
1341 2556 1532 2600 quaestoris,
1548 2560 1692 2587 accurate
1714 2553 1742 2585 ei
1762 2553 1842 2585 Rosa
1859 2562 1908 2584 re-

1175 2610 1290 2650 citavit,
1308 2615 1339 2643 et
1363 2608 1572 2643 saluberrima
1597 2608 1792 2640 documenta
1815 2614 1908 2648 prae-

1885 244 1934 269 An.
1952 241 1980 268 C.
2002 239 2064 269 1671
