2279 3260
221 245 268 270 An.
287 241 314 270 C.
340 242 399 269 1⁶71

252 1360 371 1380 Exordium.

254 1938 360 1964 Sttppli'ssl
366 1938 392 1958 iu.

452 235 515 265 lbft

456 291 567 323 Datum
592 289 727 327 Romae,
750 287 833 332 apud
852 288 882 322 S.
903 288 1033 321 Mariam
1050 287 1147 319 Maio-

413 355 493 384 rem,
509 345 568 376 suli
590 345 710 376 annulo
733 342 929 380 Piscatoris,
956 341 1006 373 (lic
1027 350 1077 372 xiv
1103 340 1147 371 fc-

413 397 533 430 bruarii
558 406 706 436 uochxi,
723 394 929 438 pontificatus
958 392 1060 425 nostri
1091 401 1147 423 an-

414 461 456 483 no
482 461 504 484 1.

818 491 840 523 1.
864 489 899 522 G.
918 489 1056 522 Stusms.

450 555 508 582 Dat.
524 555 568 581 die
586 555 616 581 1AE
635 552 762 580 februarii
781 552 857 584 1671,
874 549 973 585 pontif.
994 556 1063 574 anno
1079 554 1098 573 1.

452 618 614 651 Reyistratn
636 615 666 641 in
689 615 766 641 Scor.
790 613 818 638 in
840 611 886 637 lib.
910 610 1044 637 Brevium
1066 616 1147 635 men-

414 663 453 688 sis
472 660 627 695 februarii.
646 661 724 693 part.
746 665 782 689 n,
802 655 852 690 sol.
872 655 933 681 202.

746 779 820 812 Llll.

418 854 576 888 Concessio
609 856 637 883 et
668 851 808 882 extensio
842 848 1146 890 indulyenuarum,

460 905 677 948 confratribus
695 908 721 935 et
739 901 959 934 consororibus
980 901 1151 942 confrater-

461 960 601 990 nitatum
628 958 684 989 SS.
700 955 830 988 Rosarii
854 962 1083 990 concessarum,
1108 951 1150 982 ad

460 1021 566 1043 omnes
584 1010 682 1041 eliam
708 1018 773 1040 non
797 1007 974 1049 confratres
999 1011 1054 1036 aut
1078 1015 1147 1036 con-

460 1074 581 1096 sorores
598 1089 605 1102 ,
632 1061 805 1094 ‹izenzmodo
837 1063 954 1092 missae
978 1063 1006 1091 et
1028 1067 1151 1100 proces-

460 1117 546 1148 sioni
566 1116 603 1147 ‹le
626 1114 762 1148 Rosarv'o
776 1112 985 1145 celebrandae
1004 1116 1030 1143 et
1048 1110 1152 1153 quoli-

462 1170 509 1201 bet
529 1178 634 1200 mense
653 1165 820 1210 faciendae
837 1166 989 1197 intersint
1002 1163 1020 1196 ¹.

641 1238 774 1264 Clemens
797 1237 872 1269 Papa
891 1235 929 1267 X,

534 1283 570 1309 ad
590 1283 767 1315 perpetuam
788 1281 833 1306 rei
854 1279 1034 1305 memoriam.

461 1343 652 1377 Caelestium
677 1351 848 1374 munerum
874 1341 1055 1379 thesauros,
1075 1349 1153 1382 quo-

418 1407 489 1429 rum
525 1395 800 1438 dispensationem
826 1392 997 1425 humilitati
1022 1397 1151 1424 nostrae

417 1449 578 1482 commisit
602 1449 694 1488 Deus,
721 1446 806 1479 tideli
833 1445 1047 1489 prudentique
1072 1445 1153 1477 libe-

416 1502 543 1535 ralitate
562 1501 703 1533 libenter
720 1509 902 1541 erogamus,
919 1498 1001 1530 sicut
1017 1497 1070 1540 pia
1083 1498 1153 1529 sul)-

416 1555 539 1587 limium
576 1563 788 1597 personarum
825 1551 924 1594 regali
960 1550 1086 1592 fastigio
1118 1560 1152 1582 ac

416 1607 585 1650 multiplici
611 1606 762 1638 virtutum
781 1605 896 1637 decore
915 1603 1152 1646 splendentium

416 1660 597 1702 eximiaque
623 1659 656 1691 in
681 1668 740 1690 nos
766 1662 797 1689 et
827 1657 909 1689 hanc
934 1661 1073 1688 sanctam
1098 1655 1153 1687 Se-

417 1713 489 1745 dem
505 1713 675 1745 devotione
692 1710 940 1753 conspicuafflm
959 1714 1032 1741 vota
1049 1713 1154 1751 postu-

418 1767 495 1805 lant,
516 1770 548 1798 et
572 1775 629 1797 nos
655 1765 691 1796 ad
718 1764 897 1805 augendam
923 1762 1152 1804 ibrendamque

419 1817 560 1850 fidelium
581 1817 731 1860 pietatem
751 1816 955 1859 profuturum
971 1815 1003 1846 in
1017 1814 1152 1847 Domino

421 1871 628 1903 arbitramur.

466 1926 480 1968 g
504 1925 535 1956 1.
562 1924 683 1966 Itaque,
711 1922 773 1965 piis
798 1927 827 1954 et
854 1921 975 1954 devotis
998 1920 1153 1953 carissimi

422 1980 452 2011 in
471 1978 598 2011 Christo
615 1976 672 2008 filii
691 1975 790 2007 nostri
807 1974 911 2006 Caroli
931 1974 1154 2016 Hispaniarum

420 2031 506 2074 regis
531 2029 679 2062 catholici
704 2038 738 2059 ae
763 2027 945 2060 carissimae
970 2027 1002 2058 in
1028 2026 1154 2059 Christo

420 2085 505 2117 filiae
531 2088 659 2116 nostrae
684 2081 866 2113 Mariannae
892 2080 1077 2112 earumdem
1102 2080 1156 2112 Hi-

421 2137 607 2180 spaniarum
623 2134 752 2177 reginae
771 2133 950 2166 catholicae
965 2133 1079 2165 viduae
1088 2133 1155 2165 eius

424 2189 590 2232 genitricis
623 2187 754 2220 nomine
790 2185 882 2218 nobis
916 2195 974 2229 per
1001 2185 1153 2218 dilectum

423 2243 524 2274 stium
550 2241 692 2273 nobilem
717 2239 818 2271 virum
837 2238 965 2270 Petrum
982 2238 1021 2270 de
1041 2239 1157 2280 Arago-

423 2296 477 2327 nia
502 2296 616 2326 (lucem
634 2291 807 2334 Segorbiae
826 2296 857 2323 et
876 2290 1050 2330 Cardonae,
1064 2291 1155 2332 regni

421 2347 572 2391 Nerqwulis
593 2355 776 2389 proregein,
795 2354 831 2376 ae
848 2343 924 2376 dieti
943 2342 1046 2376 Caroli
1070 2343 1155 2385 regis

422 2402 505 2443 apud
533 2409 589 2432 nos
614 2403 645 2431 et
671 2397 784 2430 Sedem
810 2395 1027 2439 Apostolicam
1051 2401 1157 2428 orato-

460 2490 467 2513 1
495 2488 587 2513 Plures
605 2484 709 2511 Summi
726 2483 866 2510 Pontifices
884 2482 1063 2517 indulgentias
1081 2481 1156 2508 simi—

421 2531 461 2558 les
482 2531 543 2557 nuic
563 2527 776 2556 confraternitati
797 2531 998 2559 concesseruut,
1020 2529 1047 2552 ut
1068 2525 1157 2552 ridere

422 2575 524 2611 poteris
539 2574 564 2601 in
588 2573 736 2609 repertorio
757 2572 807 2598 sub
831 2571 910 2599 mbo
927 2570 1158 2605 Consroteruz'tas

424 2619 539 2649 Rosorii
558 2618 619 2653 (tid.
637 2617 775 2651 Cherub).

990 239 1070 263 nrm,
1077 239 1168 262 uum!
1194 237 1344 262 nmrwrM

1189 297 1255 318 rem
1281 287 1317 318 ad
1352 285 1575 329 praestandam
1592 285 1685 317 nobis
1701 283 1844 317 eiusdem
1868 283 1922 316 Ca-

1187 339 1245 370 roli
1271 338 1356 380 regis
1381 339 1509 371 nomine
1534 338 1754 371 obedientiam
1778 336 1922 375 missum,

1189 390 1354 422 lmmilitcr
1378 390 1539 433 porrectis
1557 389 1850 433 supplicationibus
1871 398 1926 431 pa-

1189 447 1280 475 terno
1306 442 1418 475 affectu
1444 453 1587 475 annuere
1612 443 1800 485 cupientes,
1827 452 1862 473 ac
1887 442 1926 473 de

1189 495 1419 537 oi.1nipotentis
1442 495 1496 527 Dei
1517 495 1737 527 misericordia
1761 499 1793 526 et
1815 494 1926 526 beato-

1189 556 1259 578 rum
1285 546 1368 578 Petri
1389 552 1420 579 et
1435 547 1523 579 Pauli
1544 548 1764 589 apostolorum
1784 546 1852 578 eius
1870 556 1924 577 au-

1190 598 1336 631 ctoritate
1363 598 1484 639 confisi,
1514 598 1662 631 omnibus
1679 603 1710 631 et
1726 597 1860 639 singulis
1877 607 1923 629 sa-

1190 652 1376 684 cerstutibus
1404 651 1622 684 saecularibus
1641 652 1689 684 vel
1709 650 1923 693 regularibus,

1191 705 1306 748 qubus
1332 705 1461 736 missam
1482 704 1519 736 de
1534 704 1586 736 SS.
1603 704 1737 736 Rosario
1751 704 1837 735 iuxta
1853 714 1925 735 con-

1191 757 1373 790 stitutiones
1390 762 1422 789 et
1446 757 1576 788 decreta
1601 756 1703 788 dictae
1727 755 1818 788 Sedis
1843 757 1925 788 cele-

1190 809 1284 842 brare
1302 810 1385 848 licet,
1404 808 1533 841 missam
1552 808 1738 840 huiusmodi
1764 808 1801 840 de
1820 813 1926 840 cetero

1191 861 1411 901 celebraturis,
1427 871 1485 893 nec
1499 871 1564 893 non
1580 860 1731 892 omnibus
1746 865 1776 892 et
1792 859 1927 901 singulis

1194 914 1340 946 fratribus
1366 919 1397 945 et
1421 913 1627 951 monialibus,
1645 912 1741 945 etiam
1767 910 1926 949 ternariis,

1192 966 1320 998 Ordinis
1341 966 1612 1003 Praedicatorum,
1632 975 1687 997 seu
1706 964 1736 996 S.
1757 963 1927 1003 Dominici,

1193 1031 1228 1052 ae
1252 1020 1466 1052 confratribus
1483 1030 1517 1050 ac
1531 1017 1761 1051 consororibus
1783 1026 1930 1059 quarum-

1193 1083 1328 1115 cumque
1343 1071 1640 1104 confratrrnitatum
1652 1070 1794 1103 eiusdem
1806 1070 1858 1102 SS.
1872 1069 1930 1101 Ro-

1194 1125 1279 1164 sarii,
1305 1130 1369 1157 tam
1395 1125 1552 1156 hactenus
1577 1128 1756 1156 erectarum
1781 1133 1876 1165 quam
1896 1121 1929 1153 in

1195 1178 1334 1209 futurum
1357 1177 1627 1220 quandocumque
1645 1175 1879 1217 erigendarum,
1899 1180 1931 1206 et

1194 1230 1387 1272 ubicumque
1402 1230 1545 1261 locorum
1562 1227 1777 1265 existentium,
1790 1226 1843 1269 qui
1856 1236 1929 1258 vere

1195 1282 1398 1325 poenitentes
1423 1286 1455 1313 et
1479 1280 1625 1319 comessi,
1644 1280 1695 1311 vel
1720 1280 1833 1310 saltem
1857 1288 1933 1310 con-

1195 1334 1304 1367 fitendi
1331 1333 1530 1376 propositum
1558 1333 1728 1371 habentes,
1754 1331 1869 1363 missae
1890 1331 1929 1363 de

1195 1387 1326 1419 Rosario
1352 1386 1538 1418 huiusmodi
1572 1390 1608 1417 ut
1642 1384 1824 1427 praefertur
1847 1385 1932 1416 cele-

1196 1441 1335 1472 brandae
1361 1440 1473 1471 devote
1499 1438 1717 1476 interfuerint,
1743 1437 1852 1479 ibique
1870 1447 1930 1480 pro

1195 1492 1443 1525 elu'istianorum
1458 1491 1639 1534 principum
1657 1491 1840 1530 concordia,
1858 1491 1932 1522 bae-

1197 1557 1303 1578 resum
1319 1545 1542 1588 extirpatione,
1559 1555 1593 1576 ac
1613 1549 1740 1576 sanetae
1758 1543 1863 1575 Matris
1881 1543 1932 1575 Ec-

1195 1599 1308 1631 clesiae
1334 1598 1527 1631 exaltatione
1551 1597 1620 1640 pias
1638 1597 1676 1629 ad
1701 1597 1801 1629 Deum
1818 1606 1930 1638 preces

1195 1652 1374 1690 etl'uderint,
1394 1661 1455 1693 qua
1468 1650 1536 1683 viee
1562 1649 1593 1681 id
1614 1649 1750 1691 egerint,
1767 1654 1801 1680 ut
1819 1658 1930 1681 omnes

1196 1710 1226 1736 et
1251 1704 1392 1746 singulas
1422 1702 1639 1744 indulgentias
1671 1706 1702 1733 et
1730 1706 1932 1743 peccatorum

1197 1757 1402 1790 remissiones
1438 1766 1474 1787 ae
1505 1754 1778 1798 poenitentiarum
1814 1754 1933 1785 relaxa—

1198 1810 1301 1842 tiones
1328 1814 1578 1851 consequantur,
1601 1817 1680 1850 quas
1699 1806 1877 1838 confratres
1902 1811 1933 1837 et

1196 1872 1386 1896 consorores
1403 1861 1558 1894 dictarum
1577 1858 1873 1891 confraternitatum
1891 1863 1932 1890 to-

1198 1921 1264 1948 tum
1290 1914 1455 1947 Rosarium
1474 1913 1640 1945 recitando
1662 1922 1697 1944 ex
1719 1911 1931 1944 concessione

1198 1970 1300 2002 dictae
1325 1968 1414 2000 Sedis
1439 1970 1707 2009 consequuntur,
1739 1964 1932 2000 auctoritate

1198 2021 1389 2065 apostolica,
1417 2025 1530 2052 tenore
1563 2017 1793 2062 praesentium,
1819 2027 1933 2049 conce-

1199 2075 1302 2107 dimus
1334 2079 1365 2106 et
1397 2073 1611 2114 indulgemus.
1639 2071 1810 2102 Praeterea
1834 2070 1933 2101 omni-

1199 2129 1256 2160 bus
1281 2132 1312 2159 et
1337 2126 1472 2168 singulis
1490 2124 1650 2168 praefatis,
1670 2123 1723 2166 qui
1745 2122 1874 2155 missam
1891 2123 1930 2155 de

1200 2181 1333 2214 Rosario
1359 2180 1442 2211 sicut
1466 2176 1679 2220 permittitur¹
1698 2176 1864 2208 celebrare
1882 2176 1931 2207 vel

1199 2234 1307 2266 audire
1332 2230 1567 2270 consueverint,
1589 2230 1614 2261 si
1635 2240 1708 2262 rere
1726 2229 1931 2271 poenitentes

1199 2292 1230 2320 ct
1249 2284 1398 2323 confessi,
1415 2294 1450 2316 ac
1465 2285 1555 2315 sacra
1571 2282 1797 2314 communione
1811 2281 1931 2321 refecti,

1199 2345 1233 2371 ut
1248 2338 1431 2382 praefertur
1450 2335 1621 2372 oraverint,
1637 2340 1671 2366 ut
1685 2334 1830 2377 quolibet
1847 2344 1934 2366 men-

1199 2403 1231 2424 se
1258 2391 1385 2424 easdem
1410 2389 1533 2432 pariter
1557 2387 1776 2430 indulgentias
1804 2398 1840 2419 ac
1864 2398 1934 2430 pcc-

1199 2451 1346 2478 catorum
1370 2442 1575 2475 remissiones
1608 2446 1640 2473 et
1663 2440 1935 2483 poenitentiarum

1200 2496 1411 2530 relaxationes
1436 2500 1684 2537 consequantur,
1710 2504 1788 2536 quas
1814 2503 1932 2526 conse-

1200 2555 1340 2594 quuntur
1364 2549 1539 2581 contratres
1571 2552 1602 2580 ct
1626 2557 1816 2580 consorores
1842 2557 1935 2590 prae-

1236 2613 1246 2638 1
1267 2610 1378 2637 Videtur
1393 2609 1535 2645 legendum
1549 2610 1753 2645 praemittitur
1769 2610 1806 2645 (R.
1819 2607 1868 2643 uu).

1929 234 1977 261 Λη.
1993 234 2022 262 C.
2046 234 2108 261 1671

1974 610 2075 630 Com-adit
2095 613 2118 631 ut.

1934 643 1954 657 in
1970 637 2063 658 rubrica.
