2279 3260
226 248 274 276 An.
291 249 321 277 C.
343 250 406 278 1671

253 989 394 1010 Prooemium.

252 1406 372 1433 Expositio.

457 240 521 275 ⁰284

707 301 865 334 LXXXVI.

419 368 510 408 Quod
534 368 571 402 de
595 373 694 402 celero
713 381 820 402 omnes
840 377 867 402 et
892 369 1019 411 sz'nquli
1038 369 1151 411 defini-

463 425 542 454 tores
572 423 721 464 perpetui
743 423 990 465 provinciarum
1009 423 1151 464 fratrum

461 474 627 506 Minoo-um
648 475 917 508 Conrenlnalium
931 475 1036 505 saneti
1049 474 1152 506 Fran—

463 527 549 565 cisci,
572 532 643 570 post
659 528 792 568 linitum
810 527 960 565 lecturae,
985 526 1151 569 praedica-

465 580 574 618 tionis,
592 579 641 611 vel
665 579 848 622 muqz'sterii
867 579 1076 617 novitiorum,
1095 582 1152 610 aut

462 631 715 674 inquisitoracas
740 636 863 673 tempus
883 657 889 669 ,
924 631 1147 673 exprovivzcia-

464 683 543 715 lium
568 683 831 725 praeeminenti&
855 683 1025 725 fruantur,
1059 693 1096 714 ac
1124 683 1153 713 si

459 736 718 780 provincialalus
741 746 871 767 mamre
894 735 1019 778 suneti;
1040 740 1066 767 el
1084 735 1153 766 ulia

460 789 543 821 circa
556 788 813 831 γνιιεεοᾱυηιιὶιηι
827 788 971 821 intereos
984 787 1125 820 declarat
1134 786 1151 819 ¹.

634 868 766 893 Clemens
788 868 865 900 Papa
885 867 925 897 X.

537 910 573 938 ad
599 914 772 944 perpetuam
791 912 835 938 rei
855 911 1034 938 memoriam.

464 980 505 1012 Ex·
531 980 677 1013 iniuncto
696 981 789 1013 nobis
808 981 960 1014 divinitus
984 981 1158 1024 pastoralis

420 1033 646 1066 sollicitudinis
661 1043 803 1073 munere,
816 1032 1028 1075 singulorunff
1040 1033 1155 1066 merita

421 1087 523 1128 aequa
547 1086 637 1118 lance
662 1087 916 1128 perpendentes,
937 1086 1078 1126 illorum,
1099 1086 1154 1128 qui

420 1137 453 1169 in
473 1137 636 1170 Ecclesiae
663 1142 694 1170 et
718 1137 884 1180 religionis
912 1138 1104 1181 obsequium
1121 1149 1155 1171 0-

419 1200 531 1233 peram
575 1190 781 1233 studiumque
824 1201 915 1223 suum
950 1191 1155 1224 laudabiliter

420 1242 598 1282 conserunt,
617 1242 884 1275 honorificentiae
910 1242 1050 1275 libenter
1079 1254 1156 1276 con-

420 1295 563 1334 sulimus,
583 1294 665 1327 sieut
680 1295 797 1327 rationi
815 1301 1068 1328 consentaneum
1086 1306 1155 1328 esse

421 1347 615 1380 arbitramur
639 1347 670 1379 in
696 1347 845 1380 Domino.

465 1399 535 1442 §sb
566 1399 690 1442 Exponi
727 1399 886 1442 siquidem
922 1401 1017 1433 nobis
1051 1411 1156 1443 nuper

422 1452 497 1485 feeit
521 1452 656 1485 dilectus
693 1451 777 1485 filius
814 1453 993 1485 Ludorieus
1026 1453 1155 1495 Magnus

421 1516 438 1537 a
452 1504 563 1544 Cantu,
576 1510 767 1548 procurator
780 1505 940 1547 generalis
953 1505 1081 1538 Ordinis
1095 1505 1156 1538 sra-

423 1563 505 1590 trum
526 1557 682 1590 Minorum
708 1558 808 1590 saneti
830 1558 991 1591 Francisci
1012 1558 1157 1592 Conven-

423 1611 556 1643 tualium
581 1616 853 1654 nuncupatorum,
877 1612 963 1654 quod
988 1611 1020 1644 in
1041 1612 1155 1644 eodem

422 1663 540 1696 Ordine
554 1664 765 1707 reperiuntur
790 1664 975 1697 definitores
997 1665 1154 1708 perpetui,

422 1717 477 1759 qui
502 1722 609 1760 patres
633 1717 818 1760 provinciae
843 1717 950 1750 vocari
976 1718 1094 1758 solent,
1123 1718 1155 1750 in

424 1769 565 1813 quinque
592 1769 718 1812 species
745 1770 903 1802 distincti:
924 1781 1040 1814 nempe
1058 1771 1155 1814 aliqui

422 1828 556 1865 propter
592 1827 719 1864 gestum
744 1822 778 1854 in
802 1823 936 1866 propria
967 1824 1017 1856 vel
1050 1823 1157 1856 aliena

422 1875 589 1918 provincia
619 1876 870 1918 provincialatus
906 1876 1068 1917 officium;
1102 1876 1155 1909 alii

423 1928 498 1970 quia
522 1929 676 1961 lecturam
703 1928 875 1961 duodecim
900 1940 1058 1962 annorum
1084 1940 1157 1973 spa-

423 1980 467 2013 tio
491 1981 523 2012 in
549 1980 723 2022 regennis,
750 1980 834 2014 inter
865 1992 944 2024 quas
977 1987 1051 2014 sunt
1075 1993 1156 2025 quae

422 2033 543 2076 primae
570 2033 681 2066 elassis
702 2039 869 2074 vocantur,
889 2039 920 2067 et
940 2035 1087 2077 collegiis
1106 2035 1156 2068 vel

421 2085 682 2118 universitatibus
707 2086 802 2118 studii
828 2087 988 2129 generalis
1005 2098 1157 2120 exercue-

422 2137 504 2177 rint;
524 2138 578 2170 alii
597 2148 632 2170 ex
652 2148 690 2171 eo
712 2139 797 2181 quod
821 2140 953 2172 verbum
967 2139 1022 2171 Dei
1041 2140 1156 2172 eodem

421 2190 576 2233 temporis
601 2191 706 2233 spatio
732 2191 763 2223 in
785 2192 917 2234 pulpitis
935 2202 991 2224 seu
1009 2192 1154 2224 ecclesiis

422 2349 588 2390 theologia
602 2349 745 2390 magistri
761 2354 878 2389 essent,
893 2360 951 2392 per
964 2360 1065 2382 annos
1079 2351 1153 2383 duo·

422 2401 525 2434 decim
551 2401 694 2444 magistri
720 2402 914 2435 novitiorum
933 2414 1065 2436 munere
1084 2404 1155 2435 sun-

421 2454 461 2485 eti
480 2456 560 2496 sint3
580 2461 611 2487 et
630 2455 746 2498 reliqui
772 2466 807 2488 ex
835 2456 965 2489 decreto
984 2457 1087 2489 felicis
1104 2467 1154 2489 re-

458 2537 467 2560 1
493 2534 556 2561 Vide
576 2535 610 2560 ad
637 2539 807 2569 praesentem
828 2536 965 2562 materiam
985 2537 1153 2563 constitutio-

419 2586 481 2605 nem
500 2578 702 2606 Inscrutabz‘lt's
723 2579 757 2605 ab
776 2579 927 2606 Alexandro
949 2579 990 2605 tll
1007 2580 1117 2607 editam.

455 2623 470 2649 2
490 2621 559 2650 Edit.
581 2622 661 2649 Μαίη,
684 2623 746 2658 legit
765 2623 948 2658 singularium
970 2623 1008 2658 (n.
1026 2624 1072 2659 T.).

991 254 1169 278 BULLARIUM
1189 253 1344 279 ROMANUM

1193 303 1262 335 licis
1288 303 1524 337 reeordationis
1550 304 1722 338 Alexandri
1748 304 1851 348 Papae
1875 304 1925 338 Vll

1193 356 1459 398 praedecessoris
1485 358 1598 398 nostri,
1625 358 1679 401 qui
1703 358 1835 401 pariter,
1860 369 1927 391 ma-

1194 407 1315 449 gisterii
1341 409 1373 441 in
1398 412 1485 442 saera
1517 411 1682 453 theologia
1707 411 1807 453 gradu
1832 410 1927 443 deco-

1195 460 1264 498 rati,
1292 471 1350 502 per
1376 461 1544 494 duodecim
1570 474 1729 496 annorum
1755 463 1926 496 decursum

1195 511 1402 554 inquisitores
1417 514 1599 548 haereticae
1616 516 1783 558 pravitatis
1797 515 1926 556 suerint,

1195 574 1249 595 seu
1274 565 1390 607 partim
1426 566 1581 599 lecturam
1607 573 1641 600 ut
1665 578 1763 611 supra
1796 573 1828 601 et
1854 578 1927 610 par-

1196 616 1249 648 tim
1282 616 1502 659 inquisitionis
1536 619 1677 652 officium
1711 620 1924 654 exercuerint.

1195 668 1256 700 ints
1267 680 1280 700 ι·
1304 671 1465 712 praefatos
1498 675 1606 703 autem
1642 672 1830 706 definitores
1854 683 1928 716 per-

1195 725 1321 763 petuos,
1338 721 1402 754 sive
1420 727 1527 764 patres
1544 723 1741 765 provinciae,
1758 735 1797 757 ea
1811 730 1860 757 est
1873 725 1928 758 dis-

1196 772 1343 813 serentiu,
1368 775 1462 816 quod,
1485 774 1537 817 qui
1556 781 1691 818 propter
1707 781 1834 818 gestum
1854 787 1929 820 pro-

1196 824 1402 858 vineialatum
1429 827 1506 859 tales
1531 819 1618 867 sunt,
1637 828 1764 860 tametsi
1787 828 1928 868 iuvenes,

1196 882 1320 910 eeteros
1343 878 1529 912 definitores
1548 885 1724 923 perpetuos
1744 890 1801 913 seu
1820 886 1929 923 patres

1196 931 1379 973 provinciae
1406 931 1592 965 huiusmodi
1611 938 1705 965 antea
1722 933 1820 975 longe
1839 933 1930 965 insti-

1198 983 1310 1015 titutos
1329 984 1536 1026 praecedant.
1560 985 1625 1016 Hae
1648 995 1726 1017 vero
1750 984 1930 1017 differentia

1198 1046 1214 1067 a
1232 1036 1356 1068 dilectis
1376 1036 1500 1079 pariter
1517 1035 1590 1069 filiis
1619 1036 1766 1070 ministro
1785 1038 1928 1079 generali

1198 1099 1234 1121 ae
1265 1088 1492 1121 definitoribus
1525 1090 1731 1131 generalibus
1763 1090 1930 1133 perpetuis

1199 1146 1230 1173 et
1243 1141 1464 1174 assistentibus
1479 1141 1555 1175 dieti
1573 1142 1701 1175 Ordinis
1718 1148 1842 1175 mature
1857 1153 1931 1175 con-

1198 1193 1350 1233 siderata,
1376 1194 1534 1236 simulque
1568 1195 1738 1237 perpensis
1762 1195 1930 1227 laboribus

1198 1257 1322 1286 eorum,
1343 1248 1398 1289 qui
1423 1248 1544 1289 legunt,
1574 1247 1772 1290 praedicant,
1798 1247 1933 1280 novitio—

1198 1309 1269 1330 rum
1294 1298 1486 1331 institutioni
1522 1304 1696 1341 praesunt,
1723 1304 1754 1331 et
1778 1298 1932 1331 tribunali

1198 1351 1294 1383 officii
1312 1351 1532 1394 Inquisitionis
1558 1351 1739 1384 haereticae
1764 1352 1931 1394 pravitatis

1199 1403 1399 1443 inserviunt,
1427 1404 1482 1446 qui
1508 1405 1700 1447 plerumque
1725 1414 1792 1437 non
1816 1414 1932 1447 prove-

1200 1457 1320 1488 huntur
1340 1457 1379 1488 ad
1403 1456 1680 1499 provincialatum,
1707 1458 1746 1490 ad
1772 1467 1869 1499 quem
1899 1463 1934 1489 ut

1199 1509 1371 1551 plurimum
1396 1514 1627 1552 promoventur
1645 1520 1757 1542 eorum
1782 1509 1931 1553 discipuli

1200 1567 1252 1594 aut
1276 1561 1330 1594 alii
1356 1562 1477 1595 meritis
1506 1567 1537 1595 et
1562 1563 1715 1605 qualitate
1742 1563 1930 1603 inferiores,

1200 1613 1254 1656 qui
1279 1613 1415 1646 subinde
1452 1625 1506 1646 eos
1537 1615 1735 1657 praecedunt
1769 1626 1834 1647 non
1862 1615 1932 1648 sine

1200 1677 1312 1699 eorum
1345 1667 1540 1700 verecundie
1572 1672 1603 1700 et
1626 1668 1764 1700 aliorum
1800 1668 1934 1701 admira-

1201 1719 1308 1752 tione:
1327 1719 1388 1763 ipsi
1413 1719 1562 1752 minister
1591 1720 1751 1762 generalis
1773 1731 1808 1753 ac
1826 1720 1934 1753 defini—

1200 1778 1286 1819 tores
1317 1774 1485 1815 generales
1510 1779 1542 1806 et
1566 1774 1774 1813 assistentes,
1800 1784 1834 1806 re
1860 1785 1932 1806 cum

1200 1825 1315 1858 dilecto
1332 1825 1398 1858 filio
1424 1832 1534 1859 nostro
1554 1826 1685 1860 Giberto
1702 1826 1733 1859 S.
1753 1827 1790 1859 R.
1810 1827 1844 1859 E.
1867 1838 1934 1860 car-

1200 1878 1300 1911 dinali
1339 1879 1533 1912 Borromaeo
1580 1885 1765 1922 nuncupato
1804 1879 1931 1912 Ordinis

1199 1931 1336 1974 praefati
1361 1933 1445 1974 apud
1463 1943 1522 1964 nos
1536 1937 1567 1964 et
1584 1931 1700 1965 Sedem
1713 1932 1932 1974 Apostolicam

1199 1990 1384 2028 protectore
1410 1985 1653 2024 communicata,
1679 1985 1800 2028 illoque
1826 1996 1933 2018 assen-

1201 2038 1307 2077 tiente,
1326 2038 1521 2070 censuerunt
1538 2047 1605 2069 rem
1625 2048 1752 2070 omnem
1770 2048 1806 2070 ex
1824 2039 1932 2070 nostra

1200 2095 1232 2122 et
1256 2089 1351 2122 huius
1383 2095 1511 2122 sanctae
1540 2089 1630 2122 Sedis
1664 2090 1865 2132 providentia
1893 2091 1932 2123 ad

1199 2142 1426 2185 aequalitatem
1451 2142 1519 2174 sore
1545 2142 1778 2185 1·ed1gendam‚
1805 2153 1845 2175 ne
1871 2144 1932 2176 sra-

1176 2222 1177 2229 ,
1199 2201 1264 2227 tres
1290 2194 1433 2227 eiusdem
1459 2194 1587 2226 Ordinis
1605 2195 1642 2227 ad
1667 2195 1827 2228 studiosos
1849 2195 1931 2228 labo·

421 2253 481 2285 per
505 2243 637 2276 decreta
673 2244 748 2276 dicti
784 2244 912 2276 Ordinis
943 2235 1177 2288 praescriptis3

421 2295 703 2338 p1·ae‹‚licave1‘int;
734 2296 787 2328 alii
814 2297 896 2338 quia,
917 2307 988 2329 cum
1007 2297 1040 2329 in
1065 2300 1155 2329 sacra
1175 2304 1177 2331 ἲ
1197 2300 1306 2343 polius
1331 2300 1363 2331 in
1388 2300 1549 2332 Ecclesiae
1575 2301 1770 2343 obsequium
1793 2307 1823 2334 et
1855 2302 1930 2334 dicti

1200 2258 1250 2280 res
1275 2247 1453 2279 reddantur
1478 2247 1667 2289 segniores,
1699 2249 1756 2281 sed
1787 2249 1825 2281 ad
1858 2249 1930 2282 illos

1197 2353 1324 2385 Ordinis
1349 2353 1496 2385 decorem
1523 2353 1671 2385 alacriter
1692 2354 1930 2396 suscipiendos

1197 2411 1293 2448 atque
1319 2406 1522 2448 peragendos
1541 2406 1735 2438 animentur.
1763 2406 1865 2444 Quare
1883 2407 1930 2440 di-

1197 2464 1265 2490 etus
1283 2458 1463 2490 Ludevieus
1485 2464 1675 2500 procurator
1689 2461 1857 2501 generalis,
1877 2470 1930 2493 eo-

1197 2511 1340 2543 rumdem
1368 2510 1504 2543 ministri
1531 2511 1691 2553 generalis
1716 2523 1751 2544 ae
1779 2512 1929 2546 delinito-

1199 2574 1267 2595 rum
1285 2564 1483 2606 generalium
1503 2570 1533 2596 et
1551 2564 1766 2597 assistentium
1786 2566 1928 2606 nomine,

1197 2617 1289 2649 nobis
1319 2616 1487 2650 humiliter
1518 2618 1690 2661 supplicari
1724 2619 1799 2652 fecit
1828 2624 1863 2652 ut
1895 2619 1927 2652 in

1928 256 1982 284 An.
1999 257 2029 284 C.
2051 256 2116 285 1671
