2279 3260
266 248 315 274 An.
333 246 361 274 e.
383 247 453 275 1670
496 239 540 274 30

1038 250 1219 275 nummum!

460 298 559 339 mina,
586 300 768 342 qualitates,
787 300 927 340 ordines,
949 300 1079 342 gradus,
1105 300 1194 333 dioe-

459 351 554 392 cesis,
579 353 682 395 patria
707 358 739 386 et
762 358 869 385 cetera
885 353 1043 396 requisita
1060 352 1194 395 exprimi

460 410 492 438 et
517 405 659 439 describi
681 417 738 440 seu
757 417 817 450 pro
838 406 998 449 expressis
1024 411 1055 438 et
1080 404 1195 438 descri-

459 458 521 501 ptis
548 459 661 491 haberi
679 458 812 502 possint,
835 458 991 491 intereos
1016 457 1147 491 sacrista
1165 462 1195 489 et

459 511 602 553 magistri
637 511 912 544 caeremoniarum
945 511 1111 553 cappellae
1138 520 1195 542 no—

459 567 554 603 strae,
574 574 703 596 necnon
716 564 907 596 secretarius
926 562 1053 603 collegii
1070 572 1195 594 eorum-

459 615 532 647 dem
555 616 779 655 cardinalium,
797 620 828 648 et
845 615 942 647 ceteri
961 614 1013 647 alii
1034 614 1065 646 in
1084 614 1195 646 notula

459 678 518 710 per
531 668 618 710 ipsos
634 668 808 711 magistros
825 667 1099 700 caeremoniarum
1115 666 1195 698 sacta

461 726 492 751 et
521 720 683 763 descripta
720 719 862 752 adnotati
898 724 930 751 et
966 718 1140 761 descripti,
1168 717 1193 750 si

460 772 539 804 alias
561 773 598 805 ad
617 772 788 815 pensiones
806 777 837 804 et
854 770 1011 803 beneficia
1033 770 1196 803 huiusmo-

460 824 491 857 di
518 825 641 857 habiles
668 831 699 857 ct
724 835 856 867 capaces
883 824 1022 864 suerint,
1049 833 1195 866 compre-

460 878 644 911 hendantur
669 884 700 910 et
723 879 920 910 adnotentur
959 877 1055 909 simul
1082 878 1131 909 vel
1155 877 1194 909 ad

458 937 583 974 partem
609 930 703 963 etiam
736 931 767 962 in
800 931 864 962 una
896 941 961 963 non
994 930 1075 963 sacta
1106 940 1195 962 men-

461 983 546 1016 tione
574 984 612 1016 de
645 983 706 1016 alia
731 984 780 1016 vel
810 983 880 1016 aliis
912 987 1008 1026 prout
1032 983 1195 1016 videbitur

459 1035 683 1079 expediendis.

503 1088 594 1131 514.
628 1088 782 1121 Volumus
815 1093 921 1120 autem
951 1088 1037 1130 quod
1073 1088 1196 1121 littera-

460 1152 530 1174 rum
547 1151 642 1184 super
660 1141 884 1183 praesentibus
904 1141 1192 1181 conficiendarum,

459 1205 513 1226 seu
550 1193 730 1236 praesentis
769 1193 1001 1236 motusproprii
1034 1198 1217 1228 transunn,

458 1247 521 1289 ptis
541 1246 717 1289 impressis,
732 1251 763 1278 et
776 1246 881 1288 sigillo
896 1258 932 1279 ac
950 1257 1043 1279 manu
1060 1246 1195 1279 alicuius

458 1309 616 1342 personae
641 1298 672 1330 in
699 1299 854 1340 dignitate
880 1300 1094 1332 ecclesiastica
1120 1310 1196 1332 con-

458 1353 586 1384 stitutae
620 1351 751 1383 munitis
782 1358 812 1384 et
837 1352 1049 1396 subscriptis,
1083 1353 1195 1385 eadem

457 1404 536 1437 sides
567 1410 631 1436 tam
662 1404 693 1436 in
726 1404 846 1437 iudicio
879 1416 975 1448 quam
1003 1411 1090 1437 extra
1116 1405 1194 1437 illud

458 1458 662 1496 adhibeatur,
682 1468 761 1500 quac
780 1458 1122 1500 originalibuslitteris
1140 1469 1194 1491 seu

458 1510 619 1553 praesenti
652 1511 892 1553 lnotuiproprio
918 1511 1071 1554 originali
1105 1511 1217 1547 adhi-l

458 1563 590 1594 beretur
620 1562 646 1594 si
680 1563 786 1595 forent
818 1563 984 1596 exhibitae
1010 1565 1058 1596 vel
1088 1562 1217 1596 osten-³

458 1626 525 1655 sae,
545 1620 599 1648 aut
616 1615 779 1648 exhibitus
805 1617 852 1649 vel
878 1622 1026 1649 ostensus
1052 1616 1147 1649 soret.

970 1670 1045 1702 Fiat
1071 1670 1104 1701 E.

501 1721 615 1754 Datum
641 1721 770 1762 Rornae,
797 1722 880 1765 apud
898 1722 929 1754 S.
950 1722 1088 1761 Petrum,
1107 1733 1122 1754 v
1141 1722 1195 1754 ka-

457 1773 570 1806 lendas
596 1773 685 1814 iunii,
714 1785 798 1807 anno
825 1784 847 1807 1.

457 1862 596 1894 Nomina
620 1867 727 1895 aulem
751 1863 897 1906 ipsorum
922 1864 1192 1896 com-lavistarzmz
1215 1885 1216 1888 =

582 1920 657 1948 sun!
679 1916 755 1948 haec
779 1927 861 1959 quae
886 1922 1080 1959 sequuntur:

501 1985 804 2019 Reverendissimus
828 1986 862 2018 D.
890 1987 1078 2020 Franciscus
1099 1987 1195 2021 Maria

458 2038 515 2071 Ph«
532 2039 640 2080 cbeus,
665 2039 901 2081 Frbevetanns,
929 2040 1194 2084 archiepiscopus

459 2090 632 2129 Tarsensis,
652 2098 845 2134 praeceptor
861 2093 1099 2136 archiospitalis
1124 2094 1196 2127 San-

460 2143 502 2175 rti
527 2143 663 2186 Spiritus
682 2144 713 2175 in
731 2144 832 2184 Saxia,
851 2146 1024 2177 canonicus
1040 2147 1195 2179 basilicae
1215 2141 1217 2180 i

459 2195 618 2239 Principis
643 2197 871 2239 Apostolorum
891 2198 930 2231 de
955 2198 1047 2238 Urbe,
1074 2191 1217 2242 primusl

461 2249 736 2282 cat-remoniarum
758 2251 930 2293 magister3
1216 2238 1218 2279 Ι

506 2301 802 2334 Bererendissimus
827 2303 862 2335 D.
884 2304 980 2336 frater
1004 2304 1118 2348 loseph
1136 2305 1197 2338 Eu-

1243 250 1395 277 nemum}

1238 300 1372 340 verino,
1406 299 1581 333 canonicus
1615 300 1749 343 insignis
1782 301 1977 344 collegiatae

1238 353 1394 386 ecclesiae
1419 353 1449 385 S.
1478 353 1595 387 Mariae
1618 354 1648 387 in
1668 355 1789 388 vialata
1811 355 1849 387 de
1870 354 1975 395 Urbe;

1282 406 1393 438 Petrus
1408 406 1567 439 Antonius
1585 407 1623 440 de
1639 408 1668 440 la
1685 407 1867 441 Pedacchia
1883 417 1978 450 pres-

1238 458 1330 500 byter
1358 458 1532 499 Romanus,
1555 464 1732 502 perpetuus
1762 459 1976 492 beneficiatus

1238 510 1390 543 basilicae
1405 510 1564 554 Principis
1579 511 1811 554 Apostolorum
1828 513 1865 545 de
1877 511 1975 552 Urbe;

1281 563 1392 595 Petrus
1416 563 1533 595 Paulus
1559 564 1657 604 Bona,
1675 566 1845 608 presbyter
1861 565 1978 597 Boma-

1238 625 1305 652 nus,
1324 615 1478 657 magister
1498 617 1796 657 caeremoniarum3

1281 668 1387 699 Abbas
1416 668 1602 700 Franciscus
1633 669 1773 709 Polinus,
1806 671 1978 714 presbyter

1238 719 1483 760 Canwrinensis,
1501 721 1652 753 basilicae
1678 722 1900 754 Lateranensis
1926 733 1977 754 ca-

1238 772 1383 813 nonicus,
1410 773 1492 805 sacri
1517 773 1646 815 collegii
1671 774 1887 813 secretarius;

1281 826 1388 858 Abbas
1413 825 1565 858 Ascanius
1590 826 1791 868 paganellus,
1809 826 1979 870 presbyter

1238 878 1491 918 Camerinensis;
1522 877 1525 881 ’

1282 932 1431 965 Nicolaus
1452 932 1597 973 Gentilis,
1614 933 1712 965 laicus
1730 932 1976 972 Camerinensis,

1239 985 1338 1018 nostri
1364 987 1438 1019 (lum
1464 987 1682 1019 cardinalatus
1709 986 1836 1019 honore
1864 986 1978 1029 sunge-

1239 1038 1370 1078 bamur3

1282 1091 1387 1123 Abbas
1418 1090 1555 1123 Ioannes
1591 1090 1736 1133 Baptista
1771 1090 1810 1122 de
1848 1090 1978 1132 Palagio

1239 1143 1410 1186 presbyter
1435 1143 1613 1182 Romanus,
1637 1142 1815 1174 canonicus
1841 1142 1978 1189 insignis

1239 1195 1428 1238 collegiatae
1455 1195 1611 1228 ccclesiae
1638 1195 1668 1227 S.
1688 1194 1851 1227 Laurentii
1869 1194 1901 1226 in
1919 1192 1978 1226 Da-

1239 1259 1328 1280 maso
1347 1249 1385 1281 tle
1404 1247 1498 1288 Urbe,
1524 1248 1680 1290 Agapitus
1703 1247 1866 1280 Colorsius
1891 1257 1979 1290 pres-

1239 1302 1329 1344 byter
1360 1301 1609 1341 Praenestinus,
1636 1300 1808 1344 Philippus
1832 1301 1982 1338 Balthas-,

1239 1366 1349 1394 sarus,
1382 1356 1551 1399 presbyter
1583 1355 1769 1395 Romanus,
1797 1359 1975 1398 perpetuus

1238 1408 1448 1441 beneficiatus
1474 1408 1625 1441 basilicae
1656 1407 1813 1450 Principis
1844 1408 1978 1450 Aposto-

1240 1462 1344 1494 lorum
1361 1462 1399 1494 de
1418 1461 1513 1501 Urbe,
1540 1460 1700 1494 Francisci
1719 1459 1874 1493 Ostiensis
1902 1460 1978 1503 Bar-

1238 1514 1342 1547 berini
1359 1526 1366 1554 3

1282 1567 1475 1599 Benedictus
1501 1566 1612 1600 Caccia
1641 1566 1812 1609 presbyter
1843 1566 1978 1599 Callien-

1239 1617 1439 1657 sis,loannes
1464 1617 1621 1650 Antonius
1646 1616 1822 1659 Quaglinus
1840 1617 1977 1650 clericus

1238 1670 1447 1703 Taurinensis
1482 1670 1654 1710 dioecesis,
1686 1670 1829 1702 Andreas
1858 1669 1978 1702 Gioiet-

1240 1729 1289 1755 tus
1313 1723 1474 1756 Romanus
1503 1723 1625 1762 laicus,
1659 1722 1759 1755 Martii
1792 1722 1977 1755 portuensis

1215 1790 1217 1800 ι
1238 1776 1377 1816 Ginetti3

1282 1829 1439 1862 Antonius
1454 1828 1565 1862 Simon
1586 1828 1686 1861 abbas
1700 1828 1870 1862 Balleonus
1887 1839 1977 1872 pres-

1238 1883 1330 1925 byter
1350 1881 1561 1921 Pisaurensis‚
1576 1881 1712 1914 Faustus
1731 1881 1858 1914 Tursius
1883 1882 1978 1915 cleri-

1238 1945 1291 1967 cus
1305 1935 1498 1978 Spoletanae
1514 1933 1683 1974 dioecesis,
1707 1934 1774 1976 Ugo
1793 1934 1892 1967 Purra
1912 1936 1977 1968 cle-

1238 1988 1323 2020 ricus
1347 1986 1592 2030 Lugdunensis,
1619 1986 1747 2019 Antonii
1774 1986 1975 2019 Praenestini

1238 2040 1404 2073 Barberini
1419 2051 1425 2080 ;

1282 2093 1465 2126 Dominicus
1490 2093 1615 2135 Magrus
1641 2093 1808 2136 presbyter
1833 2093 1977 2126 Meliten-

1239 2147 1280 2179 sis
1306 2145 1479 2178 canonicus
1507 2147 1678 2188 theologus
1704 2145 1898 2178 cathedralis
1930 2156 1976 2179 ee-

1239 2200 1356 2232 clesiae
1380 2199 1612 2239 Yiterbiensis,
1645 2198 1828 2231 Dominicus
1866 2199 1975 2242 pag-tia

1239 2252 1410 2295 presbyter
1435 2252 1473 2284 de
1497 2252 1635 2284 Vetralla
1659 2251 1871 2284 Tuscanensis
1891 2252 1976 2285 dioe-

1239 2304 1334 2345 cesis,
1361 2304 1548 2338 Franciscus
1572 2304 1673 2337 Ciceri
1693 2305 1831 2337 clericus
1856 2305 1975 2338 Medio·

467 2354 784 2397 <aiii‘zS,Aquilanus,
811 2356 983 2399 episcopus
1015 2358 1196 2402 Helcnopo·
1240 2358 1381 2394 lanensis
1401 2385 1408 2398 ,
1441 2357 1603 2391 Francisci
1643 2358 1759 2391 Mariae
1802 2358 1974 2392 Tusculani

464 2407 593 2445 litamus,
614 2406 748 2439 sacrista
780 2415 908 2449 nostcr;

507 2459 639 2491 Carolus
665 2460 850 2493 vincentius
868 2462 1081 2504 Carcarasius,
1102 2475 1197 2497 cano-

464 2511 554 2542 nicus
571 2511 720 2544 basilicae
740 2514 895 2557 Principis
915 2518 1139 2558 Apostolorum
1157 2518 1196 2550 tle

466 2564 566 2602 Urbe,
599 2565 765 2608 presbyter
794 2567 975 2607 ltomanus;

1254 2411 1398 2444 trancatii
1416 2423 1422 2451 ;

1283 2464 1453 2496 chericus
1478 2465 1701 2497 Bonavcntura
1718 2464 1854 2497 clericus
1880 2465 1975 2498 Urbi-

1241 2528 1313 2557 nas,
1341 2517 1498 2549 Zenobius
1515 2517 1647 2549 Casinus
1661 2518 1829 2560 presbyter
1844 2517 1975 2550 Floren-

1241 2570 1343 2609 tinus,
1369 2570 1503 2602 loannes
1525 2570 1666 2613 Baptista
1683 2571 1855 2603 Sardineus
1883 2579 1974 2613 pres-

508 2617 638 2651 Fulvius
657 2618 837 2652 Servantius
853 2621 1022 2665 presbyter
1040 2623 1079 2656 dc
1097 2624 1127 2656 S.
1147 2624 1197 2657 Sc·
1217 2617 1219 2655 Ι
1240 2624 1330 2668 bytcr
1349 2623 1577 2657 Ulttnariensis
1595 2623 1770 2666 dioecesis,
1788 2624 1973 2660 Vincentius

1985 251 2034 279 An.
2050 250 2079 278 C.
2099 248 2170 279 1670
