2279 3260
158 243 208 270 An.
230 242 260 270 C.
283 243 351 272 1675

179 2317 276 2347 Pontifex
298 2317 340 2337 dis·

160 2347 211 2364 ›oiut
227 2347 249 2365 ut
271 2350 292 2365 m
307 2350 340 2365 ru*

170 2377 220 2391 rica.

988 248 1130 273 CLEMFNS
1152 250 1171 274 X
1196 251 1243 274 1²1³.

353 294 487 329 fratrum
524 296 684 330 Minorum
717 297 818 329 sancti
854 296 1014 329 Francisci
1051 297 1089 329 ‹le

352 347 559 383 observantia
582 355 853 393 nuncupatorum,
868 349 1019 382 videlicet
1039 348 1091 381 Ni·

1763 244 1820 276 601

1133 302 1164 329 et
1188 298 1358 331 comitatus
1384 299 1553 333 Flaudriae
1586 302 1745 340 ordinum,
1765 314 1798 334 as:
1825 303 1872 334 ‹ii-

1133 351 1292 383 lectorum
1328 351 1470 385 filiorum
1502 353 1662 387 Francisci
1702 355 1818 387 Mariae
1855 367 1872 387 a

353 401 434 434 colai
452 401 540 435 Pichi
564 401 808 445 Gorgomiensis
825 402 1001 445 guardiam,
1017 401 1091 434 llic·
1108 386 1111 418 l
1132 402 1290 436 Cremona
1314 404 1453 437 ministri
1480 406 1640 447 generalis
1658 413 1689 439 et
1708 407 1803 439 totius
1821 408 1872 439 Or-

353 454 477 497 ronymi
497 455 652 488 Werdani
666 455 789 495 vicarii,
808 455 1001 488 Theoderici
1019 454 1090 487 Em-

354 506 429 539 dcni
454 507 652 548 Amessortii,
678 508 796 541 Nicasii
827 507 954 541 loannis
987 507 1088 546 llezii,

355 560 506 593 Willeadi
520 560 609 601 Dani,
620 560 788 594 Godcsridi
803 560 1016 601 Merzvellani,
1029 560 1090 592 An-

354 613 434 646 tonii
460 613 638 653 Werdaui,
668 614 799 647 Antonii
837 613 1087 653 Hornariensis,

353 665 513 699 Francisci
528 666 621 700 Rodii
633 668 861 707 Bruxellensis,
873 667 1089 706 sacerdotum,

354 724 384 752 et
400 719 485 752 Petri
504 720 621 753 Ascani
640 732 677 753 ac
694 720 834 754 Cornelii
850 719 975 752 Wicani
994 719 1091 752 laico—

353 782 434 813 rum,
452 778 483 806 et
499 773 637 806 aliorum
658 779 743 813 octo,
763 784 880 816 nempe
897 772 1024 805 Ioannis
1042 783 1092 804 sa-

354 825 495 859 cerdotis
508 825 636 859 Ordinis
650 827 922 865 Praedicatorum,
934 831 966 858 et
979 825 1092 858 Adria-

354 879 386 911 ni
404 879 521 912 Beeani
540 884 571 912 et
591 879 697 912 Iacobi
721 878 851 921 Lacopii
870 878 1102 911 Aldenarden-=

353 932 396 964 sis
413 932 579 965 amborum
597 931 727 964 Ordinis
752 931 1090 971 Praeruonstratensis,

355 988 387 1017 et
402 984 532 1017 Ioannis
546 984 755 1017 Osterwicani
770 983 917 1016 canonici
933 984 1103 1026 regutaris

355 1037 483 1071 Ordinis
512 1037 613 1070 sancti
647 1037 838 1079 Augustini,
866 1048 901 1070 ac
932 1038 1092 1070 Leonardi

354 1090 514 1123 Vecchelii
540 1090 808 1131 Bilscodiicensis,
829 1090 951 1123 Nicolai
967 1090 1091 1133 Popelii

354 1143 513 1183 Weldani,
533 1142 705 1176 Godefredi
724 1143 824 1177 Dunei
838 1144 1092 1186 Gorgomiensis,

353 1201 385 1229 et
409 1195 558 1228 Andreae
583 1195 733 1235 Walteri,
754 1196 961 1229 sacerdotum
987 1202 1018 1229 et
1042 1207 1092 1239 pa-

353 1248 531 1282 rochorum
559 1248 800 1288 saecularium,
827 1249 881 1292 qui
906 1259 1019 1282 omnes
1052 1249 1093 1281 si-

355 1301 421 1333 mul
445 1301 478 1333 in
503 1300 612 1334 odium
633 1301 812 1334 catholicae
833 1301 920 1341 fidei,
937 1302 1091 1344 primatus

354 1353 520 1386 Romanae
550 1353 716 1386 Ecclesiae
741 1359 772 1387 et
797 1354 1013 1397 augustissimi
1037 1355 1099 1393 Eu<

354 1406 528 1439 charistiae
561 1407 754 1439 sacramenti
788 1412 864 1450 post
893 1408 1092 1441 atrocissima

354 1464 386 1492 et
408 1458 644 1492 immanissima
668 1464 832 1493 tormenta
856 1460 942 1493 Brile
967 1461 999 1493 in
1019 1461 1093 1494 Hol—

353 1512 463 1545 landia
489 1521 573 1545 anno
599 1521 729 1546 MDLxxu
762 1512 921 1546 interfecti
951 1514 1091 1556 palmam

353 1564 499 1608 martyrii
524 1565 690 1608 accepisse
714 1566 955 1605 asserebantur,
983 1576 1018 1599 ac
1042 1576 1093 1598 su-

353 1628 414 1661 per
437 1617 549 1661 signis,
573 1617 734 1661 prodigiis
758 1628 794 1651 ac
817 1618 992 1659 miraculis,
1010 1630 1090 1662 quae

353 1671 393 1703 ad
410 1670 679 1704 manifestandam
697 1671 818 1704 mundo
835 1671 965 1704 finalem
979 1682 1089 1705 eorum

353 1724 633 1768 perseverantiam
658 1735 674 1756 a
699 1723 764 1758 Deo
794 1725 881 1757 edita
905 1730 937 1758 et
966 1731 1091 1768 patrata

353 1777 452 1810 fuisse
477 1777 681 1818 dicebantur3
709 1779 855 1821 factaque
885 1779 1013 1811 demum
1039 1790 1091 1812 co-

351 1840 420 1863 ram
444 1830 541 1863 nobis
565 1830 719 1870 omnium,
746 1842 827 1874 quae
853 1831 886 1864 in
912 1832 972 1864 hac
996 1835 1090 1865 causa

351 1887 442 1925 gesta
465 1888 552 1923 sunt,
577 1884 675 1926 plena
700 1889 732 1916 et
752 1884 902 1917 distincta
919 1885 1087 1925 rel-atione,

350 1935 495 1979 praefata
518 1935 734 1979 Congregatio
759 1937 979 1978 cardinalium,
1005 1939 1089 1971 audi-

350 1988 391 2021 tis
409 1988 507 2021 etiam
521 1989 747 2022 consultorum
764 1989 933 2033 suffragiis,
947 1992 1087 2024 censuit¹

350 2052 459 2085 posse,
487 2042 759 2086 quandocumque
784 2043 877 2076 nobis
901 2043 1086 2085 videretur,

351 2095 391 2127 ad
414 2096 593 2128 solemnem
624 2096 812 2129 eorumdem
842 2096 899 2129 Dei
923 2107 1089 2130 servorum

351 2147 629 2182 canonizationem
660 2154 731 2182 tuto
763 2149 907 2182 deveniri
924 2176 931 2190 ‚
956 2150 1088 2184 interim

350 2210 427 2233 vero
452 2201 613 2244 indulgeri
639 2207 674 2234 ut
695 2202 729 2235 in
752 2204 904 2237 universo
929 2209 1087 2238 terrarum

351 2253 431 2286 orbe
456 2254 543 2287 Beati
568 2261 818 2299 nuncupentur:

395 2307 411 2350 g
435 2306 466 2339 02.
494 2307 576 2340 Hinc
600 2313 647 2341 est
671 2309 758 2352 quod
791 2320 871 2351 nos,
900 2310 963 2354 piis
989 2315 1086 2354 atque

351 2358 456 2392 enixis
495 2360 651 2393 carissimi
687 2361 721 2394 in
745 2362 873 2396 Christo
906 2363 950 2396 fili
984 2364 1086 2396 nostri

350 2411 507 2455 Leopoldi
532 2412 752 2448 Romanorum
782 2416 868 2458 regis
892 2416 1027 2449 illustris
1052 2417 1085 2450 in

350 2464 581 2508 imperatorem
605 2467 713 2508 electi,
739 2469 941 2513 aliorumque
966 2470 1086 2513 princi-

350 2529 447 2562 pum,
474 2529 510 2552 ac
530 2519 728 2553 diversorum
759 2523 953 2565 praesertim
983 2523 1085 2566 Belgii

349 2571 528 2604 antistitum
544 2599 551 2612 ‚
578 2582 706 2606 necnon
732 2574 866 2608 ducatus
892 2577 1084 2610 Brabantiae

384 2635 398 2662 1
420 2635 518 2669 Aptius
537 2634 596 2669 lege
616 2636 758 2664 censuerit
776 2637 817 2672 (R.
833 2639 883 2672 T.).

436 2690 514 2719 Bull.
534 2689 616 2718 Rom.
636 2705 670 2709 —
694 2690 752 2719 Vol.
773 2692 872 2720 XVIII
913 2733 920 2739 Ι
1012 2694 1046 2722 76

1133 455 1216 489 dinis
1242 456 1374 489 [ratrum
1399 457 1555 490 Minoruui
1581 459 1681 491 saneti
1713 459 1870 491 l·‘raiu·i.«·i

1133 508 1171 541 de
1188 508 1395 542 Observantia
1411 516 1682 554 nuncupatorum,
1700 517 1729 544 et
1748 512 1872 554 sigusiu-

1133 565 1184 594 ter
1207 562 1320 605 Ignatii
1348 563 1386 596 de
1411 563 1553 607 Broeyer
1574 563 1719 597 eiusdem
1743 564 1871 596 Ordinis

1128 614 1329 661 ,professoris
1366 621 1397 649 et
1421 617 1587 649 secretarii
1624 617 1807 659 generalis,
1835 629 1871 649 ac

1133 667 1274 700 nationis
1300 668 1627 712 Germano-Belgicae
1653 669 1781 702 Ordinis
1814 670 1872 702 lui-

1133 720 1271 753 iusmodi
1306 721 1337 753 in
1369 721 1513 755 Romana
1542 723 1635 756 Curia
1666 723 1873 766 negotiorum

1135 774 1274 816 gestoris
1299 785 1355 807 seu
1390 776 1514 817 agentis
1545 776 1708 819 generalis
1726 803 1733 816 ,
1763 777 1874 809 liuius-

1135 837 1198 869 que
1234 837 1348 860 causae
1384 829 1629 871 procuratoris,
1667 830 1875 873 supplicatio-

1124 879 1231 925 ·nibus
1256 880 1351 913 nobis
1370 887 1402 913 et
1423 881 1497 914 huic
1517 887 1645 915 sanctae
1664 882 1754 915 Sedis
1775 894 1873 927 super

1126 928 1199 966 'hoc
1232 933 1398 966 humiliter
1422 935 1584 977 porrectis
1609 935 1749 979 benigne
1774 937 1871 970 incli-

1135 985 1214 1025 nati,
1234 986 1274 1018 de
1295 992 1545 1019 memoratorum
1567 987 1779 1021 cardinalium
1798 1001 1874 1022 con-

1124 1038 1209 1075 ,silio
1246 1043 1278 1071 et
1312 1039 1457 1072 unanimi
1493 1050 1651 1082 assensu,
1684 1043 1873 1076 auctoritate

1136 1091 1324 1134 apostolica,
1350 1096 1462 1125 tenore
1480 1093 1710 1135 praesentium,
1726 1094 1874 1138 indulge-

1135 1154 1207 1177 mus
1236 1149 1273 1176 ut
1295 1144 1433 1188 praefati
1458 1145 1541 1177 servi
1566 1145 1622 1178 Dei
1648 1146 1797 1180 Nicolaus
1821 1145 1873 1180 Pi-

1136 1197 1227 1237 chus,
1252 1197 1465 1241 Hieronymus
1486 1198 1681 1240 Werdanus,
1699 1200 1874 1234 Theodori-

1136 1261 1192 1284 cus
1215 1250 1390 1291 Emdenus,
1414 1251 1555 1285 Nicatius
1581 1252 1718 1286 Ioannes
1742 1255 1871 1297 Hezius,

1136 1304 1340 1338 Willehadus
1359 1304 1477 1346 Dauus,
1488 1304 1682 1339 Godesridus
1696 1306 1874 1341 Marzvella-

1135 1368 1208 1399 nus,
1236 1357 1396 1390 Antonius
1414 1358 1602 1399 Wefflanus,
1622 1360 1780 1394 Antonius
1798 1362 1874 1395 Hor-

1134 1410 1317 1448 nariensis‚
1356 1410 1547 1445 Franciscus
1583 1412 1727 1453 Rodius,
1760 1414 1874 1449 Petrus

1135 1464 1297 1503 Ascanus,
1324 1463 1493 1498 Cornelius
1519 1465 1690 1507 Wicanus,
1715 1467 1870 1509 Ioannes,

1134 1518 1293 1551 Adrianus
1318 1518 1473 1559 Becanus‚
1488 1519 1624 1553 Iacobus
1639 1520 1806 1564 Lacopius,
1824 1522 1873 1554 Io-

1135 1581 1236 1604 annes
1260 1571 1510 1613 Osterwicanus,
1526 1573 1715 1606 Leonardus
1733 1575 1874 1608 Vecche-

1134 1624 1223 1665 lius,
1254 1623 1405 1657 Nicolaus
1440 1625 1639 1668 Poppelius,
1676 1626 1872 1660 Godesridus

1134 1677 1272 1717 Duneus,
1295 1682 1326 1709 et
1350 1677 1496 1711 Andreas
1514 1679 1680 1712 Walterus
1705 1680 1738 1712 in
1763 1686 1873 1723 poste-

1134 1740 1203 1762 rum
1219 1730 1392 1763 Beatorum
1411 1731 1542 1763 nomine
1561 1738 1801 1775 nuncupentur,
1824 1744 1874 1766 eo-

1133 1793 1269 1826 rumque
1286 1793 1422 1826 corpora
1444 1788 1476 1816 et
1492 1784 1649 1828 reliquiae
1670 1787 1872 1819 venerationi

1134 1835 1279 1868 fidelium
1304 1836 1384 1878 (non
1412 1841 1519 1869 tamen
1550 1837 1583 1869 in
1608 1838 1873 1880 processionibus

1133 1887 1415 1931 circumferenda)
1453 1895 1679 1932 exponantur,
1714 1891 1872 1934 imagines

1133 1951 1262 1984 quoque
1295 1941 1392 1974 radiis
1425 1952 1481 1974 seu
1519 1943 1748 1985 splendoribus
1780 1955 1873 1977 exor-

1132 1999 1260 2034 nentur,
1287 2005 1323 2027 ac
1355 1995 1394 2027 de
1420 1995 1466 2027 eis
1491 1996 1667 2038 quotannis
1692 1996 1743 2029 die
1769 1997 1871 2030 felicis

1133 2057 1243 2080 eorum
1281 2047 1435 2081 transitus
1472 2049 1628 2082 recitetur
1663 2049 1804 2082 osticium
1841 2057 1873 2083 et

1131 2101 1228 2133 missa
1253 2101 1439 2134 celebretur
1461 2102 1499 2134 de
1525 2103 1688 2135 communi
1714 2103 1872 2136 Plurimo-

1132 2163 1204 2186 rum
1228 2153 1411 2197 ltlartyruim
1439 2154 1525 2187 iuxta
1549 2155 1696 2188 rubricas
1718 2156 1869 2189 breviarii

1131 2211 1162 2240 et
1185 2207 1326 2239 missalis
1352 2207 1490 2240 romani.

1174 2260 1188 2303 ἓ
1213 2260 1244 2293 4.
1272 2260 1371 2294 Porro
1388 2261 1614 2295 recitationem
1631 2264 1726 2297 officii
1744 2269 1776 2297 et
1793 2265 1869 2298 mis-

1131 2324 1184 2347 sae
1210 2313 1477 2347 clelebrationcm
1500 2315 1685 2350 huiusmodi
1703 2317 1773 2350 [ieri
1791 2329 1866 2351 con-

1130 2366 1272 2399 cedimus
1297 2367 1330 2399 in
1355 2367 1434 2400 loeis
1461 2368 1626 2402 dumtaxat
1647 2369 1866 2414 infrascriptis,

1129 2419 1283 2453 videlicet
1306 2420 1339 2452 in
1364 2422 1431 2453 tota
1456 2421 1628 2454 llollandia
1653 2424 1692 2455 ab
1718 2424 1867 2457 omuibus

1128 2473 1297 2516 utriusque
1323 2484 1418 2506 sexus
1437 2474 1702 2508 christifidelibus
1720 2481 1783 2509 tam
1801 2487 1868 2509 sae-

1129 2525 1293 2558 cularibus
1318 2537 1415 2569 quam
1434 2528 1648 2569 regularibus,
1675 2528 1728 2571 qui
1754 2529 1868 2562 adho-

1129 2589 1180 2611 ras
1205 2579 1377 2612 canonicas
1404 2584 1576 2620 tenentur,
1601 2591 1637 2613 ac
1664 2581 1696 2613 in
1721 2583 1866 2616 ecclesiis

1129 2638 1194 2666 tam
1224 2632 1378 2677 fratrum,
1404 2643 1462 2667 seu
1486 2633 1715 2668 canonicorum
1739 2638 1867 2679 regula-

1875 255 1922 280 Λη,
1946 253 1974 279 C.
1998 253 2067 280 1075

1893 2275 1926 2306 'ln
1942 2276 2017 2302 quibus
2033 2278 2063 2298 lo-

1879 2308 1908 2322 ClS
1925 2309 1995 2323 cornui
2019 2312 2029 2323 υ
2048 2311 2052 2323 1

1879 2329 1911 2349 eia
1927 2332 1945 2349 ct
1961 2336 2023 2349 missii
2035 2332 2061 2349 ,ili

1879 2356 1974 2376 omuibus
2020 2364 2051 2376 eis

1879 2383 1936 2402 brari
1952 2385 2024 2408 possut.
