2279 3260
176 247 223 274 An.
248 248 277 274 C.
297 248 365 275 ¹674

211 884 295 903 Cuneus
320 889 353 903 ec-

171 911 248 930 vlesiae
272 909 354 935 praela·

171 939 196 956 us
219 936 268 956 anni
289 938 353 956 §aneu

179 963 340 988 publicationvm

172 989 266 1010 mandat.

977 251 1119 274 CLEMENS

366 297 463 338 venti,
489 297 659 340 praefinito
696 298 822 330 dierum
859 308 994 329 nurnero
1031 308 1093 330 non

365 351 537 392 completo,
564 360 599 382 ac
623 350 796 393 nequidem
815 350 946 382 fortasse
964 350 1096 382 inchoa-

368 406 411 441 to,
438 401 613 444 praemissa
639 402 763 444 exequi,
781 407 813 434 et
830 402 927 434 dictas
946 402 1093 434 basilicas

363 454 492 487 visitare
517 459 695 497 nequeant;
723 465 789 494 nos,
815 455 887 498 piae
913 460 1095 497 promptae-

365 516 427 548 que
452 506 580 539 illorum
606 507 775 546 voluntati,
802 512 956 549 quantum
981 507 1012 539 in
1038 507 1096 539 Do-

364 559 451 592 mino
476 570 657 602 possumus,
675 559 814 602 benigne
840 561 943 593 favere
965 559 1095 602 cupien-

365 617 411 644 tes
428 639 435 652 ‚
470 613 601 644 eosdem
625 623 699 644 vere
724 613 930 655 poenitentes
963 617 994 645 et
1018 622 1095 644 con-

363 665 464 697 fessos
491 665 675 707 praedictae
702 665 922 707 indulgentiae
941 669 972 697 et
988 664 1095 697 remis·

363 717 461 749 sionis
487 717 662 760 participes
694 717 830 760 perinde
859 716 927 749 fieri
945 718 1094 749 volumus

362 781 398 803 ac
415 770 441 802 si
458 770 558 802 dictas
575 770 725 803 basilicas
740 770 852 802 diebus
870 781 887 802 a
901 770 994 802 nobis
1008 780 1096 812 prae-

364 822 491 865 scriptis
517 822 710 855 visitassent.

408 875 477 917 §le
505 875 564 907 Vos
599 880 712 914 autem,
743 874 944 907 venerabiles
981 875 1095 906 fratres

366 927 478 967 nostri,
505 927 718 970 patriarchae,
746 927 905 970 primates,
936 927 1118 969 archiepi-'

366 980 454 1023 scopi
480 985 511 1012 et
536 979 680 1022 episcopi
705 980 737 1012 in
763 985 887 1022 partem
911 979 1096 1012 sollicitudi-

364 1033 412 1064 nis
430 1037 559 1065 nostrae
576 1032 689 1071 vocati,
711 1032 807 1064 duces
829 1038 860 1065 et
876 1037 1023 1075 pastores
1042 1042 1097 1074 po-

361 1087 523 1128 pulorum,
541 1087 593 1118 lux
612 1086 722 1117 mundi
742 1091 773 1117 et
791 1086 836 1118 sal
854 1092 972 1126 terrae,
993 1086 1094 1127 capite

362 1138 454 1170 tubas
475 1143 653 1180 argenteas,
673 1148 806 1180 quarum
824 1148 899 1170 usus
921 1142 968 1170 est
991 1138 1023 1169 in
1048 1137 1095 1169 iu-

359 1190 477 1231 bilaeo,
513 1191 596 1223 idest
631 1190 784 1223 adhibete
819 1190 1092 1234 praedicationem

359 1244 448 1276 verbi
480 1244 550 1284 Dei,
577 1249 609 1277 et
643 1245 835 1277 annunciate
870 1245 999 1288 populis
1031 1245 1093 1277 hot·

359 1297 521 1340 gaudium,
535 1301 570 1329 ut
585 1297 833 1338 sanctificentur,
845 1303 879 1330 et
896 1298 950 1331 Dei
966 1298 1093 1331 iuvante

359 1350 461 1393 gratia
485 1351 588 1394 parati
614 1351 677 1383 sint
704 1351 743 1384 ad
774 1362 811 1384 ea
836 1353 985 1385 caelestia
1011 1353 1094 1385 (lona

359 1404 529 1447 capienda,
555 1414 636 1447 quae
671 1404 831 1437 bonorum
868 1405 1009 1437 omnium
1034 1406 1116 1446 lar-,¹

359 1456 445 1498 gitor
475 1456 558 1488 Deus
592 1456 664 1488 filiis
695 1456 877 1489 dilectionis
910 1468 970 1500 per
1001 1450 1116 1511 mini-g

359 1509 495 1542 sterium
514 1509 705 1542 humilitatis
724 1515 853 1543 nostrae
875 1511 1090 1553 praeparavit.
1114 1517 1116 1526 ⁴

358 1562 516 1601 Adducite
538 1562 636 1595 verbo
663 1567 694 1594 et
719 1564 867 1605 exemplo
885 1565 1038 1606 parvulos
1055 1565 1094 1597 ad

358 1615 453 1647 huius
490 1614 673 1647 carissimae
709 1616 819 1647 matris
855 1616 976 1655 ubera,
1013 1627 1093 1659 quae

359 1678 413 1700 eos
437 1678 494 1710 per
519 1667 726 1709 Evangelium
753 1668 785 1699 in
810 1668 937 1701 Christo
968 1671 1091 1711 genuit.

359 1719 516 1753 Adducite
540 1719 623 1752 filios
651 1720 689 1752 ad
714 1725 851 1762 patrem,
878 1732 953 1754 oves
978 1722 1016 1754 ad
1041 1733 1094 1765 pa-

359 1777 478 1805 storem
503 1782 673 1811 summum,
700 1773 845 1804 membra
869 1773 908 1805 ad
933 1779 1039 1817 caput,
1060 1775 1094 1806 fi-

359 1825 450 1858 deles
464 1824 502 1856 ad
518 1824 592 1857 fidei
614 1829 749 1867 petram,
767 1824 799 1856 in
814 1836 875 1868 qua
888 1826 991 1859 omnis
1007 1827 1094 1860 aedi-

358 1877 464 1910 ficatio
497 1876 676 1910 catholicae
712 1877 873 1910 Ecclesiae
909 1884 1093 1912 constructa

358 1928 534 1971 consurgit.
556 1929 602 1961 Ad
622 1939 727 1962 sacras
744 1929 842 1972 igitur
859 1930 1091 1974 indulgentias,

358 1993 533 2025 earumque
551 1983 710 2015 salutares
731 1983 852 2016 fructus
871 1984 943 2027 ipso
963 1984 1092 2018 iubilaei

357 2046 443 2068 anno
468 2035 590 2067 Romae
614 2035 857 2078 percipiendos,
883 2042 995 2070 vocate
1021 2049 1092 2070 eoe-

358 2093 434 2128 tum,
459 2093 654 2130 congregate
690 2090 858 2131 populum,
896 2090 1091 2123 sanctificate

358 2140 527 2174 ecclesiam
548 2167 555 2179 ,
584 2141 695 2173 docete
720 2145 832 2183 gentes
857 2141 932 2174 fidei
964 2148 1090 2176 vestrae

357 2194 505 2233 creditas,
532 2192 607 2236 quia
631 2193 773 2227 advenae
794 2199 825 2227 et
847 2195 1016 2238 peregrini
1039 2207 1092 2229 su-

357 2257 427 2280 mus
446 2246 480 2279 in
505 2246 566 2279 hac
587 2246 659 2287 vita,
685 2252 716 2280 et
745 2247 904 2281 civitatem
934 2249 968 2281 in
996 2250 1090 2282 terris

356 2303 604 2344 permanentem
627 2311 694 2333 non
712 2300 878 2342 habemus,
896 2303 952 2335 sed
969 2302 1002 2335 in
1020 2314 1092 2336 cae-

357 2353 396 2386 lis
414 2358 579 2386 aeternam
594 2352 809 2396 inquirimus;
832 2354 906 2398 quia
922 2365 997 2388 vero
1018 2356 1090 2388 bre-

357 2417 411 2439 ves
429 2406 498 2439 dies
522 2410 596 2438 sunt
620 2406 716 2439 huius
733 2412 860 2441 nostrae
882 2409 1089 2442 calamitosae

356 2459 638 2504 peregrinationis,
672 2465 704 2492 et
733 2461 892 2494 nescimus
924 2473 987 2505 qua
1010 2463 1090 2496 hora

357 2511 588 2556 paterfamilias
622 2517 774 2546 venturus
801 2513 863 2554 sit,
898 2514 1018 2548 ideirco
1045 2516 1089 2548 vi-

357 2565 469 2609 gilent,
496 2570 528 2597 et
551 2565 716 2608 lampadas
736 2566 885 2600 ardentes
908 2569 1088 2612 plenasque

357 2619 429 2654 oleo
447 2617 614 2656 charitatis
639 2623 671 2652 et
693 2618 934 2655 misericordiae
957 2626 1089 2665 portent

1142 253 1159 274 x
1186 253 1232 274 rr.
1767 249 1830 282 [479
1876 258 1927 284 An.
1946 258 1973 284 c,
1993 259 2059 285 4674

1139 298 1170 330 in
1192 299 1349 339 manilius,
1368 304 1399 332 et
1417 301 1447 333 in
1464 301 1591 334 beatam
1618 303 1703 336 illam
1722 305 1867 348 requiem

1138 350 1263 393 ingredi
1289 353 1452 386 festinent.

1180 406 1194 446 ς
1219 405 1249 437 5.
1277 405 1362 445 Nam,
1387 407 1411 438 si
1437 417 1578 450 unquam
1596 408 1683 449 alias,
1702 420 1787 441 nunc
1812 421 2059 469 po-ssiiloocffigcrpale

1876 454 1881 466 ι’
1973 455 1975 457 ’
1992 463 1995 467 ι
2024 458 2034 468 Α

1138 456 1297 490 tissimum
1322 459 1396 499 irae,
1416 461 1640 493 contentiones
1667 467 1698 493 et
1723 462 1795 494 odia
1821 460 2058 495 di-v·1..‚.0..n1..u.s·2

1876 500 1998 520 »uti-lentim
2006 507 2060 521 coiu-

1113 509 1292 542 amittenda
1323 516 1458 553 propter
1477 511 1658 552 Christum,
1690 524 1774 545 nunc
1805 525 1966 547 tila-memmi.

1137 561 1218 594 xime
1252 573 1363 596 servos
1399 565 1491 597 decet
1522 565 1667 598 misereri
1698 577 1869 599 conservo-

1137 624 1207 646 rum
1225 625 1369 655 suornm,
1384 622 1419 648 ut
1435 617 1583 650 dominus
1598 619 1869 652 clementissimus

1137 677 1231 699 omne
1250 669 1391 701 debitum
1411 670 1455 701 cis
1470 670 1627 711 dimittat,
1648 682 1732 704 nunc
1745 673 1870 715 praeci-

1137 729 1200 760 pua
1216 721 1365 761 puritatis
1385 727 1416 753 ct
1433 721 1639 755 innocentiae
1658 734 1733 756 cura
1747 724 1869 756 hahen-

1138 771 1186 810 da,
1213 777 1247 803 ut
1272 774 1427 816 templum
1445 774 1500 806 Dei
1522 776 1677 808 mundum
1702 777 1870 815 efficiatur,

1139 828 1170 855 et
1193 825 1412 867 unusquisque
1443 837 1495 859 vas
1528 838 1619 860 suum
1651 829 1813 871 possideat
1837 829 1868 861 in

1139 875 1263 908 honore
1277 882 1308 909 et
1320 878 1583 920 sanctificatione,
1602 886 1633 912 et
1648 887 1756 924 portet
1769 882 1869 915 Deum

1138 929 1170 960 in
1196 940 1334 972 corpore
1356 941 1426 963 suo.
1453 931 1580 965 Scelera
1600 934 1731 977 insuper
1749 940 1780 968 et
1796 946 1871 978 pec-

1139 986 1208 1014 cata
1225 983 1341 1022 omnia,
1356 984 1522 1027 malasque
1537 986 1750 1028 cogitationes
1770 998 1786 1020 e
1803 999 1872 1021 cor—

1139 1034 1232 1066 dibus
1259 1045 1373 1067 eorum
1398 1036 1526 1078 penitus
1552 1039 1813 1081 exterminanda,
1837 1046 1872 1074 ut

1138 1088 1290 1120 caelestis
1312 1089 1360 1121 ira
1386 1090 1541 1132 placetur,
1562 1096 1592 1124 et
1613 1092 1790 1126 christiano
1815 1104 1872 1127 no-

1138 1140 1224 1180 mini,
1243 1140 1275 1172 in
1300 1152 1364 1184 quo
1390 1142 1580 1184 gloriantur,
1600 1145 1744 1178 moribus
1767 1146 1872 1179 sactis-

1138 1203 1199 1235 que
1235 1194 1469 1237 respondeant.
1507 1196 1624 1229 Docete
1661 1202 1768 1231 autem
1803 1209 1870 1240 eos,

1138 1247 1407 1288 quemadmodum
1425 1248 1464 1280 ad
1479 1249 1634 1282 salutares
1652 1249 1870 1294 indulgentias

1137 1300 1383 1342 consequendas
1408 1300 1441 1332 in
1466 1301 1572 1334 animo
1598 1303 1744 1343 contrito,
1776 1309 1808 1337 et
1839 1304 1871 1336 in

1137 1351 1250 1395 spiritu
1277 1353 1480 1394 humilitatiS,
1507 1354 1644 1388 assiduis
1668 1356 1870 1390 orationibus

1137 1409 1168 1436 et
1186 1404 1326 1446 ieiuniis,
1349 1406 1531 1449 ceterisque
1560 1408 1689 1450 pietatis
1716 1409 1871 1452 operibus

1136 1467 1169 1489 se
1194 1458 1281 1500 ipsos
1307 1469 1503 1502 praeparare
1527 1465 1623 1504 atque
1649 1471 1800 1495 exercere
1816 1463 1871 1496 de—

1136 1510 1252 1551 beant,
1279 1516 1319 1551 et,
1339 1512 1392 1555 qui
1417 1513 1611 1547 substantias
1638 1514 1733 1547 huius
1759 1515 1871 1548 mundi

1138 1562 1269 1604 habent,
1289 1564 1435 1607 aperiant
1454 1565 1578 1599 viscera
1595 1577 1662 1608 sua,
1686 1573 1719 1599 ,et
1736 1567 1870 1601 fratrum

1137 1625 1268 1647 suorum
1293 1627 1474 1659 pauperum
1499 1617 1642 1661 inopiam
1676 1620 1868 1661 sublevent,

1137 1668 1309 1711 praecipue
1334 1680 1411 1702 vero
1432 1681 1508 1713 erga
1532 1672 1721 1714 peregrinos
1738 1673 1871 1706 Romam

1137 1720 1303 1754 venientes
1327 1721 1557 1756 misericordes
1582 1724 1656 1765 sint,
1678 1730 1708 1758 et
1728 1731 1871 1759 sanctam

1137 1773 1392 1816 hospitalitatem
1406 1776 1470 1808 Deo
1489 1777 1712 1818 gratissimam,
1728 1783 1759 1811 et
1776 1790 1870 1822 quam

1136 1827 1343 1859 vetustissimi
1369 1827 1415 1860 illi
1441 1829 1630 1870 christiani,
1666 1831 1762 1864 etiam
1786 1832 1871 1865 inter

1136 1881 1401 1922 persecutionum
1419 1882 1541 1922 fluctus,
1557 1882 1803 1925 diligentissime
1822 1897 1871 1919 co·

1136 1933 1276 1972 luerunt,
1302 1933 1364 1976 ipsi
1390 1944 1520 1977 quoque
1545 1937 1646 1968 multa
1664 1947 1736 1969 cum
1758 1937 1870 1971 hilari-

1138 1988 1199 2017 tate
1224 1985 1355 2028 spiritus
1381 1991 1538 2019 renovent
1561 1992 1656 2031 atque
1682 1989 1866 2023 observent.

1178 2038 1193 2081 ξ
1217 2038 1247 2071 6.
1276 2039 1454 2072 Admonete
1492 2040 1589 2073 etiam
1622 2052 1677 2075 eos
1709 2048 1745 2075 ut
1774 2050 1869 2077 orent
1888 2054 2061 2082 numadum-

1134 2101 1194 2133 pro
1220 2091 1350 2134 regibus
1383 2096 1415 2124 et
1445 2092 1645 2136 principibus
1671 2095 1865 2138 christianis,
1877 2081 2062 2136 ῗιῖῃέεῗέἷὲἶιιᾏῗῗᾶ

1134 2149 1168 2176 ut
1191 2144 1332 2187 quietam
1358 2149 1389 2177 et
1413 2146 1622 2188 tranquillam
1645 2147 1739 2181 vitam
1760 2154 1865 2192 agant,
1876 2134 2010 2185 ᾗῗὲἶῗῖῐῗὲζίῗ
2034 2136 2061 2153 *¹²

1135 2202 1166 2230 et
1190 2208 1250 2240 pax
1275 2198 1360 2230 inter
1384 2209 1439 2232 eos
1465 2204 1497 2232 et
1520 2202 1693 2234 concordia
1710 2204 1869 2236 coalescat

1134 2255 1166 2283 et
1200 2255 1418 2284 conservetur.
1452 2252 1618 2287 Postremo
1653 2255 1765 2288 docete
1802 2266 1866 2296 eos,

1133 2314 1206 2335 cum
1231 2308 1375 2336 sanctam
1399 2306 1695 2348 peregrinationem
1720 2319 1870 2352 suscepe—

1133 2356 1206 2397 rint,
1227 2368 1289 2400 qua
1313 2358 1487 2399 modestia,
1514 2370 1576 2402 qua
1601 2360 1782 2401 devotione,
1809 2373 1871 2405 qua

1132 2410 1294 2442 fraternae
1326 2410 1413 2453 pacis
1446 2412 1650 2445 observantia
1680 2415 1869 2456 praelucere

1133 2473 1187 2495 eos
1208 2468 1365 2506 oporteat,
1384 2469 1419 2496 ut
1439 2463 1503 2496 sint
1523 2464 1641 2497 Christi
1665 2465 1768 2499 bonus
1787 2466 1870 2500 odor

1133 2516 1165 2548 in
1190 2515 1278 2548 omni
1301 2517 1386 2557 loco,
1413 2522 1444 2549 et
1469 2518 1689 2561 unusquisque
1713 2518 1757 2551 ita
1781 2529 1869 2552 com-

1131 2578 1257 2612 ponere
1274 2578 1307 2601 se
1324 2575 1467 2609 conetur,
1483 2574 1518 2601 ut
1535 2570 1648 2603 faciem
1666 2571 1762 2613 plane
1779 2582 1868 2614 prae-

1132 2622 1251 2657 seferat
1274 2623 1381 2657 euntis
1406 2623 1439 2657 in
1464 2623 1673 2657 Hierusalem.
1709 2624 1866 2659 Praebete
