2279 3260
132 243 183 272 ΑΙ.
199 243 229 272 C.
246 243 318 272 4670

168 459 316 485 Tun-umplo-

133 491 178 507 rum
193 486 253 506 tides.

159 1829 280 1850 Exordium.

162 2355 264 2375 indultum
275 2355 318 2376 Clo-

137 2385 211 2403 meulis
226 2382 262 2403 [X.

961 240 1104 264 CLEMENS
1126 240 1145 264 X
1170 241 1218 264 Pr.

326 302 418 325 mens
441 291 678 334 praedecessor
703 290 735 323 in
756 290 820 322 suis
834 285 960 322 htteris
979 298 1066 331 prae-

327 344 421 377 dictis
447 343 609 376 concessit
632 353 697 375 non
723 342 864 382 obstare,
883 340 1064 384 ceterisque

327 395 498 429 contrariis
523 396 793 439 quibuscumque.

371 450 386 491 ᾗ
410 447 441 481 5.
468 447 617 481 Ceterum
642 448 793 481 volumus
819 445 942 489 pariter
966 450 1001 478 ut
1019 456 1066 477 ea-

327 501 477 534 rumdem
510 499 735 544 praesentium
767 499 950 532 litterarum
980 503 1066 530 tran-

325 554 473 597 sumptis,
491 563 549 585 scu
574 552 742 596 exemplis,
762 552 860 584 etiam
885 550 1063 594 impressis,

325 616 423 639 manu
454 605 592 638 alicuius
626 604 746 638 notarii
772 604 895 647 publici
921 603 1065 636 subscri-

325 659 402 702 ptis,
422 664 454 691 et
467 658 576 701 sigillo
596 668 760 701 personae
782 657 814 690 in
842 655 1065 689 ecclesiastica

326 711 486 754 dignitate
526 711 722 744 constitutae
764 710 921 750 munitis,
952 709 1064 742 eadem

325 774 462 807 prorsus
478 763 559 797 fides
577 764 616 796 ab
637 763 787 797 omnibus
808 768 840 795 et
863 762 983 805 ubique
1002 766 1064 793 tam

325 816 358 848 in
383 816 504 849 iudicio
530 827 627 860 quam
652 820 741 848 extra
774 815 854 848 illud
887 815 1061 853 habeatur,

326 880 408 912 quae
432 869 509 913 ipsis
533 868 759 912 praesentibus
777 868 955 900 haberetur
971 866 995 899 si
1018 866 1064 898 so-

325 927 398 955 rent
423 921 586 955 exhibitae
612 921 662 954 vel
684 926 846 953 ostensae.

369 974 485 1007 Datum
510 974 645 1014 Romae,
672 973 757 1017 apud
782 972 813 1005 S.
841 972 972 1005 Mariam
1001 971 1064 1004 Ma-

325 1027 444 1067 iorem,
462 1028 521 1060 sub
546 1027 667 1060 annulo
693 1026 874 1066 piscatoris,
893 1024 944 1058 die
960 1035 990 1057 >u
1008 1035 1064 1057 au—

325 1080 410 1123 gusti
427 1089 562 1120 affluxit,
580 1078 791 1122 pontificatus
808 1077 914 1111 nostri
935 1087 1020 1110 anno
1038 1087 1060 1110 1.

359 1140 420 1168 Dat.
441 1140 485 1168 die
507 1142 534 1168 ll
557 1139 665 1175 augusti
685 1140 763 1173 1670,
785 1139 879 1174 pontif.
900 1146 971 1166 anno
991 1144 1009 1165 l.

655 1283 734 1316 XIX.

326 1363 502 1405 Confirmat
519 1363 690 1396 decretum
712 1361 876 1395 electionis
901 1361 938 1394 B.
964 1361 1065 1394 Rosae

369 1418 406 1450 in
429 1416 524 1459 reym·
556 1415 706 1449 Peruani
732 1419 908 1458 patronam
938 1424 959 1445 a
990 1413 1061 1447 Cle-

367 1473 472 1502 mente
488 1469 538 1502 IX
563 1472 759 1507 emanabant,
782 1467 866 1511 quod
885 1466 927 1498 ad
951 1467 1066 1509 sinqu-

369 1522 417 1555 las
439 1522 639 1565 provincias,
662 1531 765 1563 reqna
789 1524 817 1553 et
842 1520 988 1562 regyiones
1009 1523 1065 1551 ter-

368 1585 425 1608 rae
449 1575 564 1617 firmae
596 1575 691 1607 totius
714 1574 901 1611 Americae,
925 1572 1063 1615 Philip-

364 1628 524 1671 pinarum
549 1631 578 1659 et
601 1626 779 1659 Indico-um
803 1623 975 1657 exlendit&

548 1707 683 1734 clemens
704 1706 783 1740 Papa
803 1706 844 1737 X.

449 1753 485 1778 ad
506 1754 681 1785 perpetuam
700 1751 744 1777 rei
764 1750 945 1777 memoriam.

370 1821 572 1855 Sacrosancti
609 1822 808 1865 apostolatus
838 1832 936 1860 cura,
970 1832 1066 1864 quam

326 1874 549 1909 inscrutabilis
566 1874 692 1907 divinae
711 1874 889 1917 sapientiae
903 1880 999 1917 atque
1017 1875 1068 1907 bo-

327 1928 436 1961 nitatis
462 1927 600 1961 altitudo
628 1927 802 1960 humilitati
833 1932 972 1967 nostrae,
1002 1938 1068 1960 me-

326 1980 396 2014 ritis
420 1980 499 2014 licet
523 1984 555 2013 et
579 1979 701 2013 viribus
727 1981 823 2022 longe
849 1979 988 2023 impari,
1011 1980 1069 2013 im-

326 2044 451 2078 ponere
469 2033 600 2076 dignata
615 2038 677 2073 est‚
695 2043 753 2066 nos
771 2038 867 2075 urget
882 2038 917 2065 ut
938 2033 1000 2076 piis
1018 2044 1069 2066 or-

327 2087 549 2120 thodoxorum
575 2097 688 2129 regum
705 2087 798 2126 votis,
827 2087 865 2119 ad
888 2087 1067 2129 augendam

327 2140 361 2173 in
380 2139 472 2174 terris
489 2150 655 2173 sacrarum
669 2140 830 2182 virginum
849 2150 921 2172 cum
939 2140 1068 2173 caelesti

328 2203 452 2236 sponso
477 2192 511 2224 in
535 2192 629 2225 beata
655 2192 847 2225 aeternitate
865 2192 1069 2234 regnantium

328 2244 574 2278 venerationem
605 2244 810 2277 tendentibus
827 2272 834 2285 ‚
861 2244 1069 2278 favorabilem

328 2307 495 2329 assensum
514 2301 650 2339 paterno
671 2295 783 2329 affectu
804 2297 1030 2340 praebeamus.

373 2349 388 2392 ξ
412 2349 443 2381 1.
470 2349 555 2382 Alias
573 2349 734 2392 siquidem
751 2349 853 2382 felicis
874 2349 1070 2382 recordatio-

330 2402 380 2436 nis
403 2401 553 2435 Clemens
578 2402 663 2445 Papa
680 2402 718 2434 lx
749 2403 985 2445 praedecessor
1012 2413 1071 2435 no-

331 2460 399 2488 ster
430 2455 466 2487 B.
501 2454 618 2487 Rosam
651 2455 689 2487 de
718 2454 748 2488 S.
777 2455 883 2495 Maria,
911 2455 1070 2498 virginem

331 2508 504 2549 Limanam,
531 2507 618 2541 tertii
635 2507 764 2542 Ordinis
784 2508 885 2542 sancti
902 2508 1071 2549 Doniiilici,

367 2579 379 2605 1
402 2577 497 2605 Rosam
518 2576 615 2604 Beatae
634 2578 711 2605 titul«,
738 2578 895 2613 insignivit,
916 2579 995 2614 eique
1015 2579 1072 2605 olli-

331 2622 402 2650 cium
412 2626 440 2650 et
454 2622 563 2655 missam
577 2622 696 2649 decrevit
711 2623 837 2649 Clemens
854 2622 883 2649 tx
903 2623 992 2650 Const.
1010 2631 1071 2651 xtv.

402 2675 482 2707 Buzt.
500 2676 579 2704 Rom.
596 2691 626 2695 -
648 2676 705 2704 Vol.
724 2676 832 2705 XVIII.
978 2678 1011 2703 10

1109 287 1140 320 in
1158 293 1326 332 patronam
1349 288 1612 332 principaliorem
1634 288 1768 321 cix-itatis
1800 290 1846 320 le-

1108 351 1192 382 gum,
1211 351 1267 373 seu
1288 340 1452 380 Limanac,
1480 342 1643 383 totiusque
1670 341 1761 383 regni
1789 340 1847 372 Pe-

1107 392 1296 432 ruani,cum
1321 393 1470 426 omnibus
1499 392 1740 436 praerogativis,
1766 403 1847 435 quae

1108 445 1253 488 patronis
1277 445 1560 488 principalioribus
1585 445 1766 485 debentur,
1793 455 1848 476 au-

1109 498 1256 531 ctoritate
1281 497 1459 540 apostolica
1484 497 1584 540 elegit
1608 501 1640 529 et
1664 497 1847 536 declaravit,

1109 554 1140 582 et
1162 549 1249 589 alias,
1271 555 1367 592 prout
1386 550 1516 583 uberius
1541 549 1728 582 continetur
1749 548 1780 580 in
1799 548 1848 591 ip-

1108 594 1174 635 sius
1192 602 1363 635 Clementis
1380 602 1641 646 praedecessoris
1659 601 1774 634 litteris
1793 601 1847 633 de-

1108 665 1203 698 super
1227 655 1260 688 in
1285 655 1380 688 simili
1413 655 1516 688 forma
1541 654 1651 687 Brevis
1684 653 1844 697 expeditis

1108 707 1229 740 tenoris
1256 708 1309 751 qui
1334 708 1493 751 sequitur,
1521 707 1687 740 videlicet:

1151 761 1166 803 ξ
1185 772 1197 791 α
1216 759 1246 792 ⁶2.
1265 760 1405 794 Clemens
1419 761 1514 803 Papa
1523 760 1584 800 IX,
1602 760 1643 792 od
1653 763 1846 804 perpetuam

1106 813 1155 845 rei
1178 814 1377 846 memoriam.
1395 813 1659 847 Orthodoxorum
1676 823 1787 855 regum
1806 813 1845 845 de

1106 865 1248 898 Ecclesia
1276 866 1332 899 Dei
1365 866 1475 899 multis
1507 866 1692 899 nominibus
1724 865 1846 908 optime

1107 918 1295 951 meritorum
1319 919 1438 959 studia,
1462 919 1578 962 quibus
1595 919 1847 952 christianorum

1106 972 1299 1014 populorum
1325 982 1402 1013 erga
1436 971 1548 1004 beatos
1582 971 1673 1013 regni
1699 971 1846 1004 caelestis

1106 1024 1230 1057 incolas
1264 1024 1393 1057 devotio
1426 1029 1522 1067 atque
1556 1024 1658 1067 pietas
1695 1024 1843 1065 fovetur,

1106 1076 1289 1120 apostolico
1315 1076 1424 1109 favore
1449 1076 1589 1109 libenter
1606 1076 1845 1119 prosequimur,

1105 1129 1186 1162 sieut
1199 1128 1357 1172 spirituali
1369 1128 1553 1162 eorumdem
1567 1130 1763 1172 populorum
1777 1139 1847 1161 con-

1106 1182 1257 1215 solationi
1283 1187 1377 1225 atque
1398 1181 1563 1225 praesidio
1589 1181 1793 1214 conducibile
1815 1180 1848 1213 in

1104 1236 1242 1269 Domino
1262 1235 1468 1269 arbitramur.
1484 1234 1560 1268 Cum
1579 1234 1688 1278 itaque
1706 1244 1773 1275 nos,
1788 1245 1848 1278 per

1106 1293 1233 1322 nostras
1265 1288 1298 1321 in
1329 1287 1424 1321 simili
1455 1287 1557 1321 forma
1586 1286 1696 1319 Brevis
1728 1287 1779 1320 die
1803 1297 1847 1320 x11

1107 1341 1259 1374 februarii
1297 1340 1437 1384 proximi
1472 1340 1641 1384 praeteriti
1682 1345 1848 1372 emanatas

1107 1394 1240 1434 litteras,
1267 1394 1301 1427 B.
1321 1393 1438 1426 Rosam
1457 1393 1496 1426 de
1512 1392 1543 1426 S.
1563 1391 1669 1433 Maria,
1688 1391 1848 1434 v‘rginem

1107 1448 1280 1487 Limanam,
1299 1447 1385 1480 tertii
1405 1446 1534 1480 Ordinis
1559 1445 1660 1478 sancti
1678 1445 1846 1486 Dominici,

1107 1501 1280 1545 multiplici
1297 1501 1451 1534 virtutum
1466 1500 1582 1533 decore
1597 1500 1782 1539 florentem,
1801 1498 1849 1531 in-

1108 1559 1156 1587 ter
1172 1555 1284 1587 Beatas
1300 1553 1478 1597 apostolica
1495 1552 1665 1586 autoritate
1683 1552 1770 1584 iuxta
1788 1552 1850 1583 hu-

1108 1608 1158 1640 ius
1189 1607 1325 1640 Sanctae
1359 1606 1450 1640 Sedis
1482 1605 1581 1638 ritum
1617 1604 1848 1645 retulerimus,

1108 1660 1235 1703 aliaque
1260 1660 1299 1693 ad
1324 1659 1469 1692 eiusdem
1493 1659 1528 1691 B.
1559 1658 1663 1691 Rosae
1688 1658 1849 1690 honorem

1109 1718 1141 1747 et
1153 1712 1394 1746 venerationem
1408 1711 1615 1744 statuerimus
1630 1715 1662 1743 et
1678 1710 1851 1742 indulseri-

1109 1777 1189 1807 mus,
1211 1771 1310 1809 prout
1327 1765 1358 1798 in
1377 1765 1499 1798 eisdem
1516 1764 1633 1797 litteris
1650 1763 1849 1803 continetur;

1110 1824 1151 1860 et,
1176 1819 1258 1851 sicut
1283 1829 1342 1861 pro
1368 1823 1460 1861 parte
1486 1816 1644 1850 carissimi
1668 1817 1700 1849 in
1721 1816 1850 1849 Christo

1109 1871 1167 1905 filii
1192 1871 1292 1905 nostri
1317 1871 1422 1905 Caroli
1441 1870 1670 1914 Hispaniarum
1695 1869 1781 1912 regis
1799 1880 1852 1902 ca-

1111 1924 1221 1958 tholici
1241 1930 1273 1957 et
1289 1924 1474 1957 carissimae
1491 1924 1524 1956 in
1545 1923 1671 1957 Christo
1693 1922 1777 1956 filiae
1797 1933 1853 1955 no-

1111 1984 1194 2011 strae
1214 1977 1398 2010 Mariannae
1420 1977 1550 2020 reginae
1568 1976 1684 2009 viduae
1710 1975 1778 2008 eius
1799 1985 1853 2018 ge-

1111 2031 1236 2064 nitricis
1275 2041 1335 2074 per
1370 2029 1523 2063 dilectum
1563 2028 1664 2062 filium
1705 2028 1852 2060 nobilem

1110 2084 1213 2117 virum
1232 2084 1425 2116 modernum
1444 2081 1667 2114 marchionem
1686 2081 1725 2113 de
1744 2081 1853 2113 Astor-

1112 2148 1151 2179 ga
1178 2136 1323 2170 eiusdem
1355 2135 1460 2168 Caroli
1490 2135 1575 2177 regis
1613 2134 1699 2177 apud
1740 2144 1798 2166 nos
1822 2138 1854 2165 et

1111 2189 1229 2223 Sedem
1254 2188 1454 2232 praedictam
1480 2192 1642 2220 oratorem
1666 2186 1760 2218 nobis
1796 2196 1854 2218 nu-

1112 2253 1171 2287 per
1195 2241 1375 2285 expositum
1403 2241 1477 2281 suit,
1506 2238 1610 2283 quod¹
1636 2239 1695 2282 ipsi
1721 2238 1852 2272 Carolus

1112 2307 1165 2329 rex
1185 2300 1216 2328 et
1232 2295 1397 2327 Marianna
1413 2293 1527 2336 regina
1547 2294 1595 2335 (ut
1612 2292 1718 2325 eidem
1737 2292 1770 2324 B.
1794 2291 1855 2324 Ro-

1113 2359 1175 2388 sae,
1202 2358 1298 2391 quam
1324 2346 1471 2380 caelestis
1496 2356 1635 2388 sponsus
1660 2350 1709 2377 tot
1732 2343 1855 2377 charis-

1112 2406 1233 2434 matum
1265 2399 1431 2434 decoravit
1456 2398 1649 2439 monilibus,
1677 2402 1725 2430 tot
1755 2397 1854 2429 virtu—

1115 2460 1180 2487 tum
1204 2453 1331 2487 ornavit
1358 2452 1511 2491 floribus,
1539 2452 1690 2493 tantaque
1727 2454 1759 2482 et
1791 2455 1854 2482 tam

1114 2510 1177 2542 late
1214 2509 1329 2551 sparsa
1364 2507 1403 2539 de
1441 2510 1679 2548 unguentorum
1721 2513 1853 2536 suorum

1150 2582 1160 2606 1
1181 2578 1318 2605 Particula
1341 2577 1428 2611 quod,
1454 2579 1564 2612 praeter
1587 2573 1704 2611 syntaxis
1723 2572 1853 2600 rationem

1113 2623 1228 2655 intrusa,
1250 2620 1365 2649 delenda
1384 2624 1421 2655 (n.
1438 2620 1487 2654 T.)-

1762 230 1815 264 753.
1850 238 2039 266 An.c.1ss70

1897 769 1959 790 culn«
1979 771 2039 791 tenor

1856 797 1891 817 hic
1906 798 2003 818 refertur.
