2279 3260
188 223 236 250 An.
259 221 287 249 e.
312 221 378 248 ¹670
423 213 487 246 692

383 270 494 303 fraeno
515 281 585 303 cum
611 271 749 304 habenis
776 270 976 313 eori·igiatiS‚
1003 269 1058 301 sed
1085 279 1120 299 ex

384 334 515 367 canape,
541 334 600 357 nee
624 323 810 367 stapedibus
841 321 964 362 ferreis,
999 321 1055 353 sed
1087 320 1123 352 li-

385 377 489 419 gneis.
505 376 562 416 Qui
577 388 670 410 secus
685 377 809 417 fecerit,
826 372 1027 409 subiaceant¹
1045 383 1123 416 poe-

383 441 444 463 nae
470 431 509 464 ad
535 431 703 463 arbitrium
726 429 915 473 superioris.

428 495 476 518 111.
507 484 619 518 Nullus
645 485 706 517 iter
731 484 824 516 saciat
847 482 967 525 absque
992 480 1122 512 licentia

385 537 417 570 in
435 537 564 581 scriptis
579 537 768 581 superioris,
794 536 845 569 cui
863 533 1018 577 competit
1036 533 1121 565 illam

385 590 577 629 concedere,
603 591 634 623 in
661 601 723 633 qua
749 589 807 621 iste
834 586 1017 629 designabit
1044 590 1123 617 tcm-

384 653 447 690 pus
472 654 532 686 pro
558 643 685 682 itincre,
704 641 844 674 statione
871 645 901 672 et
927 638 1122 677 reversimw,

386 702 418 729 et
441 697 588 739 superior
623 707 659 729 ac
692 694 867 728 consiliarii
893 697 1080 731 conventus,
1107 702 1122 723 a

385 760 448 793 quo
473 750 671 792 egredietur,
696 749 814 781 dictam
839 748 1025 780 laeultatcm
1050 745 1123 777 sub-

385 803 539 843 scribent,
558 803 698 835 notamlo
716 802 811 839 diem,
824 810 979 839 mensem,
991 809 1122 838 annum,

386 866 445 898 per
465 855 563 888 verba
588 865 652 888 non
671 865 730 898 per
755 864 920 887 numeros.
940 852 997 890 Qui
1019 857 1122 884 antem

385 903 471 940 ultra
506 912 631 951 tempus
662 906 911 939 determinatum
941 909 1123 937 remoratus

386 961 494 1002 suerit,
515 972 533 993 a
562 961 721 1004 superiori
758 963 936 993 conventus
971 957 1124 1001 puniatur

386 1016 507 1047 attenta
531 1016 631 1047 mora.

430 1079 471 1101 1v.
498 1067 677 1108 Itincrans,
703 1067 741 1100 ad
768 1067 876 1099 locum
902 1065 1068 1098 dumtaxat
1092 1068 1124 1095 et

387 1121 544 1164 oppidum
568 1120 601 1152 in
627 1120 759 1153 licentia
788 1119 991 1161 designatum
1019 1122 1051 1150 et
1074 1116 1123 1149 via

386 1176 475 1206 recta
498 1178 622 1217 pergat.
645 1173 774 1216 Regiam
801 1172 921 1204 curiam
945 1172 1054 1203 nullus
1080 1170 1124 1202 in-

387 1226 565 1269 gredietur,
602 1226 663 1258 nisi
700 1231 861 1268 tamquam
893 1223 1122 1265 conventualis,

388 1290 448 1312 nec
473 1279 558 1312 illius
583 1279 737 1312 ambitum
775 1289 832 1322 per
867 1277 1006 1321 spatium
1030 1276 1123 1309 unius

387 1334 498 1366 leucae
515 1333 638 1376 absque
657 1332 757 1376 patris
784 1330 944 1374 generalis
963 1330 1122 1369 facultate,

388 1385 449 1418 sub
474 1388 581 1429 poena
605 1383 794 1428 privationis
818 1383 905 1416 vocis
931 1388 963 1414 et
986 1382 1048 1415 loci
1067 1392 1125 1425 per

387 1448 487 1470 unum
515 1448 646 1470 annum.

434 1502 461 1523 r.
489 1491 523 1523 ln
553 1490 642 1531 locis,
662 1490 693 1522 in
716 1490 833 1533 quibus
853 1494 927 1521 sunt
949 1494 1125 1521 conventus

390 1544 503 1583 nestri,
529 1545 636 1577 nullus
662 1543 835 1585 religiosus
856 1543 916 1574 iter
934 1542 1065 1581 faciens,
1084 1541 1125 1572 si-

390 1608 426 1631 ve
451 1603 574 1641 pergat,
600 1597 665 1629 sive
697 1596 812 1636 veniat,
829 1595 1040 1628 saecularium
1070 1595 1126 1627 do—

389 1662 458 1684 mus
473 1650 675 1693 ingrediatur
694 1649 813 1692 absque
830 1648 960 1681 licentia
978 1648 1123 1691 praelati,

390 1706 450 1738 sub
466 1706 570 1748 poena
586 1703 742 1747 gravioris
760 1703 875 1746 culpae
890 1713 951 1745 per
965 1708 1030 1735 tres
1044 1702 1123 1734 dies.

433 1769 476 1791 vl.
500 1758 547 1791 Ad
574 1757 753 1801 quemlibet
776 1756 905 1788 Ordinis
931 1760 1125 1788 conventum

391 1811 561 1854 religionis
579 1809 948 1853 pervenerit,licentiam
963 1814 1127 1852 patentem

391 1865 508 1905 saciat,
528 1863 672 1906 alioquin
690 1862 839 1905 superior
864 1861 951 1895 illam
976 1863 1127 1906 postulet,

391 1919 514 1962 absque
554 1916 744 1959 exceptione
780 1915 916 1948 alicuius
952 1926 1125 1958 personae.

392 1971 477 2010 Quae
502 1969 647 2009 licentia,
673 1969 697 2000 si
721 1968 818 2001 frater
842 1978 900 2011 pro
922 1969 1128 2001 conventuali

393 2023 531 2065 venerit,
558 2022 758 2055 custodiatur
786 2021 818 2053 in
848 2024 921 2053 arca
947 2021 1043 2054 trium
1068 2023 1131 2054 cla-

393 2078 480 2110 vium
497 2080 687 2115 conventus,
697 2075 877 2117 subscripta
895 2085 911 2106 a
928 2075 1078 2108 ministro
1100 2080 1131 2107 et

395 2129 589 2163 consiliariis
624 2133 697 2171 pest
732 2127 975 2160 annotationem
1008 2127 1070 2160 diei
1098 2128 1131 2160 in

396 2195 460 2227 quo
478 2182 664 2226 praedictus
685 2182 781 2213 frater
798 2181 963 2224 perrenit3
980 2181 1033 2224 qui
1053 2192 1130 2214 vero

395 2237 522 2270 litteras
559 2240 705 2278 patentes
740 2245 803 2267 non
839 2234 1032 2274 ostenderit,
1062 2234 1131 2278 ipso

396 2291 482 2324 sacto
503 2294 612 2321 careat
633 2299 711 2321 voce
737 2293 769 2320 et
790 2289 873 2321 loco.

440 2354 496 2376 vuv
525 2342 636 2375 Nullus
673 2340 842 2383 religiosus
880 2340 1069 2382 egrediatur
1093 2341 1132 2373 ab

397 2397 551 2439 Hispania
578 2395 645 2427 sinc
671 2394 802 2428 licentia
823 2395 854 2426 in
872 2394 1001 2437 scriptis
1023 2393 1134 2426 detini-
1154 2427 1156 2431 ,

397 2450 473 2483 terii
501 2448 674 2491 gswieralis,
689 2448 746 2479 sub
767 2448 872 2489 poena
897 2446 1076 2489 apostasiae
1103 2452 1134 2479 et

398 2501 589 2547 prixationis
614 2500 720 2540 oflicii,
746 2499 831 2533 vocis
865 2505 896 2532 et
921 2499 982 2532 loci
1008 2499 1039 2531 in
1062 2508 1134 2542 per-

439 2577 444 2599 1
470 2572 517 2599 Vel
538 2572 596 2599 heic
616 2571 759 2606 legendum
775 2570 930 2601 subiaceat,
949 2571 986 2595 vel
1004 2574 1081 2597 antea
1096 2571 1133 2604 fc—

399 2618 490 2645 cert'ul
509 2625 558 2653 pro
576 2616 677 2651 feccrit
699 2615 839 2651 legendum
860 2614 908 2640 suit
929 2622 966 2648 ru.
983 2618 1031 2649 ¹12).

965 220 1143 245 martianum!
1167 219 1318 244 Romnum

1164 272 1308 310 petuum.
1335 268 1425 306 Quod
1463 269 1487 301 si
1525 268 1626 302 laicus
1658 267 1763 307 suerit,
1791 270 1900 311 portet

1165 320 1311 353 habitum
1340 321 1418 353 susci
1445 321 1565 354 coloris
1582 331 1639 365 per
1657 320 1842 359 triennium,
1867 323 1900 352 et

1164 374 1277 406 cadem
1293 376 1397 417 poena
1410 373 1590 407 afficiantur
1604 380 1751 418 petentes
1765 373 1900 406 Romam

1165 427 1286 470 absque
1303 426 1431 460 licentia
1449 427 1616 470 requisita,
1644 427 1821 460 secundum
1848 425 1902 458 de-

1165 485 1252 511 creta
1278 479 1381 513 felicis
1399 479 1636 512 recordationis
1654 479 1827 513 Clementis
1844 479 1902 511 Pa-

1165 543 1224 576 pae
1245 533 1320 565 Vlll.
1348 533 1516 566 praelatus
1533 543 1620 572 vero,
1636 533 1783 576 qui‚sine
1807 542 1901 576 prae-

1167 586 1259 618 dictis
1286 586 1452 629 requisitis
1478 591 1509 618 et
1533 586 1751 625 facultatulam,
1776 585 1902 618 miserit

1165 639 1306 681 aliquem
1317 639 1505 681 religiosum
1516 644 1605 670 extra
1618 638 1815 681 Hispaniam,
1830 648 1902 670 sus-

1166 702 1286 734 pensus
1306 691 1345 723 sit
1364 703 1379 723 a
1398 702 1456 723 suo
1470 690 1574 723 officio
1594 701 1651 734 per
1672 696 1738 723 tres
1758 701 1899 724 menses.

1210 755 1278 778 riu.
1302 745 1396 777 Pater
1421 744 1583 787 generalis
1616 744 1745 776 mittere
1781 743 1903 787 poterit

1166 798 1345 841 quemlibet
1369 797 1556 840 religiosum
1583 807 1788 840 quocumque
1805 807 1904 840 expe-

1166 853 1235 885 dire
1261 851 1387 890 viderit,
1408 857 1543 894 excepto
1561 860 1633 883 casu
1653 850 1759 893 posito
1777 849 1810 882 in
1828 860 1904 883 con-

1166 905 1333 937 stitutione
1370 903 1575 943 inunediatzh
1606 902 1814 945 provincialis
1842 912 1905 946 per

1166 968 1253 990 suam
1279 956 1476 1000 provinciam
1502 961 1534 988 et
1557 966 1616 999 per
1640 955 1726 988 illius
1748 954 1904 987 ambitum

1167 1012 1204 1043 ad
1231 1011 1362 1053 triginta
1387 1011 1494 1043 solum
1512 1010 1632 1049 leucas;
1660 1008 1801 1041 ministri
1827 1017 1905 1040 con-

1167 1065 1333 1097 ventuales
1357 1073 1416 1107 per
1440 1061 1581 1106 spatium
1599 1062 1764 1094 leucarum
1783 1060 1905 1094 duode-

1166 1117 1226 1150 cim
1251 1129 1269 1150 a
1293 1116 1358 1148 suis
1384 1115 1610 1155 conventibus,
1637 1125 1702 1147 non
1726 1115 1824 1147 ultra.

1210 1182 1251 1204 1x.
1278 1169 1486 1203 Provinciatis
1509 1168 1697 1212 provinciae
1713 1167 1768 1200 ubi
1785 1171 1836 1200 est
1853 1177 1905 1200 cu-

1167 1224 1215 1256 ria
1231 1223 1320 1266 regia
1337 1223 1375 1255 ad
1393 1222 1483 1255 istius
1500 1226 1693 1255 conventum
1707 1220 1828 1264 poterit
1843 1220 1905 1252 sibi

1168 1277 1314 1310 subditos
1339 1280 1476 1308 mutare,
1504 1275 1549 1307 Ad
1583 1274 1715 1316 negotia
1745 1283 1821 1306 vero
1849 1283 1906 1305 seu

1168 1330 1242 1362 lites
1268 1339 1331 1362 non
1358 1328 1460 1361 mittat
1479 1328 1548 1360 sine
1573 1326 1709 1360 consilio
1730 1326 1831 1370 patris
1853 1335 1908 1368 ge-

1168 1382 1300 1415 neralis.

1211 1447 1239 1469 x.
1264 1437 1393 1468 Attente
1419 1434 1532 1478 spiritu
1554 1432 1753 1478 paupertatis
1774 1437 1807 1465 et
1823 1433 1908 1465 clau-

1168 1500 1258 1522 surae
1277 1488 1446 1530 religionis
1465 1492 1602 1528 nostrae,
1621 1487 1787 1519 statuimus
1805 1491 1841 1518 ut
1865 1485 1908 1518 si-

1169 1555 1207 1576 ne
1227 1542 1312 1586 gravi
1332 1541 1504 1584 evm-genti
1524 1540 1715 1573 necessitate
1732 1550 1797 1573 non
1816 1539 1908 1572 detur

1170 1596 1330 1639 religiosis
1357 1596 1489 1628 facultas
1516 1593 1687 1626 itinerandi
1705 1603 1765 1625 nec
1783 1597 1908 1625 mutan-

1170 1651 1200 1684 di
1226 1649 1543 1687 conventualitatem,
1569 1658 1675 1691 neque
1712 1646 1750 1680 ad
1780 1647 1842 1679 hoc
1875 1650 1910 1678 ut

1170 1704 1233 1736 sint
1259 1708 1348 1736 extra
1373 1707 1551 1735 conventus
1577 1711 1593 1733 a
1618 1700 1774 1733 Paschate
1803 1709 1908 1742 usque

1171 1758 1209 1790 ad
1237 1757 1354 1789 festum
1380 1755 1432 1788 SS.
1459 1753 1622 1787 Trinitatis
1659 1763 1696 1786 eo
1729 1763 1814 1785 anno
1844 1761 1909 1796 quo

1172 1810 1358 1843 celebratur
1382 1808 1562 1852 capitulum
1587 1807 1748 1850 generale,
1768 1805 1830 1838 nisi
1855 1810 1910 1838 oc-

1172 1868 1279 1897 currat
1306 1862 1474 1905 negotium
1500 1860 1641 1904 speciale
1666 1859 1795 1892 Ordinis
1822 1858 1909 1902 quod

1173 1916 1295 1950 diss'crri
1321 1926 1386 1948 non
1412 1916 1529 1947 valeat.

1215 1981 1259 2003 xi.
1287 1969 1333 2001 Ad
1359 1967 1496 2012 patriam
1528 1976 1618 1999 suam
1653 1966 1761 1999 nullus
1797 1970 1911 2009 pergat

1173 2025 1292 2066 absque
1310 2020 1519 2065 provimialis
1538 2016 1679 2059 licentia,
1698 2029 1757 2051 nec
1773 2019 1842 2051 sine
1861 2029 1912 2052 so-

1174 2077 1222 2109 cio
1247 2076 1369 2118 absque
1389 2074 1488 2117 patris
1508 2071 1670 2115 generalis
1689 2071 1909 2112 concessione,

1174 2130 1222 2162 vel
1250 2128 1310 2160 nisi
1337 2127 1368 2160 in
1394 2126 1515 2169 oppido
1551 2125 1608 2157 illo
1644 2125 1683 2156 sit
1713 2123 1910 2157 coenobium

1175 2188 1342 2222 nostrum·,
1379 2181 1538 2224 praelatus
1574 2183 1702 2218 autem,
1733 2178 1789 2221 qui
1820 2188 1911 2211 secus

1176 2245 1371 2279 quemquam
1395 2232 1528 2272 miserit,
1547 2236 1671 2275 po‘enae
1685 2231 1911 2275 suspensionis

1177 2289 1214 2322 ab
1239 2287 1344 2321 officio
1364 2296 1422 2329 per
1446 2295 1591 2318 mensem
1618 2294 1715 2316 unum
1732 2284 1909 2317 subiaceat.

1220 2352 1274 2374 ΧΗ.
1295 2340 1356 2372 lter
1374 2338 1566 2371 facientibus
1584 2337 1802 2380 permittimus
1822 2348 1913 2369 usum

1178 2394 1354 2436 caligarum
1388 2402 1444 2423 seu
1482 2391 1638 2423 tibialium
1665 2401 1700 2422 ex
1727 2401 1803 2433 sago
1839 2390 1913 2424 albo

1178 2449 1227 2480 vel
1252 2445 1348 2479 simili
1375 2444 1508 2478 materia
1533 2445 1653 2486 absque
1679 2443 1787 2486 aliqua
1808 2443 1914 2476 eurio—

1178 2501 1282 2540 sitate,
1318 2503 1347 2530 ct
1384 2498 1416 2530 in
1454 2496 1582 2539 urgenti
1609 2496 1800 2529 necessitate
1821 2507 1915 2529 usum

1179 2553 1344 2597 pedulium
1372 2562 1408 2583 ex
1435 2551 1547 2583 callem
1573 2550 1724 2591 materia3
1758 2555 1791 2583 et
1822 2560 1915 2594 supe-

1178 2607 1281 2640 riores
1300 2605 1409 2639 omnia
1431 2604 1538 2638 itineri
1556 2603 1741 2638 neccssaria
1759 2603 1804 2637 eis
1822 2614 1915 2648 prae-

1902 217 1952 245 Αη.
1967 216 1999 244 C.
2019 215 2089 245 1676
