2279 3260
967 244 1061 268 usum
1089 244 1192 268 annun
1745 236 1806 268 697

310 298 423 333 Cicriei
448 299 610 342 regulares
639 297 798 338 Theatini,
829 297 900 330 vide
923 297 1083 332 Thcatini.

309 352 420 386 Clerici
446 349 638 385 reverendae
663 349 812 384 Gamerae
836 350 1032 394 apostolicae
1057 356 1190 395 possunt
1213 349 1335 394 ubique
1359 355 1484 392 gestare
1508 348 1606 393 galeri
1627 349 1854 384 redimiculum

396 403 515 439 coloris
533 401 677 444 violacei,
705 401 746 436 60
770 413 802 436 α.

307 458 416 492 Clerus
439 455 613 491 saecularis
645 454 679 488 in
704 455 811 499 regnis
841 454 992 489 Castellae
1017 462 1048 489 et
1082 456 1229 500 Legionis
1253 465 1317 489 non
1343 455 1633 498 comprehenditur
1657 455 1690 488 in
1719 456 1856 490 decretis

395 520 492 554 super
515 507 727 542 associatione
753 508 944 543 cadaverum
971 515 1002 543 et
1026 509 1173 553 ingressu
1193 509 1232 542 ad
1250 509 1447 552 regularium
1472 507 1635 548 ecclesias,
1655 507 1721 541 425
1739 520 1759 542 α
1775 515 1807 542 et
1823 509 1852 543 b.

309 561 466 597 Collector
488 561 645 605 generalis
669 562 849 604 spoliorum
875 571 958 605 quae
982 572 1095 605 passus
1112 562 1217 595 ,fuerit
1239 572 1257 594 a
1283 561 1444 596 iudicibus
1469 560 1687 595 saecularibus
1712 561 1744 594 in
1768 561 1855 595 Por-

396 615 547 658 tugalliae
571 620 602 649 et
622 614 845 658 Algarbi0rum
872 614 991 658 regnis,
1016 614 1080 648 :368
1103 625 1143 654 a;
1169 614 1347 648 collectoris
1372 614 1502 658 praefati
1527 614 1708 648 iurisdictio
1732 624 1849 648 censu-

395 668 440 702 ris
465 667 600 711 aliisque
625 667 737 710 poenis
762 665 801 700 ab
818 666 949 701 Urbano
966 667 1032 700 VIII
1049 667 1243 707 vindicatur,
1270 666 1334 700 368
1358 667 1375 699 b
1399 673 1430 702 et
1454 678 1533 711 seq.;
1558 667 1738 701 collectoris
1761 678 1852 711 prae-

395 721 471 755 dicti
496 721 568 754 iura
592 720 623 753 in
650 720 768 753 eisdem
801 720 907 762 regnis
933 721 1017 754 iuxta
1042 719 1159 754 Urbani
1186 720 1251 753 VIII
1277 720 1539 754 constitutionem
1558 720 1802 761 confirmantur,
1821 726 1852 754 et

395 773 540 806 iudicum
565 772 781 806 saecularium
806 772 965 805 sententia
989 773 1193 812 annullatur,
1221 773 1299 805 ibid.

307 826 438 869 Collegii
468 825 684 864 Graecorum,
714 825 966 865 Maronitarum,
994 825 1188 866 Scotorum,
1213 825 1428 858 Ilibernorurn
1454 832 1486 859 ct
1509 827 1684 870 Anglorum
1710 826 1742 860 in
1766 827 1851 860 Urbe

395 880 544 912 alumnos
569 879 651 911 inter
677 884 707 911 et
733 877 932 911 convictores
960 878 991 910 in
1018 878 1100 910 victu
1126 884 1155 910 et
1180 879 1294 912 vestitu
1327 878 1515 912 omnimoda
1545 880 1720 922 aequalitas
1752 890 1851 924 prae—

395 931 557 972 scribitur,
584 931 649 964 590
674 942 704 963 α.

305 986 482 1029 Collegium
507 984 734 1018 Germanicum
759 990 790 1017 et
814 983 1034 1026 Hungaricum
1061 984 1100 1016 de
1125 984 1220 1024 Urbe,
1247 983 1312 1017 152
1338 995 1373 1025 a3
1399 985 1500 1028 ipsius
1524 986 1743 1028 exemptiones
1767 997 1782 1019 a
1804 997 1852 1019 ve-

396 1038 566 1082 ctigalibus
590 1047 760 1070 concessae
785 1047 802 1069 a
826 1036 983 1079 Gregorio
1008 1037 1075 1070 XIII
1097 1065 1103 1077 ,
1128 1037 1193 1070 1153
1217 1037 1249 1078 ὸς
1283 1037 1519 1072 confirmantur
1534 1065 1541 1078 ,
1569 1038 1633 1072 153
1653 1050 1695 1079 a;
1719 1039 1785 1072 ‘155
1809 1051 1850 1079 α·,

395 1091 520 1134 collegii
546 1089 703 1133 praedicti
728 1089 851 1122 alumni
876 1095 905 1122 et
936 1090 1135 1123 convictores
1169 1096 1317 1124 tenentur
1348 1091 1455 1123 iurare
1479 1101 1525 1131 se,
1559 1091 1691 1135 expletis
1720 1092 1847 1134 studiis,

394 1144 499 1176 statim
533 1143 564 1175 in
597 1142 802 1175 Germaniam
828 1152 1011 1176 reversuros
1028 1170 1035 1182 ‚
1061 1142 1125 1176 :358
1150 1143 1184 1184 b,
1209 1143 1335 1186 collegii
1368 1144 1499 1186 praefati
1533 1145 1680 1178 alumnos
1705 1145 1789 1178 inter
1819 1152 1850 1179 et

394 1195 594 1229 convictores
618 1193 741 1228 admitti
768 1204 830 1228 non
858 1201 1005 1237 possunt,
1032 1196 1086 1239 qui
1112 1205 1175 1228 non
1201 1196 1263 1230 sint
1287 1196 1352 1229 nati
1377 1197 1410 1229 in
1435 1197 1608 1240 provinciis
1632 1198 1665 1230 in
1688 1199 1779 1231 Bulla
1796 1209 1850 1232 ex-

393 1249 522 1292 pressis,
540 1248 604 1281 543
622 1248 639 1279 b
656 1253 685 1280 ct
701 1258 778 1291 seq.;
803 1248 929 1291 collegii
956 1248 1111 1291 praedicti
1137 1249 1368 1283 monasterium
1393 1249 1423 1282 S.
1442 1250 1527 1283 Petri
1545 1250 1761 1284 Laudiveteris
1777 1252 1850 1285 sub-

393 1301 480 1334 ditur
497 1299 699 1333 immediatae
717 1300 929 1333 iurisdictioni
946 1301 1156 1334 cardinalium
1173 1308 1408 1346 protectorum,
1424 1302 1487 1336 566
1504 1313 1541 1343 α;
1566 1302 1693 1345 collegii
1714 1304 1849 1346 praefati

395 1353 588 1388 monasterio
613 1353 776 1397 praedicto
801 1353 1019 1386 Laudiveteris
1055 1356 1272 1398 exemptiones
1312 1355 1508 1398 ampliantur
1539 1366 1556 1388 a
1580 1355 1742 1389 Clemente
1767 1357 1851 1397 VIII,

394 1407 458 1440 566
483 1407 520 1446 b·‚
547 1407 779 1440 confirmantur
805 1416 822 1438 a
851 1407 1012 1440 Clemente
1040 1408 1097 1448 tx,
1122 1407 1184 1441 568
1210 1408 1244 1447 ἰν,
1273 1407 1344 1442 lites
1375 1408 1456 1441 inter
1487 1408 1589 1452 ipsius
1620 1408 1789 1443 ministros
1819 1417 1849 1443 et

392 1459 581 1503 episcopum
613 1458 832 1499 Laudensem,
860 1458 923 1491 569
957 1471 975 1492 α
1009 1466 1039 1492 et
1072 1460 1108 1500 b;
1134 1461 1299 1494 Pontificis
1331 1461 1514 1499 sententia,
1539 1461 1603 1494 573
1628 1462 1644 1493 b
1669 1468 1700 1495 et
1724 1473 1786 1506 seq.

303 1513 480 1548 Concilium
505 1513 649 1546 futurum
674 1512 875 1555 appellantes
900 1523 1079 1555 eorumque
1103 1513 1244 1547 fautores
1269 1514 1608 1554 excommunicantur,
1635 1514 1700 1548 ’176
1725 1516 1752 1548 b.

304 1566 479 1601 Concilium
505 1565 718 1599 universitatis
754 1565 958 1600 Lovaniensis
984 1577 1046 1599 non
1073 1567 1168 1600 dehet
1200 1567 1350 1600 excedere
1380 1577 1551 1600 numerum
1580 1568 1795 1611 quadraginta
1819 1576 1850 1603 et

393 1626 466 1654 octo
492 1629 714 1663 personarum,
740 1619 812 1652 vide
833 1620 1028 1653 Universitas
1054 1621 1267 1654 Lovaniensis.

303 1673 530 1713 Conclavistae,
547 1672 601 1716 qui
626 1672 836 1706 inservierunt
860 1672 890 1705 S.
920 1673 954 1706 R.
981 1674 1013 1706 E.
1043 1674 1258 1707 cardinalibus
1290 1674 1323 1706 in
1347 1673 1488 1707 conclavi
1512 1675 1544 1707 in
1570 1686 1634 1718 quo
1654 1675 1694 1708 ad
1719 1676 1849 1719 pontifi-

394 1733 483 1760 catus
519 1726 640 1770 apicem
674 1726 732 1759 I'uit
763 1733 891 1760 evectus
918 1727 1063 1760 Clemens
1090 1727 1112 1760 X
1129 1756 1137 1768 ,
1166 1728 1328 1760 donantur
1352 1737 1478 1760 summa
1494 1727 1606 1761 decem
1631 1729 1755 1762 milium
1781 1739 1848 1763 scu-

394 1788 499 1812 torum
525 1779 609 1817 auri,
638 1778 678 1811 2³⁶2
705 1780 738 1819 bj,
764 1780 974 1813 conclavistae
997 1781 1114 1820 clerici,
1139 1791 1194 1814 seu
1221 1779 1353 1813 militiae
1378 1780 1518 1813 clericati
1539 1780 1754 1822 adscribendi,
1773 1788 1848 1816 sunt

391 1832 481 1866 Sedis
501 1832 701 1875 Apostolicae
718 1833 833 1865 notarii
859 1833 927 1866 sine
953 1833 1151 1876 praeiudicio
1176 1833 1453 1876 participantium,
1480 1834 1710 1867 commensales
1729 1834 1845 1879 Papae,

392 1886 537 1925 comites,
556 1885 679 1919 nobiles
696 1892 725 1919 et
747 1885 828 1918 cives
853 1886 987 1919 civitatis
1013 1897 1108 1930 quam
1133 1886 1298 1930 elegerint,
1324 1891 1355 1919 et
1379 1896 1452 1919 cum
1477 1886 1546 1920 iure
1571 1887 1782 1922 successionis
1807 1889 1847 1922 ad

390 1939 564 1979 haeredes,
592 1944 622 1971 et
646 1939 830 1971 eximuntur
854 1949 871 1971 a
896 1939 1056 1972 solutione
1075 1939 1219 1972 omnium
1238 1949 1387 1978 onerum,
1408 1939 1451 1972 ⁶22
1469 1940 1496 1980 b,
1516 1939 1560 1972 24
1578 1951 1614 1979 a,
1639 1940 1848 1975 absolvuntur

390 2002 406 2023 a
433 1991 573 2026 censuris
598 1991 639 2025 ol)
664 1991 941 2025 contraventiones
967 1999 1193 2026 contentorum
1210 1993 1242 2025 in
1268 1992 1556 2025 constitutionibus
1574 2004 1668 2037 super
1684 1995 1849 2029 creatione

390 2045 526 2077 Romani
561 2044 745 2083 PontificiS,
768 2049 798 2077 et
830 2055 941 2077 omnes
975 2045 1116 2079 desectus
1142 2045 1384 2089 provisionum,
1420 2045 1615 2088 dignitatum
1651 2058 1667 2079 a
1704 2049 1848 2082 censuris

391 2098 612 2141 provenientes
648 2104 802 2131 sanantur
825 2103 854 2131 ct
880 2099 911 2131 in
943 2101 1010 2131 foro
1037 2099 1252 2133 conscientiae
1284 2098 1522 2138 revalidantur,
1546 2098 1588 2131 94
1612 2110 1631 2132 α
1657 2106 1688 2132 ct
1711 2101 1744 2134 b:
1769 2102 1847 2145 ipsis

390 2151 597 2184 remittuntur
621 2151 746 2185 fructus
771 2152 973 2185 ecclesiastici
999 2153 1142 2186 indebite
1171 2152 1330 2196 percepti,
1348 2152 1567 2195 legitimantur
1584 2158 1614 2186 et
1638 2153 1848 2187 habilitantur

393 2204 431 2235 ad
457 2205 709 2246 successionem,
738 2206 877 2249 exceptis
907 2206 1000 2239 bonis
1030 2205 1227 2245 feudalibus,
1254 2205 1521 2248 emphyteuticis‚
1547 2206 1789 2246 ecclesiasticis,
1816 2213 1848 2240 et

394 2256 461 2289 sine
486 2257 684 2300 praeiudicio
709 2258 907 2291 venientium
932 2259 972 2290 ab
998 2258 1158 2297 intestato,
1184 2257 1227 2290 25
1251 2269 1291 2295 α·,
1317 2258 1529 2292 conclavistae
1553 2258 1650 2292 iidem
1676 2266 1751 2293 sunt
1775 2260 1843 2293 dis-

391 2311 513 2353 pensati
538 2311 578 2343 ad
602 2311 730 2344 ordines
754 2322 873 2351 sacros,
901 2311 1071 2351 beneficia,
1095 2311 1287 2354 dignitates,
1315 2311 1450 2355 exceptis
1476 2311 1650 2345 maioribus
1673 2319 1744 2356 post
1769 2323 1848 2357 pon-

392 2363 542 2397 tificalem
565 2374 600 2397 ac
624 2365 904 2409 principalioribus
929 2366 958 2398 in
985 2365 1183 2408 collegiatis,
1210 2371 1240 2398 et
1275 2370 1406 2408 excepta
1437 2364 1654 2398 cumulatione
1688 2373 1803 2409 negata
1828 2377 1846 2399 a

390 2416 533 2451 Concilio
558 2417 768 2459 Tridentin03
795 2424 824 2452 et
849 2419 947 2462 gratis
972 2418 1095 2451 litterae
1119 2417 1342 2461 expediantur,
1366 2416 1409 2450 25
1435 2417 1467 2457 b;
1491 2418 1702 2451 conclavistae
1730 2418 1756 2451 si
1781 2419 1847 2451 fue-

390 2470 453 2503 rint
477 2470 602 2514 equites
625 2470 656 2503 S.
685 2471 812 2505 loannis
838 2472 1092 2514 ierosolymitani
1123 2471 1171 2504 vel
1203 2470 1334 2504 alterius
1361 2469 1515 2510 militiae,
1544 2470 1721 2505 dummodo
1746 2471 1844 2514 quln-

392 2523 586 2567 quennalem
617 2523 820 2558 residentiam
854 2525 887 2557 in
924 2531 1084 2559 conventu
1115 2524 1299 2563 habuerint,
1321 2523 1531 2557 liabilitantur
1565 2524 1605 2557 ad
1627 2534 1846 2567 quascumque

394 2577 602 2611 commendas
625 2577 753 2610 etiamsi
781 2578 899 2612 fuerint
920 2578 1081 2618 absentes,
1108 2578 1209 2613 ibid:
1235 2587 1296 2610 nou
1323 2582 1469 2610 tenentur
1492 2583 1618 2620 gestare
1649 2577 1791 2610 habitum
1816 2583 1848 2609 et

396 2635 560 2663 tonsuram
587 2629 711 2663 etiamsi
736 2631 895 2672 gaudeant
922 2631 1134 2664 ducentorum
1161 2630 1351 2663 ducatorum
1378 2629 1553 2672 pensione,
1583 2628 1623 2661 ΕΠ
1649 2639 1689 2669 α·,
1714 2635 1846 2672 possunt

449 2690 527 2717 Ball.
549 2690 632 2717 Rom.
654 2705 688 2710 —
713 2690 771 2718 Vol.
794 2691 899 2719 XVIII.
1045 2692 1077 2719 88
