2279 3260
472 231 536 265 72⁴2
1021 239 1199 262 bertinum
1225 239 1376 262 nomnen

423 294 588 337 Philippus
614 293 732 326 Louvct
755 292 929 325 canonicus
954 291 1105 324 ccclesiae
1130 290 1316 324 Bisuntinae
1340 289 1513 324 absolvitur
1530 302 1546 323 a
1564 290 1719 329 censuris,
1742 289 1800 323 611
1823 291 1839 321 b
1860 297 1891 323 et
1907 302 1969 334 seq.

424 346 592 389 Philippus
617 345 723 378 Tanus
749 345 925 384 Romanus,
952 343 1218 386 Congrcgationis
1244 342 1441 376 Cassinensis
1466 342 1592 376 Ordinis
1609 342 1640 375 S.
1662 341 1839 381 Benedicti,
1861 342 1927 376 523
1944 344 1970 379 h;

511 398 609 431 abbas
642 397 778 431 titularis
811 403 962 436 creatur,
989 396 1055 428 524
1086 407 1129 436 ιι;
1156 395 1254 439 ipsius
1287 395 1527 429 controversiae
1547 406 1619 428 cum
1644 394 1758 429 abbate
1785 396 1970 430 monasterii

511 452 541 485 S.
567 452 656 485 Pauli
682 457 769 485 extra
795 450 921 484 moenia
946 449 1039 483 Urbis
1064 448 1276 486 definiuntur,
1303 447 1368 481 5⁶24
1392 448 1409 479 b
1434 453 1465 481 et
1488 459 1550 490 seq.

426 506 590 540 Pictorum
603 506 634 538 in
648 505 787 538 savorem
814 504 1015 546 aliorumque
1028 502 1211 537 academiae
1224 502 1255 535 S.
1273 502 1376 534 Lucae
1391 500 1519 534 decreta
1537 502 1731 542 referuntur,
1750 501 1792 534 602
1811 503 1828 534 b
1847 508 1878 535 et
1895 513 1970 545 seq.;

513 565 543 592 ct
566 558 812 597 confirmantur,
832 556 874 589 65
899 568 930 589 (ι.

427 613 502 646 Pius
515 612 577 654 (S.)
602 612 684 655 Papa
709 611 733 642 V
758 611 928 643 Beatorum
946 610 1092 651 catalogo
1117 608 1322 647 adscribitur,
1338 606 1404 640 304
1421 607 1437 638 Ι)
1458 612 1488 640 et
1512 617 1599 650 seq.·,
1624 608 1691 641 eius
1716 608 1827 641 multis
1844 608 1876 640 in
1894 609 1971 641 locis

514 665 635 698 missae
659 670 689 697 et
714 663 812 697 officii
830 662 991 700 recitatio.
1010 662 1076 695 305
1101 662 1127 694 b.

426 717 695 753 Poenitcntiariae
720 717 914 760 apostolicae
938 716 1060 750 litteras
1084 716 1211 758 aperire
1235 721 1264 747 ct
1285 715 1399 757 exequi
1428 720 1562 758 possunt
1587 713 1772 748 confessarii
1794 714 1973 757 (long-rega-

516 772 611 805 tionis
636 770 794 803 lllissionis
811 780 829 802 a
845 770 1011 813 superiore
1028 768 1168 812 generali
1186 777 1243 811 per
1266 777 1299 800 sc
1320 767 1366 800 vel
1391 767 1468 800 alios
1493 766 1675 809 superiores
1693 766 1846 810 deputati,
1861 766 1925 799 140
1942 778 1972 799 a,

429 825 591 863 Poloniae‚
618 824 781 857 Lituaniae
806 829 838 856 et
861 822 1085 856 adjunctarum
1123 820 1361 863 provinciarum
1398 825 1550 863 patronus
1586 819 1717 862 eligitur
1742 819 1772 852 B.
1799 819 1972 853 Stanislans

515 878 647 917 lx'ostka,
667 876 732 909 5⁴33
757 876 772 908 b
798 882 829 909 ct
853 886 914 919 seq.

429 932 579 966 Poloniac
604 941 737 974 regnum
764 930 839 962 olim
865 924 1144 966 florentissimum,
1162 926 1354 960 formidabili
1381 927 1557 959 'furcarum
1584 925 1726 969 potentia
1748 931 1844 968 atque
1863 926 1974 959 imma—

514 985 614 1018 nitate
639 984 669 1016 in
695 982 869 1016 discrimen
895 992 1059 1015 summum
1085 980 1272 1020 adductum,
1291 979 1357 1013 364
1373 989 1414 1019 a·,
1440 989 1497 1022 pro
1514 979 1581 1022 ipso
1604 978 1780 1011 iubilaeum
1797 978 1974 1012 universale

515 1037 681 1077 indicitur,
709 1036 774 1069 365
799 1047 818 1069 ιι
841 1042 872 1068 et
895 1046 957 1078 seq.

431 1090 646 1134 Portugalliae
671 1089 760 1133 regni
786 1088 910 1122 iuribus
936 1099 993 1131 per
1017 1087 1238 1121 innovationes
1262 1088 1360 1120 factas
1386 1086 1471 1118 circa
1503 1085 1701 1129 provisiones
1734 1085 1834 1128 ipsius
1867 1086 1972 1119 cccle-

516 1144 650 1183 siamm,
678 1142 917 1185 Algarbiorum,
944 1147 1015 1182 ete,
1040 1146 1113 1184 post
1138 1142 1304 1174 decessum
1330 1139 1507 1173 Sebastiani
1535 1145 1566 1172 et
1590 1138 1716 1171 llenriei
1742 1148 1868 1181 regum,
1886 1139 1974 1171 nullo

519 1196 616 1229 modo
641 1195 895 1239 praeiudicatum
921 1195 991 1235 suit,
1019 1193 1083 1227 145
1110 1194 1148 1234 Ir,
1174 1194 1229 1227 sed
1253 1193 1319 1236 ipsa
1346 1194 1415 1226 iura
1439 1192 1545 1235 quoad
1572 1192 1728 1234 praefatas
1753 1191 1973 1224 innovationes

518 1251 549 1283 in
574 1259 613 1283 co
638 1254 724 1282 statu
750 1258 959 1291 permanere,
986 1257 1052 1290 quo
1076 1252 1167 1280 erant
1193 1253 1336 1289 tempore
1360 1246 1518 1278 dictorum
1544 1254 1670 1287 regum,
1685 1244 1875 1283 declaratur,
1898 1245 1976 1276 ibid.

517 1301 734 1345 Portugalliae
758 1307 789 1335 et
813 1300 1037 1343 Algarbiorum
1070 1299 1181 1342 regnis
1212 1302 1401 1331 attentatum
1421 1304 1533 1331 contra
1555 1296 1759 1329 collectorem
1784 1296 1973 1339 spoliorum.

517 1355 581 1389 368
598 1366 619 1388 α
644 1360 675 1388 ct
699 1364 784 1397 seq.;
809 1353 1023 1396 Portugalliae
1047 1352 1198 1385 nonullae
1222 1360 1337 1383 causac
1361 1350 1400 1383 ad
1427 1349 1670 1393 Inquisitionem
1701 1355 1878 1392 spectantes
1904 1360 1977 1381 avo-

518 1414 633 1442 cantur
657 1409 697 1441 ad
729 1406 971 1450 Inquisitionem
998 1405 1104 1445 Urbis,
1131 1404 1194 1438 487
1222 1405 1239 1437 b
1264 1410 1295 1437 et.
1319 1403 1383 1437 496
1409 1404 1426 1435 b
1451 1410 1482 1436 et
1505 1413 1567 1446 seq.

429 1462 617 1496 Praedicare
642 1461 786 1494 volentes
812 1460 974 1502 regulares
1000 1459 1032 1491 in
1058 1458 1200 1493 ecclesiis
1225 1457 1275 1491 sui
1301 1456 1428 1490 Ordinis
1453 1461 1603 1490 tenentur
1629 1456 1667 1489 ab
1700 1456 1852 1499 episcopo
1878 1457 1976 1488 bene-

517 1514 737 1548 nedictionem
763 1518 885 1556 petere,
905 1513 947 1546 55
967 1513 995 1553 b,
1015 1512 1056 1545 56
1075 1523 1116 1552 α;
1142 1511 1326 1555 praedicare
1350 1517 1459 1544 tamen
1483 1509 1604 1543 ibidem
1630 1514 1766 1553 possunt
1782 1509 1907 1542 etiamsi
1923 1508 1978 1542 bc-

519 1568 735 1601 nedictionem
767 1577 832 1600 non
870 1565 1094 1606 obtinuerint,
1123 1564 1163 1598 56
1190 1565 1227 1604 b·,
1257 1563 1479 1608 praedicantes
1509 1563 1671 1606 regulares
1707 1563 1738 1596 in
1769 1563 1819 1595 sui
1852 1562 1979 1596 Ordinis

519 1621 683 1661 ecclesiis,
710 1621 862 1664 episcopo
892 1620 1156 1659 contradicente,
1187 1619 1227 1651 ab
1255 1619 1325 1662 ipso
1351 1623 1516 1660 tamquam
1541 1616 1629 1650 Sedis
1662 1616 1866 1658 Apostolicae
1891 1615 1978 1649 dele-

520 1680 593 1718 gato
617 1680 753 1718 possunt
777 1674 897 1717 puniri,
924 1673 1027 1713 ibid.;
1053 1672 1326 1716 praedicationem
1354 1669 1554 1714 regularibus
1579 1669 1754 1712 generatim
1780 1669 1811 1701 in
1838 1669 1978 1702 ecclesiis

521 1738 656 1761 suorum
681 1727 837 1760 Ordinum
859 1726 1034 1770 probibere
1058 1736 1123 1759 non
1149 1731 1254 1768 potest
1278 1724 1458 1768 episcopus,
1483 1723 1524 1756 56
1551 1723 1577 1755 I).

433 1780 677 1815 Praedicatores
703 1781 751 1814 bis
776 1781 808 1813 in
833 1791 917 1813 anno
950 1785 1101 1813 tenentur
1128 1778 1353 1812 commendare
1385 1778 1451 1809 loca
1479 1778 1748 1815 Terraesanctae,
1780 1776 1844 1810 599
1871 1777 1904 1813 ἐκ
1932 1788 1980 1810 rc-

521 1834 738 1878 demptionem
763 1833 975 1876 captivorum,
1003 1832 1066 1865 5202
1092 1833 1109 1865 b
1134 1838 1160 1865 et
1187 1842 1248 1874 seq.

430 1888 670 1922 Praedicatores
694 1888 960 1920 commendantes
977 1885 1199 1920 recitationem
1218 1885 1401 1918 litaniarum
1420 1883 1471 1917 sS.
1497 1883 1642 1917 Nominis
1661 1885 1742 1924 lesu,
1762 1890 1977 1918 trecentorum

521 1940 659 1979 dierum,
685 1947 716 1973 ct
740 1940 774 1972 B.
804 1940 841 1972 M.
867 1940 916 1979 V.,
938 1940 1151 1973 ducentorum
1179 1937 1396 1981 indulgentias
1421 1943 1677 1980 consequuntur,
1704 1936 1769 1969 405
1793 1948 1830 1977 (13
1856 1937 1981 1980 praedi-

520 2000 645 2026 catores
671 1993 934 2026 commendantes
959 1998 994 2025 ut
1029 1992 1073 2025 sic
1110 1992 1267 2025 salutetur
1292 1991 1456 2024 laudetur
1488 1991 1575 2023 Iesus
1609 1989 1756 2023 Christus
1787 1996 1817 2023 et
1853 2000 1981 2033 respon-

521 2046 635 2079 deatur
659 2046 700 2078 In
725 2046 855 2078 saccula
888 2045 935 2079 vel
969 2046 1071 2079 Amen
1097 2045 1144 2078 vel
1171 2044 1314 2086 Semper,
1349 2043 1582 2087 quinquaginta
1608 2043 1730 2076 dierum
1757 2042 1980 2085 indulgentiae

524 2100 701 2138 lucrantur,
727 2099 803 2131 ibid.

432 2151 601 2194 privilegia
627 2151 907 2193 conclavistarum,
935 2152 1152 2195 dapiferorum
1178 2151 1384 2185 familiarium
1416 2152 1541 2194 Papae,
1566 2148 1825 2182 abbreviatorum
1860 2149 1980 2182 littera-

523 2215 595 2238 rum
620 2205 883 2248 apostolicarum,
911 2206 1187 2249 cappellanorum,
1218 2205 1402 2237 auditorum
1435 2204 1465 2236 S.
1494 2204 1613 2242 Rotae,
1637 2202 1856 2235 univcrsitatis
1885 2202 1981 2235 Lova-

523 2258 655 2298 niensis,
680 2258 851 2299 caesenae,
879 2258 1000 2292 Urbini:
1026 2259 1097 2291 vide
1122 2259 1154 2291 in
1179 2258 1317 2302 propriis
1342 2258 1458 2290 borum
1484 2262 1634 2290 coetuum
1659 2255 1857 2288 nominibus.

432 2311 601 2354 Privilegia
626 2321 777 2345 concessa
801 2311 980 2355 guardiano
1006 2312 1121 2345 Montis
1146 2311 1233 2349 Sion,
1263 2310 1425 2346 fratribus,
1450 2315 1480 2342 et
1504 2309 1582 2341 locis
1608 2309 1725 2341 Terrae
1749 2308 1882 2341 Sanctae
1904 2318 1980 2341 con-

525 2364 778 2403 ti1·iuantur‚39
813 2365 849 2405 {23
874 2365 1041 2408 privilegia
1073 2365 1112 2398 ab
1144 2364 1273 2398 Urbano
1306 2363 1370 2396 VIII
1403 2361 1605 2396 Discalceatis
1630 2362 1663 2394 Β.
1693 2362 1731 2393 Μ.
1768 2361 1806 2394 de
1840 2362 1981 2395 Mercede

522 2417 755 2461 redemptionis
790 2418 988 2462 captivorum
1022 2428 1176 2452 concessa
1208 2416 1465 2455 confirmantur,
1499 2415 1564 2447 ⁴1:34
1596 2415 1612 2446 b
1645 2422 1673 2448 ct
1708 2426 1792 2458 sequ,
1819 2414 1981 2458 privilegia

520 2470 693 2504 tiarmelitis
726 2471 928 2505 Discalceatis
952 2481 1105 2505 concessa
1129 2471 1168 2503 ad
1193 2471 1332 2504 savorem
1366 2469 1464 2502 etiam
1495 2468 1711 2501 Calceatorum
1738 2474 1883 2501 emanata
1909 2478 1982 2501 cen-

521 2530 644 2564 sentur,
672 2523 735 2557 138
761 2536 781 2557 ιι
806 2531 837 2558 ct
860 2536 945 2569 scq.;
973 2524 1140 2568 privilegia
1166 2524 1372 2558 eremitarum
1399 2522 1527 2556 Ordinis
1551 2521 1583 2554 S.
1602 2521 1770 2565 Augustini
1796 2522 1978 2556 communia

519 2583 594 2610 sunt
618 2576 826 2611 Discalceatis
857 2578 1002 2612 eiusdem
1028 2577 1166 2618 Ordinis,
1194 2577 1259 2610 465
1286 2577 1302 2609 b
1327 2582 1357 2610 ct
1381 2587 1441 2619 seq.

432 2629 603 2673 Privilegia
628 2631 869 2674 exemptionum
894 2642 912 2664 a
936 2631 1144 2675 vectigalibus
1171 2636 1200 2663 ct
1225 2630 1294 2663 aliis
1320 2630 1470 2664 (larnerae
1496 2629 1649 2663 oneribus
1671 2629 1892 2663 ecclesiasticis
1917 2639 1983 2672 per-
