2264 3270
315 685 381 709 Edit.
399 685 473 709 Taur.

313 727 383 750 Tom.
403 733 470 750 xvxii.

316 865 377 888 1670

879 308 1291 385 TABULA

358 423 469 472 Quae
498 435 652 463 novum
684 420 873 461 ordinem
904 421 1041 471 refert,
1078 433 1153 471 quo
1188 419 1456 468 chronoloslice
1491 420 1698 470 dispositae
1726 428 1815 460 sunt

399 483 634 535 Pontificio&
653 481 954 524 constitutiones
975 482 1018 522 in
1032 482 1223 523 Edicione
1244 481 1504 525 Tauriv'zensi,
1519 481 1705 521 collatum
1725 494 1814 521 cum

401 546 527 588 veteri
557 545 701 586 ordine
731 544 943 586 Romanae
971 543 1174 585 Editzfom's
1203 542 1452 593 Hierowwni
1480 542 1705 583 Mainara'i.

898 682 963 705 Edit.
984 683 1055 705 Rom.

913 723 982 745 Tom.
996 730 1038 745 vri.

588 790 735 814 CLEMENS
754 790 784 812 XI

600 863 609 885 I
626 863 796 885 Romanorum
808 863 880 891 gesta
897 859 989 883 Pontis.

586 903 608 924 II
625 899 725 924 Rationi
743 907 882 923 consonum
895 902 920 922 et
924 917 991 922 .....

576 942 610 964 III
628 942 685 966 Nos.
706 939 821 963 volentes
835 939 942 963 dilectos
954 957 959 962 .
970 958 974 962 .
985 957 991 962 .

576 982 609 1004 IV
627 981 663 1004 Ex
681 980 794 1004 iniuncto
807 979 879 1003 nobis
891 997 991 1003 .......

586 1022 608 1043 V
626 1021 677 1044 Piis
695 1019 899 1044 christifidelium
916 1019 990 1043 votis.

577 1061 609 1084 VI
626 1061 654 1083 In
672 1068 791 1091 supremo
808 1059 939 1083 militantis
954 1078 959 1083 .
970 1078 990 1083 ..

565 1101 609 1123 VII
627 1101 685 1127 Nos,
706 1099 820 1123 volentes
838 1099 959 1123 dilectos.
971 1118 975 1123 .
986 1117 991 1123 .

554 1141 611 1163 VIII
629 1141 656 1163 In
674 1140 797 1163 eminenti
815 1139 940 1170 Principis

575 1181 609 1203 IX
628 1180 688 1202 Cum
701 1178 872 1203 inscrutabilis
884 1179 993 1203 divitiar.

589 1220 609 1242 X
627 1220 742 1250 Superna
759 1219 844 1249 magni
858 1219 961 1250 patris..
971 1238 976 1242 .
987 1239 992 1242 .

577 1260 610 1282 XI
628 1260 756 1282 Romanus
770 1259 888 1282 Pontifex
892 1277 991 1283 .......

562 1300 607 1322 XII
624 1299 694 1322 AIiizs
712 1297 793 1322 felicis
807 1298 990 1323 recordationis

552 1341 609 1363 XIII
626 1339 725 1371 Exponi
738 1339 810 1363 nobis
821 1347 902 1370 nuper
914 1339 991 1363 fecer.

552 1381 608 1403 XIV
626 1381 694 1407 Cum,
715 1379 782 1403 sient
800 1379 908 1403 <luemus
923 1398 991 1404 .....

565 1420 609 1442 XV
627 1419 775 1443 Sollicitudo
794 1419 926 1451 pastoralis
939 1438 945 1443 .
955 1438 961 1444 .
971 1438 977 1443 .
987 1438 992 1442 .

551 1461 609 1483 XVI
626 1459 696 1483 Aliiis
714 1459 796 1484 felicis
806 1460 990 1484 recordationis

538 1500 610 1523 XVII
626 1500 743 1523 Iniuncta
760 1499 832 1523 nobis
846 1499 992 1524 divinitus..

527 1540 608 1562 XVIII
626 1540 695 1566 Quae
713 1547 727 1562 a
744 1539 864 1563 Romanis
882 1539 993 1564 Pontif..

550 1580 608 1602 XIX
625 1579 783 1602 Sacrosancti
797 1579 962 1610 apostolatus.
972 1598 977 1604 .
988 1598 993 1604 .

563 1619 610 1641 XX
628 1618 694 1649 Agni
711 1618 873 1646 immaculati,
894 1619 946 1650 qui.
957 1638 962 1642 .
972 1637 978 1643 .
988 1638 993 1643 .

551 1658 611 1680 XXI
628 1657 726 1688 Exponi
744 1657 817 1681 nobis
836 1666 916 1689 nuper
933 1658 995 1682 fecit

541 1698 610 1720 XXII
627 1697 756 1721 Ecclesiae
774 1698 913 1722 catholicae
925 1717 992 1722 .....

527 1738 611 1760 XXIII
628 1738 655 1760 In
673 1737 827 1768 apostolicae
839 1738 996 1769 dignitatis..

531 1778 614 1800 XXIV
631 1778 693 1800 Cum
711 1777 773 1801 alias
791 1786 837 1809 per
853 1785 979 1802 sacram..
990 1797 995 1802 .

539 1818 610 1840 XXV
627 1817 663 1840 Ex
672 1817 778 1840 ininncti
786 1817 859 1841 nobis
870 1817 992 1842 divinitus

529 1857 610 1880 XXVI
628 1857 818 1888 Circumspecta
834 1859 906 1881 Rom.
920 1859 993 1882 Pont.

514 1897 609 1920 XXVII
626 1898 762 1921 Crescente
779 1897 805 1920 in
823 1897 877 1921 dies
890 1898 999 1922 mirabili

504 1936 610 1959 XXVIII
626 1937 725 1967 Exponi
743 1937 816 1960 nobis
834 1946 916 1969 nuper
934 1938 995 1962 fecit

525 1977 607 1999 XXIX
626 1976 741 2001 Creditae
760 1977 832 2001 nobis
850 1978 972 2001 divinitus
987 1997 992 2002 .

536 2017 608 2039 XXX
626 2016 755 2041 Ecclesiae
773 2017 913 2042 catholicae
924 2036 992 2042 .....

526 2057 608 2080 XXXI
627 2058 659 2080 Ut
675 2057 700 2080 in
713 2058 911 2089 congregatione
925 2078 993 2083 .....

514 2097 607 2120 XXXII
625 2097 787 2128 Apostolicae
805 2098 961 2122 servitutis..
972 2117 977 2122 .
988 2117 993 2122 .

503 2137 609 2160 XXXIII
627 2137 778 2161 Caelestium
797 2146 931 2162 munerum
941 2158 946 2163 .
957 2158 962 2162 .
973 2158 978 2163 .
988 2158 994 2163 .

501 2177 608 2200 XXXIV
626 2177 761 2208 AEquitatis
779 2181 804 2202 et
822 2178 946 2203 iustitiae.
958 2199 962 2203 .
973 2198 979 2203 .
989 2199 994 2203 ,

502 2257 608 2280 XXXVI
626 2257 703 2280 Grata
720 2257 899 2281 familiaritatis
911 2277 994 2283 ......

492 2296 609 2319 XXXVII
627 2297 654 2320 In
672 2297 829 2327 gravissimis
843 2306 926 2321 rerum
942 2317 963 2322 ..
974 2318 979 2322 .
989 2318 995 2323 .

479 2335 609 2358 XXXVIII
627 2335 696 2359 Alias
714 2336 795 2360 felicis
808 2337 990 2361 recordationis

499 2375 607 2398 XXXIX
625 2375 727 2399 Dudum
742 2376 824 2400 felicis
838 2377 993 2401 recordat...

564 2415 608 2438 XL
626 2416 687 2439 Cum
705 2415 787 2439 felicis
810 2416 994 2440 recordationis

553 2456 609 2478 XLI
626 2455 804 2487 Redemptoris
817 2459 843 2480 ct
861 2456 978 2481 Domini.
989 2476 994 2481 .

542 2495 609 2518 XLII
627 2496 665 2518 Ad
683 2496 774 2519 uberes
792 2496 914 2520 bonorum
926 2515 993 2521 .....

528 2534 606 2558 XLIII
624 2535 731 2559 Romani
742 2536 871 2560 Pontificis
879 2537 994 2560 consueti

531 2573 608 2597 XLIV
626 2575 805 2606 Redemptoris
817 2578 843 2600 et
860 2576 977 2600 Domini.
987 2595 992 2600 .

541 2614 609 2637 XLV
627 2616 688 2638 Cum
705 2615 771 2639 sieut
787 2624 832 2647 pro
850 2619 921 2647 parte
925 2635 994 2641 .....

530 2653 609 2677 XLVI
628 2656 687 2678 (jum
706 2663 751 2679 nos
769 2655 852 2682 hodic,
874 2660 942 2680 motu

1047 860 1057 882 1

1045 900 1059 922 3

1045 940 1060 962 4

1046 980 1060 1002 5

1046 1020 1060 1041 G

1032 1581 1063 1604 20

1034 1740 1064 1762 24

1035 1819 1065 1842 26

1035 1860 1064 1882 27

1034 1940 1064 1962 28

1032 1979 1062 2002 <29

1033 2020 1062 2042 30

1033 2061 1061 2083 31

1033 2100 1063 2123 32

1034 2141 1064 2163 33

1034 2181 1063 2204 34

1034 2222 1064 2245 35

1034 2260 1064 2283 36

1034 2299 1064 2322 37

1034 2338 1064 2361 38

1034 2378 1063 2401 39

1033 2418 1064 2440 40

1034 2459 1061 2482 41

1033 2498 1064 2521 49,

1034 2538 1064 2561 48

1033 2578 1063 2600 43

1034 2618 1063 2640 44

1033 2658 1062 2680 45

1112 682 1176 706 Edit.
1196 683 1271 706 Taur.
1701 682 1765 704 Edit.
1788 683 1856 704 Rom.

1110 723 1182 745 Tom.
1202 730 1270 745 xviii.
1713 722 1781 744 Toni.
1799 729 1841 745 vn.

1113 779 1173 802 1670
1316 780 1407 802 XLVII
1425 779 1553 802 Admonet
1570 786 1615 802 nos
1633 786 1693 801 cura
1708 797 1791 802 ......
1830 779 1861 801 46

1306 819 1406 842 XLVIII
1423 820 1461 842 Dc
1479 818 1598 842 mandato
1611 818 1774 842 sanctissimi.
1831 819 1859 841 47

1327 859 1404 881 XLIX
1423 858 1492 882 Alias
1510 861 1661 882 emanarunt
1673 866 1687 881 a
1699 859 1790 889 Congr.
1830 860 1860 881 49

1386 899 1404 921 L
1421 900 1518 929 Agrum
1536 898 1674 924 Ecrlesiae,
1695 906 1770 929 quein
1786 917 1790 920 .
1831 899 1860 921 50

1114 1099 1171 1122 1671

1147 2228 1159 2242 )1

1146 2268 1159 2282 D

1147 2467 1159 2480 )

1375 939 1405 961 LI
1423 938 1626 962 Gloriosissimos
1639 939 1756 962 caelestis
1771 957 1791 962 ..
1831 939 1856 961 51

1365 979 1406 1001 LII
1424 979 1556 1002 Iniunctae
1574 978 1647 1001 nobis
1665 978 1772 1002 caelitus
1787 997 1791 1001 .
1832 979 1862 1000 52

1353 1019 1407 1042 LIII
1426 1018 1577 1042 Caelestiuni
1596 1026 1728 1042 munerum
1741 1037 1744 1041 ,
1756 1037 1761 1042 .
1771 1036 1792 1042 ..
1833 1019 1862 1039 5

1353 1059 1407 1081 LIV
1426 1060 1494 1084 Cum.
1515 1059 1580 1082 sicut
1598 1058 1705 1082 dilectus
1724 1058 1790 1081 iilius
1832 1059 1861 1080 54

1366 1099 1407 1122 LV
1425 1098 1524 1130 Exponi
1542 1098 1615 1122 nobis
1634 1106 1715 1130 nuper
1733 1098 1794 1122 fecit
1832 1099 1862 1121 55

1351 1139 1404 1162 LVI
1422 1139 1459 1162 Ex
1477 1138 1627 1162 commissae
1646 1138 1726 1162 nobis.
1739 1157 1743 1161 .
1755 1157 1758 1161 .
1771 1157 1790 1162 .,
1831 1138 1861 1160 56

1341 1179 1407 1201 LVII
1424 1178 1460 1201 Ex
1478 1177 1592 1201 iniuncto
1609 1178 1682 1201 nobis
1693 1196 1792 1201 .......
1833 1178 1859 1199 51

1330 1219 1408 1241 LVIII
1425 1219 1506 1242 Decet
1523 1218 1664 1241 Romanum
1683 1217 1770 1240 Pontis
1787 1236 1792 1240 .
1848 1219 1862 1240 2

1354 1258 1408 1281 LIX
1427 1259 1488 1281 Cum
1506 1258 1587 1281 felicis
1605 1257 1789 1281 recordationis
1833 1257 1863 1279 58

1365 1298 1408 1320 LX
1427 1297 1564 1321 Pastoralis
1581 1297 1688 1321 Romani
1701 1297 1793 1321 Pontis.
1833 1298 1862 1320 5)

1353 1339 1408 1361 LXI
1426 1339 1461 1362 Ex
1480 1338 1593 1361 iniuncto
1612 1338 1685 1361 nobis
1695 1356 1793 1362 .......
1834 1338 1863 1360 sso

1341 1378 1408 1401 LXII
1426 1379 1546 1401 AEternae
1564 1377 1707 1409 sapientiae
1711 1395 1795 1401 ......
1834 1378 1861 1400 61

1331 1418 1411 1440 LXIII
1428 1417 1550 1441 Caelestis
1567 1416 1763 1448 paterfamilias.
1790 1435 1794 1440 .
1834 1417 1864 1439 62

1332 1457 1411 1480 LXIV
1429 1456 1497 1480 Caeli
1516 1459 1648 1488 terraeque
1666 1456 1795 1480 conditor.
1834 1457 1864 1479 433

1344 1498 1408 1520 LXV
1427 1499 1507 1521 Decet
1524 1498 1665 1520 Romanum
1685 1497 1795 1521 Pontis..
1835 1498 1865 1520 54

1333 1538 1411 1561 LXVI
1428 1537 1606 1569 Redemptoris
1619 1540 1645 1561 et
1660 1537 1762 1560 Domini
1774 1556 1779 1561 .
1791 1555 1795 1560 .
1835 1537 1864 1560 65

1320 1578 1411 1601 LXVII
1428 1577 1605 1609 Redemptoris
1616 1583 1642 1601 et
1659 1577 1759 1601 Domini
1774 1596 1779 1601 .
1790 1596 1795 1601 .
1835 1578 1865 1600 66

1310 1618 1411 1642 LXVIII
1429 1619 1516 1650 Nuper
1532 1620 1683 1641 emanarunt
1700 1617 1731 1641 ad
1743 1636 1764 1642 ..
1774 1636 1779 1642 .
1790 1636 1795 1642 .
1835 1619 1865 1640 67

1332 1659 1411 1682 LXIX
1429 1658 1565 1682 Salvatoris
1582 1658 1685 1682 Domini
1707 1658 1796 1681 nostri.
1835 1658 1865 1681 68

1343 1699 1411 1721 LXX
1428 1698 1607 1730 Redemptoris
1625 1701 1651 1722 et
1667 1698 1794 1721 Domini..
1834 1699 1864 1721 69

1330 1739 1410 1761 LXXI
1428 1738 1586 1762 Sacrosancti
1599 1737 1763 1770 apostolatus.
1774 1757 1779 1761 .
1790 1757 1795 1761 .
1835 1739 1865 1761 70

1319 1779 1410 1801 LXXII
1427 1778 1568 1810 Apostolici
1585 1777 1697 1802 muneris
1712 1796 1795 1802 ......
1835 1779 1864 1801 TI

1304 1818 1407 1841 LXXIII
1423 1819 1463 1842 Ex
1481 1818 1596 1842 iniuncto
1610 1818 1682 1842 nobis
1695 1836 1795 1842 .......
1833 1818 1864 1840 72

1307 1860 1411 1882 LXXIV
1429 1860 1489 1882 Cum
1502 1859 1583 1883 felicis
1596 1859 1779 1883 recordationis
1791 1877 1796 1881 .
1835 1860 1866 1881 73

1318 1899 1410 1922 LXXV
1429 1899 1498 1927 Cum,
1517 1898 1584 1922 sicut
1601 1898 1674 1922 nobis
1691 1906 1797 1930 nuper..
1836 1899 1867 1921 74

1309 1939 1412 1962 LXXVI
1429 1938 1468 1962 Ad
1486 1938 1613 1970 pastorale
1626 1938 1796 1969 fastigium...
1836 1939 1865 1961 75

1297 1979 1412 2002 LXXVII
1429 1979 1571 2002 Romanum
1589 1978 1664 2002 decet
1680 1978 1797 2002 Pontific.
1836 1980 1866 2001 19

1285 2019 1412 2042 LXXVIII
1429 2018 1498 2041 Alias
1516 2018 1564 2049 piis
1582 2018 1715 2049 enixisque
1729 2037 1797 2042 .....
1837 2019 1867 2041 76

1306 2060 1410 2082 LXXIX
1429 2060 1508 2083 Decet
1525 2060 1666 2082 Romanum
1680 2059 1796 2082 Pontific.
1836 2059 1866 2081 77

1317 2099 1411 2122 LXXX
1428 2099 1465 2122 Ex
1484 2098 1597 2122 iniuncto
1607 2099 1680 2122 nobis
1690 2098 1797 2122 caelitus
1836 2099 1865 2121 78

1309 2139 1413 2162 LXXXI
1430 2139 1500 2162 Alias
1517 2142 1668 2162 emanarunt
1685 2147 1698 2162 a
1722 2139 1795 2162 nobis
1836 2140 1866 2161 30

1295 2179 1411 2201 LXXXII
1429 2180 1557 2202 Romanus
1575 2178 1693 2202 Pontifex
1711 2197 1794 2203 ......
1835 2179 1864 2201 81

1282 2220 1411 2242 LXXXIII
1429 2220 1566 2251 Postquam
1585 2218 1723 2242 nonnullae
1836 2219 1866 2241 82

1284 2259 1411 2282 LXXXIV
1428 2258 1572 2282 Constantis
1591 2258 1649 2282 fidei
1667 2261 1692 2281 et
1704 2258 1796 2282 sincer.
1835 2259 1866 2281 823

1297 2299 1412 2322 LXXXV
1430 2299 1529 2330 Exponi
1547 2298 1619 2321 nobis
1638 2306 1719 2329 nuper
1736 2298 1796 2321 sevit
1835 2298 1866 2320 84

1285 2339 1411 2362 LXXXVI
1428 2339 1465 2362 Ex
1482 2339 1596 2362 iniuncto
1613 2338 1686 2362 nobis
1698 2356 1796 2362 .......
1836 2338 1866 2361 85

1274 2380 1412 2402 LXXXVII
1429 2379 1498 2402 Alias
1517 2387 1563 2402 nos
1581 2378 1699 2402 omnibus
1713 2396 1795 2403 ......
1836 2379 1865 2400 86

1260 2419 1412 2442 LXXXVIII
1430 2420 1558 2443 Romanus
1568 2418 1685 2442 Pontifex
1695 2422 1797 2449 gratiar,
1836 2419 1865 2440 87

1284 2459 1410 2481 LXXXIX
1428 2458 1558 2489 Unigeniti
1577 2458 1624 2481 Dei
1642 2457 1698 2481 Filii
1713 2475 1796 2481 ......
1836 2458 1866 2480 88

1369 2499 1411 2521 XC
1429 2498 1582 2522 Commissac
1600 2498 1674 2521 nobis
1683 2516 1797 2522 ........
1837 2498 1867 2519 89

1357 2539 1410 2561 XCI
1428 2538 1464 2561 Ex
1483 2538 1568 2561 debito
1586 2537 1748 2569 pastoralis..
1760 2556 1764 2559 .
1776 2555 1794 2559 ..
1836 2538 1866 2560 90

1346 2579 1412 2601 XCII
1429 2579 1498 2605 Cum,
1519 2578 1585 2602 sicut
1602 2578 1747 2609 accepimus
1760 2596 1764 2600 .
1776 2596 1796 2601 ..
1837 2578 1865 2600 91

1334 2619 1412 2641 XCIII
1429 2619 1465 2641 Ex
1482 2617 1633 2641 commissae
1651 2617 1724 2640 nobis
1729 2635 1796 2640 .....
1837 2618 1867 2639 92

1336 2659 1412 2681 XCIV
1431 2658 1499 2682 Alias
1517 2666 1563 2689 pro
1581 2661 1651 2690 parte
1670 2661 1731 2681 tuuc
1837 2659 1866 2681 93
