2279 3260
171 229 220 256 Au.
237 228 264 255 C.
289 230 357 258 1672

197 923 285 944 Sancite
305 929 353 950 poe-

168 951 231 970 natis.

196 2403 320 2424 Exordium.

991 231 1071 255 CLEM
1078 231 1132 254 ENS
1154 232 1171 255 X
1198 233 1244 255 ΓΡ.

366 283 428 318 tes,
462 278 582 311 mentio
610 288 666 311 seu
691 278 820 321 quaevis
846 278 908 311 alia
932 279 1100 321 expressio

364 331 515 364 habenda
533 336 586 363 aut
601 330 709 374 aliqua
737 330 798 363 alia
816 331 973 374 exquisita
1000 332 1099 364 sorma

364 385 403 417 ad
429 384 491 417 hoc
515 384 669 417 servanda
697 384 799 424 soret,
829 395 942 417 eorum
969 390 1097 417 tenores

364 449 401 470 ac
421 437 446 470 si
467 437 506 470 de
532 437 629 470 verbo
655 437 692 469 ad
718 437 850 470 verbum
870 437 950 470 nihil
970 438 1097 481 penitus

364 489 481 523 omisso
506 493 537 522 et
562 489 662 522 forma
695 489 726 521 in
759 489 821 522 illis
847 490 963 523 tradita
988 491 1099 522 obser-

365 544 435 574 vata
452 541 562 574 inserti
590 541 703 579 forent,
730 542 953 585 praesentibus
972 552 1029 584 pro
1047 552 1099 574 ex-

364 594 485 638 pressis
502 594 669 634 habentes,
685 595 748 628 illis
766 596 843 628 alias
856 595 886 627 in
906 606 964 628 suo
982 596 1098 629 robore

366 648 595 690 permansuris,
610 649 670 681 hac
683 648 749 680 vice
762 649 934 688 dumtaxat,
945 648 1098 681 latissime

365 705 396 732 et
419 700 605 743 plenissime
624 712 659 733 ac
679 701 862 744 specialiter
880 706 911 734 et
936 711 1097 744 expresse,

365 753 478 785 barum
505 753 600 794 serie,
629 758 714 786 motu
743 753 819 796 pari,
844 754 1043 796 derogamus,
1069 758 1099 785 et

365 806 553 848 derogatum
575 817 644 839 esse
665 808 825 847 volumus3
845 806 1014 839 contrariis
1036 806 1099 850 qui-

365 859 576 901 buseumque.

409 911 501 953 §23
529 911 613 945 Nulli
649 923 725 955 ergo
762 912 894 944 omnino
931 912 1099 944 hominum

366 964 460 997 liceat
486 965 568 997 banc
592 965 742 1007 paginam
768 970 898 997 nostrae
924 964 1100 997 absolutio-

366 1017 427 1057 nis,
447 1018 633 1057 erectionis,
653 1017 877 1057 institutionis,
897 1017 1100 1060 aggregatio-

365 1070 425 1109 nis,
442 1070 581 1107 unionis,
598 1070 800 1109 annexionis,
817 1069 1097 1112 incorporationis,

365 1123 612 1165 assignationis,
649 1122 836 1163 divisionis,
864 1121 1099 1165 reparationis,

365 1175 667 1215 dismembrationis,
694 1175 937 1218 segregationis,
965 1175 1100 1218 applica-

365 1229 470 1267 tionis,
489 1229 619 1268 decreti,
645 1228 795 1268 mandati,
817 1228 936 1268 statuti,
954 1229 1100 1260 volunta-
1121 1244 1123 1254 ι

366 1281 404 1314 tis
422 1286 454 1314 et
472 1281 692 1323 derogationis
706 1281 893 1324 infringere,
907 1282 955 1313 vel
975 1281 1002 1313 ei
1021 1292 1099 1312 ausu

365 1334 535 1367 temerario
561 1334 737 1373 contraire,
762 1334 786 1366 si
813 1334 882 1377 quis
907 1339 1013 1366 autem
1039 1334 1101 1365 hoc

365 1391 522 1419 attentare
548 1387 812 1430 praesumpserit,
841 1387 1099 1429 indignationem

365 1440 596 1483 omnipotentis
621 1440 675 1473 Dei
705 1452 739 1473 ac
765 1442 933 1473 beatorum
959 1440 1043 1472 Petri
1070 1445 1100 1472 et

366 1493 454 1525 Pauli
480 1494 702 1536 apostolorum
721 1493 789 1525 eius
807 1504 838 1525 se
857 1492 982 1525 noverit
999 1492 1100 1524 incur-

365 1555 487 1577 surum.

407 1599 521 1631 Datum
546 1596 687 1635 Romae,
715 1599 798 1641 appd
824 1598 854 1631 S.
884 1598 1014 1630 Mariam
1040 1598 1102 1630 Ma-

365 1652 491 1691 iorem,
526 1662 609 1683 anno
646 1651 878 1684 Incarnationis
914 1651 1099 1684 Dominicae

364 1714 537 1745 noetxxn,
564 1715 581 1737 x
607 1704 759 1737 kalendas
787 1704 945 1744 ianuarii,
971 1704 1101 1747 pontifi-

365 1764 453 1791 catus
479 1758 580 1791 nostri
607 1769 691 1791 anno
719 1769 766 1791 111.

399 1821 461 1847 Dat.
483 1820 527 1848 die
547 1821 581 1848 23
600 1820 749 1847 decembris
770 1821 849 1853 1672,
868 1820 964 1856 pontif.
981 1829 1026 1847 an.
1043 1827 1082 1848 111.

667 1970 794 2003 cxxiv.

366 2050 574 2092 Confirmatio
599 2050 716 2082 (lec-reti
746 2050 917 2082 cwneralis
952 2055 979 2082 et
1006 2051 1100 2082 illins

408 2103 633 2146 amplml¹⁰m⁵
648 2113 683 2134 m
700 2104 841 2144 smmem
859 2103 1099 2145 mqmlmmum
1122 2120 1124 2156 ἶ
1145 2131 1400 2175 inquillinorum,
1420 2141 1456 2163 ac
1481 2130 1622 2171 malitiis,
1645 2132 1825 2172 calumniis,
1845 2133 1880 2164 li-

407 2160 549 2199 respeclu
574 2156 656 2187 [cnm
679 2155 793 2187 sancei.

365 2235 500 2263 Palatius
519 2235 603 2262 tituli
626 2236 668 2262 Ss.
687 2235 737 2262 XII
758 2236 962 2268 Apostolorum
978 2237 1100 2269 presby-

399 2283 446 2307 ter
464 2279 627 2307 cardinalis
648 2281 682 2307 de
702 2280 834 2313 Alteriis,
856 2280 884 2306 S.
906 2281 938 2307 R.
955 2280 985 2306 E.
1003 2287 1100 2307 came-

399 2331 509 2351 rarius.

409 2395 465 2438 gl.
479 2395 524 2427 Ad
540 2394 681 2427 favorem
695 2394 930 2438 inquilinorum
946 2400 977 2428 et
990 2395 1101 2427 subin-

366 2447 562 2491 quilinorum
584 2447 679 2480 huius
705 2448 807 2481 almae
832 2447 925 2480 Urbis
950 2454 1100 2491 respectu

366 2501 442 2534 anni
466 2501 576 2541 sancti,
596 2511 653 2533 seu
673 2500 814 2541 iubilaei,
831 2502 1099 2545 quandocumque

1777 227 1840 259 383
1885 234 1979 262 Aac.
2003 235 2069 262 ¹673

1143 285 1267 312 cretum
1299 282 1479 320 camerato,
1507 286 1538 314 et
1570 283 1707 316 subinde
1742 284 1780 317 dc
1806 285 1874 327 pari

1142 334 1292 366 mandato
1318 333 1413 366 etiam
1433 334 1533 367 felicis
1550 336 1784 369 recordationis
1800 337 1876 369 Gro-

1143 386 1223 428 gorii
1250 386 1352 430 Papae
1379 387 1443 419 XIII
1469 388 1588 420 decreti
1616 389 1816 422 confirmatio
1845 396 1876 422 ct

1142 438 1305 481 ampliatio
1327 444 1526 480 emanarunt,
1546 440 1732 473 huiusmodi
1752 442 1811 473 sub
1830 448 1875 474 te-

1131 501 1230 537 lnore,
1256 491 1420 524 videlieet:

1190 556 1201 573 α
1231 544 1374 587 Aloysius
1401 545 1481 578 tituli
1516 545 1546 578 S.
1582 546 1676 578 Marci
1710 547 1876 589 presbyter
1914 557 2068 578 »aramma-

1141 595 1310 628 cardinalis
1325 596 1504 638 Cornelius,
1517 598 1547 631 S.
1565 598 1601 630 R.
1618 598 1652 630 E.
1668 599 1872 631 camerarius.
1887 585 2070 635 iiftsssl'b'i'ss'x'i'iflm

1185 648 1366 681 Invenimus
1393 650 1471 683 alias
1497 651 1662 683 decretum
1687 651 1719 683 in
1745 651 1875 684 (lamera

1142 700 1327 742 Apostolica
1347 702 1378 734 in
1401 703 1539 735 savorem
1574 703 1806 746 inquilinorum
1833 704 1876 736 sa-

1142 758 1227 785 ctum
1243 754 1364 786 tenoris
1382 755 1557 797 sequentis,
1575 756 1742 788 videlieet:

1191 818 1203 835 <t
1218 805 1321 839 Guido
1340 808 1494 839 Ascanius
1512 808 1629 841 Ssortia
1653 808 1684 841 S.
1712 809 1874 841 Eustachii
1914 819 2070 841 Daremma.

1143 857 1294 891 diaconus
1311 860 1482 892 cardinalis
1500 862 1537 893 do
1557 861 1587 893 S.
1607 862 1712 902 Flora,
1731 862 1762 894 S.
1784 862 1820 894 R.
1839 862 1874 894 E.
1887 848 2072 893 ’ἒὲὖῗῘἼῖῗΪΜω

1143 913 1350 944 camerarius.
1367 912 1474 955 Nuper
1490 913 1583 946 nobis
1599 914 1631 946 in
1645 914 1777 947 Cainera
1792 915 1877 957 Apo-

1143 964 1268 1003 stolioei,
1292 975 1356 997 non
1382 965 1450 997 sine
1469 966 1565 998 animi
1584 967 1686 999 nostri
1707 967 1878 1010 displicen-

1145 1016 1196 1055 tia,
1213 1027 1270 1059 pro
1286 1022 1375 1060 parte
1395 1018 1628 1060 inquilinorum
1655 1024 1686 1052 et
1711 1020 1878 1063 subinqui-

1144 1068 1281 1101 linorum
1311 1070 1405 1102 Urbis
1430 1072 1669 1113 querelantium
1695 1073 1877 1116 expositum

1145 1121 1213 1161 suit,
1240 1123 1326 1165 quod
1346 1123 1406 1166 ipsi
1426 1134 1442 1155 a
1460 1124 1600 1156 dominis
1620 1125 1801 1165 domorum,
1820 1136 1878 1168 per

1143 1185 1197 1207 eos
1216 1176 1254 1207 ad
1273 1176 1463 1218 pensionem
1477 1188 1618 1210 annuam
1633 1179 1876 1218 conductarum,

1144 1233 1290 1271 respectu
1315 1229 1388 1260 anni
1416 1229 1516 1261 sancti
1543 1230 1608 1262 sive
1635 1230 1788 1270 iubilaei,
1815 1235 1879 1263 tam

1143 1282 1201 1313 >ub
1227 1287 1400 1323 augmento
1419 1282 1585 1325 pensionis
1603 1281 1693 1315 fictos
1716 1284 1878 1316 oblatores

1145 1334 1300 1366 maiorem
1318 1334 1511 1377 pensionem
1530 1334 1705 1368 offerentes
1722 1335 1878 1368 inducen-

1145 1387 1239 1428 tibus,
1259 1398 1353 1430 quam
1371 1387 1468 1420 etiarn
1488 1399 1589 1431 super
1609 1399 1722 1421 eorum
1749 1399 1880 1421 evacua-

1145 1440 1243 1480 tione,
1263 1441 1356 1473 etiam
1372 1441 1532 1474 locatione
1548 1441 1693 1482 durante,
1708 1442 1880 1475 asserenti-

1144 1493 1202 1525 bus
1221 1494 1334 1525 domos
1352 1494 1532 1536 praedictas
1546 1504 1604 1536 pro
1620 1504 1734 1526 eorum
1751 1505 1808 1526 usu
1828 1495 1879 1526 ha<

1144 1546 1219 1579 bere
1230 1547 1323 1584 velle,
1336 1547 1479 1589 quotidit¹
1494 1548 1719 1587 molestantur,
1731 1553 1761 1580 et
1775 1558 1811 1580 ex
1823 1549 1880 1580 do-

1144 1599 1246 1631 mibus
1266 1610 1322 1642 per
1343 1610 1396 1632 eos
1415 1600 1583 1632 conductis
1604 1605 1717 1633 contra
1742 1601 1878 1633 sormam

1144 1651 1223 1683 iuris
1248 1653 1471 1694 cxpellnntm·;
1495 1652 1708 1685 nihilominus
1739 1653 1879 1696 expulsis

1144 1704 1311 1748 inquilinis
1325 1716 1383 1737 seu
1402 1705 1642 1749 subinquilinis,
1660 1706 1774 1738 domos
1793 1716 1881 1748 prae-

1145 1757 1244 1790 dictas
1264 1769 1322 1800 pro
1349 1758 1461 1791 maiori
1481 1759 1595 1802 pretio,
1618 1759 1650 1791 in
1676 1769 1768 1801 grave
1795 1759 1880 1792 dam-

1144 1822 1220 1843 num
1237 1811 1471 1854 inquilinorum
1486 1812 1550 1844 sive
1567 1812 1877 1855 subinquilinorum‚

1144 1869 1257 1896 contra
1289 1864 1422 1897 sormam
1460 1865 1583 1898 decreti
1608 1865 1776 1897 cameralis
1789 1891 1796 1905 ,
1827 1875 1880 1898 eo-

1145 1928 1213 1949 rum
1237 1917 1479 1960 promissionis,
1507 1918 1715 1960 obligationis
1741 1923 1773 1950 et
1797 1917 1880 1951 iura-

1143 1971 1252 2011 menti,
1279 1971 1368 2003 alteri
1395 1972 1514 2003 locant.
1533 1971 1605 2011 Nos,
1627 1976 1662 2003 ut
1680 1978 1825 2004 tenemur
1843 1982 1879 2004 ex

1144 2025 1254 2057 debito
1281 2024 1380 2056 nostri
1406 2024 1633 2057 camerariatus
1668 2024 1765 2057 officii
1795 2030 1881 2057 tran-

1144 2077 1291 2120 quillitati
1318 2077 1486 2109 curialium
1512 2077 1746 2120 inquilinorum
1764 2083 1795 2110 et
1812 2078 1880 2110 snb-

1145 2185 1227 2217 tibus
1254 2190 1284 2216 et
1308 2183 1548 2223 controversiis,
1567 2195 1647 2227 quae
1668 2184 1752 2217 inter
1777 2185 1880 2217 domi-

1144 2247 1203 2269 nos
1229 2238 1398 2269 domorum
1423 2247 1459 2269 ex
1484 2238 1548 2268 una
1584 2248 1619 2269 ac
1644 2237 1821 2280 inquilinos
1848 2243 1880 2270 ct

1145 2289 1381 2332 subinqnilinos
1395 2289 1541 2332 partibus
1562 2299 1598 2321 ex
1616 2290 1715 2322 altera
1733 2290 1878 2333 quotidie

1121 2350 1123 2383 j
1145 2342 1259 2374 exinde
1274 2341 1433 2382 oriuntur,
1450 2347 1604 2385 quantum
1623 2353 1794 2385 possumus
1811 2353 1879 2385 pro-

1144 2395 1255 2428 videre
1281 2394 1456 2438 cupientes,
1484 2405 1524 2427 ne
1551 2395 1716 2428 decretum
1731 2395 1807 2427 alias
1823 2406 1880 2438 per

1144 2453 1366 2480 antecessores
1392 2454 1521 2480 nostros
1550 2453 1581 2480 et
1604 2448 1769 2481 Cameram
1795 2451 1879 2491 Apo-

1145 2500 1289 2533 stolicam
1305 2501 1337 2532 in
1351 2501 1492 2533 favorem
1510 2500 1743 2543 inquilinorum
1761 2501 1878 2533 factum

367 2553 548 2586 huiusmodi
583 2563 685 2586 annus
710 2554 860 2593 venisset,
887 2554 926 2586 de
950 2555 1100 2588 mandato
1144 2555 1175 2587 in
1195 2555 1348 2587 damnum
1367 2560 1398 2587 et
1415 2554 1651 2597 praeiudicium
1671 2554 1814 2596 ipsorum
1834 2564 1880 2586 re-

366 2606 469 2641 felicis
493 2605 728 2638 recordationis
754 2605 845 2638 Pauli
870 2606 974 2650 Papae
996 2606 1033 2638 III
1052 2607 1101 2640 de·
1120 2633 1123 2653 Ι
1145 2612 1355 2650 torqueatur:
1382 2607 1509 2647 idcirco,
1530 2609 1567 2640 de
1586 2607 1737 2639 mandato
1751 2607 1879 2639 sanctis-
