2279 3260
220 238 305 264 Aac
342 239 406 265 τοῖν]
453 231 517 264 att

247 565 367 586 Exordium.

414 1767 523 1809 gratiis
547 1772 578 1799 et
603 1766 782 1810 privilegiis
802 1766 904 1798 dictae
929 1765 1147 1798 reformationi

390 1812 453 1852 ¹⁴ab
480 1820 664 1862 Apostolica
689 1820 770 1852 Sede
803 1819 963 1852 concessis
989 1824 1021 1851 et
1045 1819 1077 1851 in
1102 1819 1150 1850 fu-

247 987 329 1006 renuo.

248 2148 275 2166 Cn
384 2150 402 2167 el

221 2175 277 2193 Ιιι-ΙιιΙ
354 2177 360 2193 t
385 2180 403 2193 tn

221 2202 304 2219 rubri-1

458 293 560 321 torum
578 290 758 334 Hispaniae
773 291 905 323 Ordinis
926 291 1089 323 ‚llinorum
1113 291 1150 321 (Ie
1170 288 1171 292 ’

457 341 666 376 observantia
687 348 950 387 nuncupatorum
977 343 1149 375 decernun-

459 399 522 428 tur.

634 449 766 476 Clemens
789 449 867 482 Papa
886 449 943 483 X,>

557 494 592 521 ad
612 495 744 521 futuram
764 494 806 520 rei
827 492 1006 519 memoriam.

459 556 633 588 rasim-alis
658 555 773 594 officii,
800 554 885 597 qnod
920 558 1051 586 auctore
1082 553 1148 586 Deo

415 609 562 649 gerimus,
579 607 763 640 sollicitudo
781 618 837 638 nos
853 607 1014 643 admonet,
1033 611 1075 645 ut,
1094 616 1149 647 pa-

415 667 536 694 ternam
570 660 847 697 christifidelium,
874 659 927 702 qni
958 669 975 691 e
1000 658 1148 690 fluctibus

415 715 534 747 saeculi
573 714 603 746 in
641 714 785 746 arctioris
821 711 987 754 religionis
1020 717 1148 754 portum

415 768 645 808 confugerunt,
674 776 781 798 curam
817 770 980 807 gerentes,
1018 764 1148 797 illorum

415 819 508 851 statui
525 824 556 851 ct
571 818 655 850 felici
674 817 871 861 progressui,
887 822 1041 860 quantum
1056 816 1148 848 nobis

414 883 449 903 ex
480 873 544 904 alto
575 871 785 910 conceditur,
816 870 987 913 providere
1018 870 1149 902 studea-

414 935 493 956 lllllss.

458 978 472 1019 ξ
501 976 532 1008 ’1.
567 976 690 1019 Exponi
725 976 884 1019 siquidem
916 975 1010 1008 nobis
1042 985 1149 1018 nuper

415 1030 555 1061 fecerunt
575 1029 683 1062 dilecti
710 1029 764 1061 tilii
784 1034 893 1061 custos
919 1034 950 1061 et
968 1028 1083 1060 fratres
1101 1038 1150 1060 cu-

413 1082 537 1113 stodiae
563 1081 594 1114 S.
622 1081 707 1114 Petri
733 1082 771 1114 de
799 1082 964 1113 Alcantara
989 1081 1021 1112 in
1046 1090 1148 1122 regno

412 1133 621 1176 Neapolitano
643 1134 774 1165 fratrum
799 1134 1069 1165 Discalceatorum
1098 1132 1150 1164 lli-

412 1187 542 1228 spaniae
554 1186 680 1218 Ordinis
695 1186 852 1219 Minorurn
870 1186 970 1218 sancti
988 1184 1148 1217 Francisci

413 1240 451 1271 dc
466 1239 950 1282 Observantianuncupatorum,
967 1238 1062 1281 quod,
1079 1248 1149 1269 cum

413 1292 523 1323 eadem
554 1291 697 1324 custodia
733 1301 790 1334 per
825 1296 931 1323 ternas
956 1290 1150 1332 apostolicas

414 1343 445 1376 in
471 1344 567 1377 simili
594 1345 695 1376 fornia
714 1344 821 1376 Brevis
843 1343 967 1376 litteras
984 1341 1100 1375 erecta*
1120 1348 1151 1374 et

412 1397 552 1429 stabilita
583 1397 787 1439 reperiatur,
825 1396 960 1439 ipsaque
994 1394 1147 1435 custodia,

414 1456 574 1493 tamquam
608 1460 642 1482 ex
669 1449 899 1482 reformatione
926 1449 1058 1480 fratrum
1083 1448 1150 1480 Dis-

412 1505 629 1536 calceatorum
661 1501 856 1545 Hispaniae,
882 1501 992 1543 vigore
1019 1511 1150 1533 conces-

413 1555 513 1588 sionis
538 1561 569 1587 et
595 1554 811 1587 ordinationis
837 1553 1045 1597 apostolicae,
1063 1553 1150 1585 iuxta

414 1608 684 1646 constitutiones,
717 1612 835 1639 statuta
871 1612 903 1639 et
936 1606 1149 1649 particulares

413 1661 631 1693 caeremonias
667 1665 697 1693 et
722 1671 796 1692 usus
821 1659 966 1692 eiusdem
992 1659 1148 1692 reforma-

414 1714 510 1747 tionis
545 1714 718 1756 gubernari
756 1714 891 1753 debeat,
930 1724 966 1745 ac
1001 1712 1170 1747 omnibus}

416 1878 519 1904 turum
543 1872 757 1905 concedendis
783 1872 938 1914 gaudeat,
964 1871 1024 1915 ipsi
1050 1874 1170 1915 expo-¹

415 1931 529 1958 nentes
553 1927 722 1964 nonnulla,
749 1936 829 1968 quae
853 1935 913 1968 pro
939 1924 1027 1957 totali
1053 1925 1149 1957 stabi—

416 1978 547 2011 limento
565 1989 602 2010 ac
619 1978 864 2011 conservatione
882 1983 912 2011 et
926 1983 1014 2011 recto
1032 1978 1149 2020 guber-

416 2031 469 2064 nio
494 2031 678 2064 necessaria
702 2042 771 2064 esse
804 2031 867 2063 visa
892 2037 986 2072 sunt,
1012 2042 1030 2063 a
1054 2031 1148 2064 nobis

415 2084 508 2117 statui
530 2090 560 2116 et
581 2084 723 2117 ordinari
744 2084 918 2127 plurimum
944 2084 1144 2117 desiderent.

438 2138 452 2179 g
468 2137 497 2169 Ξ.
513 2136 576 2169 Nos
590 2136 694 2179 igitur,
706 2137 806 2169 dictos
820 2142 1015 2179 exponentes
1030 2137 1149 2180 specia-

416 2189 499 2221 libus
516 2189 675 2221 favoribus
697 2194 727 2221 et
744 2189 852 2231 gratiis
871 2189 1025 2231 prosequi
1039 2190 1149 2222 volen-

417 2249 474 2283 tes,
492 2248 523 2275 et
540 2253 651 2275 eorum
667 2242 848 2284 singulares
865 2252 1022 2285 personas
1044 2254 1062 2275 a
1082 2243 1150 2286 qui-

415 2297 521 2328 busvis
548 2295 898 2336 excommunicationis,
925 2297 1147 2338 suspensionis

415 2354 446 2381 et
470 2348 646 2388 interdicti,
667 2348 804 2391 aliisque
827 2349 1049 2381 ecclesiasticis
1074 2354 1151 2383 sen-‘

414 2401 535 2436 tentiis,
563 2401 707 2433 censuris
732 2406 764 2433 et
783 2401 908 2444 poenis,
923 2412 939 2433 a
956 2401 1024 2434 iure
1042 2403 1091 2434 vel
1109 2403 1148 2435 ab

414 2454 559 2493 lwniine,
578 2453 689 2496 quavis
704 2454 873 2486 occasione
890 2455 937 2487 vel
952 2457 1048 2487 causa
1065 2456 1148 2495 tatis,

414 2507 438 2539 si
465 2507 582 2550 quibus
613 2506 858 2549 quomodolibet
887 2507 1059 2540 innodatae
1085 2508 1150 2540 exi-

415 2565 511 2597 stunt,
529 2560 566 2592 ad
585 2559 732 2592 effectum
753 2560 972 2603 praesentium
990 2561 1152 2594 dumtaxat

453 2625 462 2652 1
487 2623 557 2650 Edit.
572 2622 649 2649 Main.
667 2623 731 2659 tegit
745 2624 833 2650 electa
849 2627 886 2657 (R.
902 2626 952 2658 T.).

996 244 1048 267 nrt
1060 244 1074 266 ῐ,
1084 243 1176 266 tntt'it
1199 242 1350 267 nouwtut

1191 291 1465 334 consequendum,
1481 291 1593 325 barum
1620 292 1700 325 serie
1725 291 1929 325 absolventes

1192 347 1223 375 et
1247 343 1411 376 absolutas
1436 344 1505 377 fore
1529 344 1929 388 censentes,supplicatio-

1192 395 1286 427 nibus
1316 405 1426 427 eorum
1456 396 1585 429 nomine
1617 397 1712 429 nobis
1744 407 1841 439 super
1867 397 1928 429 hoc

1192 447 1357 480 humiliter
1381 448 1538 490 porrectis
1558 448 1703 481 inclinati
1730 449 1851 492 (audita
1875 460 1928 482 ve-

1191 500 1347 533 nerabilis
1366 501 1470 534 fratris
1487 502 1587 534 nostri
1602 502 1761 534 Francisci
1780 502 1927 546 episcopi

1190 552 1348 585 Ostiensis
1373 552 1403 585 S.
1431 553 1468 585 R.
1495 553 1529 585 E.
1558 554 1730 587 cardinalis
1761 554 1927 587 Barberini

1169 607 1170 619 ¹
1192 605 1375 647 nuncupati,
1392 605 1466 637 dicti
1492 605 1620 637 Ordinis
1646 607 1729 649 apud
1757 617 1816 640 nos
1830 612 1861 639 et
1878 607 1928 639 Sc-

1192 658 1264 690 dem
1289 658 1507 700 Apostolicam
1529 659 1738 700 protectoris,
1758 670 1795 692 ac
1819 660 1927 693 dilecti

1192 710 1247 742 filii
1282 710 1444 742 Francisci
1477 709 1592 743 Mariae
1626 711 1722 743 Rhini
1748 712 1786 744 de
1812 712 1928 744 Politio

1191 763 1331 795 ministri
1358 763 1518 805 generalis
1543 763 1687 796 eiusdem
1712 763 1848 803 Ordinis,
1876 765 1928 807 qui

1191 826 1303 858 preces
1339 816 1500 848 dictorum
1533 815 1788 859 exponentium,
1815 821 1929 860 utpote

1191 868 1317 900 veritati
1343 878 1379 900 ac
1404 868 1521 901 rationi
1540 868 1678 909 innixas,
1705 874 1736 901 et
1760 869 1791 901 in
1813 869 1929 912 quibus

1192 923 1315 954 nullum
1335 922 1413 954 latet
1430 921 1676 962 inconveniens,
1693 922 1757 954 imo
1776 933 1835 965 per
1849 934 1929 966 quas

1192 974 1357 1007 exauditas
1373 975 1548 1007 multorum
1566 974 1867 1008 inconvenientium
1878 986 1930 1008 oc-

1191 1021 1278 1060 casio
1294 1032 1420 1059 mature
1439 1027 1654 1070 praecidetur,
1670 1029 1815 1061 exaudiri
1833 1039 1930 1072 posse

1192 1080 1424 1120 existimarunt,
1441 1080 1624 1123 relatione),
1635 1086 1670 1113 ut
1683 1082 1826 1114 custodia
1841 1092 1931 1125 prae-

1193 1134 1254 1166 fata
1267 1134 1405 1166 familiae
1425 1135 1686 1167 ultramontanae
1705 1135 1778 1167 dicti
1801 1135 1929 1167 Ordinis

1192 1186 1281 1218 unita
1294 1191 1324 1218 et
1341 1191 1512 1229 aggregata
1535 1192 1712 1227 remaneat,
1737 1192 1770 1220 et
1792 1198 1846 1220 eas
1868 1193 1931 1220 tan-

1193 1245 1257 1271 tuin
1276 1239 1525 1272 constitutiones
1544 1241 1741 1282 apostolicas
1756 1246 1787 1272 et
1802 1241 1931 1272 decreta

1192 1292 1485 1334 congregationum
1508 1292 1539 1324 S.
1560 1292 1596 1324 R.
1620 1292 1654 1324 E.
1682 1293 1844 1335 praefatae
1866 1303 1932 1325 car-

1193 1345 1360 1384 dinalium,
1389 1355 1467 1388 quas
1493 1351 1525 1378 et
1549 1356 1630 1388 quae
1655 1345 1842 1388 provinciae
1869 1346 1931 1378 fra-

1193 1404 1275 1430 trum
1299 1398 1572 1431 Discalceatorum
1597 1398 1769 1441 Hispaniae
1801 1398 1930 1432 Ordinis

1193 1450 1349 1493 praedicti
1381 1451 1557 1484 observare
1587 1456 1739 1484 tenentur
1763 1457 1795 1484 et
1819 1452 1931 1485 ohser-

1170 1515 1172 1535 ι
1193 1508 1268 1535 vant
1285 1503 1363 1546 (non
1385 1503 1455 1536 illas
1482 1509 1513 1536 et
1536 1504 1604 1544 illa,
1624 1515 1703 1547 quae
1728 1515 1788 1547 pro
1811 1504 1931 1537 familia

1193 1557 1395 1588 cismontana
1413 1556 1521 1589 Italiae
1538 1557 1682 1589 eiusdem
1701 1556 1828 1589 Ordinis
1843 1558 1931 1590 dum-

1169 1643 1171 1650 ,
1193 1615 1278 1642 taxat
1302 1615 1516 1647 emanarunt,
1543 1610 1661 1653 quippe
1694 1610 1847 1653 peculiari
1877 1621 1931 1643 eo-

1192 1663 1336 1695 rumdem
1363 1662 1495 1695 fratrum
1520 1662 1789 1695 Discalceatorum
1804 1663 1929 1696 vivendi

1192 1715 1287 1747 modo
1314 1719 1346 1747 et
1370 1715 1669 1754 constitutionitr·us‚
1689 1716 1803 1758 quibus
1828 1726 1866 1748 ex
1885 1716 1930 1748 di-

1193 1772 1261 1799 ctae
1299 1767 1389 1799 Sedis
1430 1767 1637 1800 ordinatione
1678 1768 1927 1809 gubernantur,

1192 1830 1319 1852 necnon
1352 1820 1531 1863 privilegiis
1565 1820 1669 1853 dictae
1705 1821 1928 1853 reformationi

1192 1884 1249 1916 per
1278 1873 1393 1906 Sedem
1426 1873 1571 1906 eamdem
1605 1873 1786 1913 concessis,
1812 1873 1929 1916 quibus

1192 1927 1275 1959 dicta
1292 1927 1439 1960 custodia
1458 1926 1580 1965 fruitur,
1598 1927 1775 1959 contrarias
1800 1932 1832 1959 et
1852 1938 1928 1959 con-

1192 1979 1295 2019 traria,
1322 1979 1360 2011 ad
1386 1989 1521 2022 quarum
1540 1984 1569 2011 et
1596 1989 1735 2021 quorum
1755 1979 1929 2011 observan-

1192 2033 1266 2064 tiam
1293 2032 1453 2074 praefatae
1484 2031 1666 2074 provinciae
1698 2031 1832 2064 fratrum
1863 2032 1930 2064 Dis-

1192 2086 1409 2118 calccatorum
1436 2094 1502 2116 non
1527 2089 1689 2124 tenentur,
1712 2094 1774 2116 nec
1798 2084 1871 2116 illas
1896 2090 1928 2117 et

1191 2138 1246 2171 illa
1270 2138 1407 2180 proinde
1446 2137 1646 2179 observant),
1673 2142 1704 2169 et
1734 2137 1926 2180 praesertim

1192 2192 1275 2224 circa
1291 2190 1511 2233 receptionem
1525 2190 1731 2230 novitiorum,
1746 2191 1926 2233 pariformi-

1192 2249 1241 2277 ter
1265 2244 1435 2276 observare
1462 2247 1624 2282 teneatuu,

1235 2297 1250 2339 ξ
1266 2296 1298 2329 3.
1318 2296 1356 2328 Et
1372 2301 1611 2339 consequenter
1631 2296 1777 2329 custodia
1797 2296 1868 2340 ipsa
1886 2297 1925 2330 de

1937 244 1984 270 Αη.
2003 244 2032 270 C.
2056 244 2121 270 ¹672

1969 1094 2078 1113 Praedicta
2090 1100 2125 1113 ru-

1941 1120 2022 1139 stoacio
2032 1120 2124 1139 familiam

1950 1146 2118 1166 ultramontani-«u

1942 1176 1999 1192 uuita
2015 1175 2105 1192 maneat.

1953 2304 2040 2334 ‘Eadem
2051 2308 2120 2325 cuztn-

1937 2330 1971 2350 dia
1986 2337 2027 2351 non
2049 2332 2119 2352 subia-

1192 2354 1300 2383 cetero
1317 2359 1381 2381 non
1399 2348 1564 2381 subiaceat
1584 2349 1806 2382 commissario
1828 2361 1927 2392 gene·
1937 2360 1984 2377 ceat
1998 2364 2120 2377 comum-w-

1937 2385 1967 2403 rin
1978 2385 2070 2407 generat·
2080 2385 2118 2405 lta·

1190 2403 1249 2436 rali
1273 2402 1392 2438 Italiae,
1408 2401 1484 2435 licet
1500 2402 1544 2434 ita
1568 2402 1600 2434 in
1626 2402 1741 2435 litteris
1767 2403 1835 2435 eius
1855 2411 1985 2436 ere-¹¹³⁸-

1192 2455 1308 2489 ctionis
1326 2454 1509 2487 ordinatum
1531 2455 1640 2495 suerit3
1659 2455 1715 2488 sed
1734 2455 1821 2488 illins
1843 2456 1923 2496 vice,

1193 2509 1321 2552 quando
1344 2508 1492 2540 minister
1509 2509 1670 2550 generalis
1688 2508 1817 2541 Ordinis
1835 2519 1928 2552 prae-

1194 2561 1247 2594 fati
1266 2571 1301 2594 ex
1329 2560 1448 2593 familia
1462 2562 1703 2595 ultramontana
1720 2563 1840 2595 electus
1861 2562 1927 2595 fuc-

1194 2615 1243 2656 rit,
1263 2614 1377 2647 eadem
1394 2614 1543 2647 custodia
1562 2614 1765 2658 procuratori
1782 2615 1927 2658 generali
