2279 3260
485 229 548 262 5378

446 285 491 318 illi
518 286 622 319 eidem
641 286 819 327 Dominico‚
838 288 886 321 vcl
908 287 1095 329 cuicumque
1114 296 1179 319 suc-

446 339 578 378 cessori,
606 339 688 372 intra
715 345 840 383 tenipus
858 341 994 373 duorum
1020 337 1179 371 mensium

445 404 461 424 a
488 392 538 424 die
565 403 625 435 qua
659 393 842 425 Dominicus
876 398 907 425 ct
931 393 1017 425 illius
1053 391 1085 423 in
1119 401 1179 423 suo

253 237 288 263 A„
322 236 348 262 c.
375 236 440 263 1072

445 444 550 476 officio
576 455 781 477 successores
800 444 1047 487 requisivissent
1068 447 1104 474 ut
1119 442 1180 475 sibi
1201 450 1203 459 ‘

445 496 497 529 illa
524 497 795 539 consignarentur
820 496 1093 535 inchoandorum,
1119 499 1181 527 tra-

447 549 533 588 dcrc,
552 554 684 581 vacante
703 560 778 581 vcro
797 549 896 591 ipsius
918 547 1075 580 Dominici
1093 553 1182 580 nota-

448 602 544 634 riatus
569 602 673 634 oss‘icio
700 612 757 644 per
778 601 919 633 ciusdem
940 599 1097 632 Dominici
1116 610 1183 633 ces-

447 666 515 687 sum
539 655 588 687 vel
615 655 788 693 decessum,
815 653 1029 696 privationem
1045 680 1052 693 ,
1072 652 1183 686 dimis-

448 707 572 739 sionem
592 708 640 739 vel
656 707 873 746 amissionem,
893 711 969 739 tunc
985 711 1016 739 et
1033 706 1100 738 eius
1117 717 1182 739 suc-

447 770 558 793 cessor
582 771 614 792 se
641 759 799 802 obligare,
822 765 854 792 et
871 765 981 803 partes
1003 759 1182 792 officiorum

446 813 582 845 militum
600 813 727 855 piorum
745 813 939 852 huiusmodi,
956 818 1050 855 prout
1065 812 1182 855 reliqui

448 870 520 897 tunc
537 865 710 897 existentes
723 865 842 898 notarii
858 865 1014 906 fecerunt,
1024 865 1182 908 recipere,

447 923 645 950 tenerentur.

491 970 552 1013 {a
577 970 614 1002 Et
639 970 785 1010 subinde,
812 981 882 1003 cum
909 971 981 1013 piae
1007 970 1182 1009 memoriae

447 1023 621 1066 Gregorius
648 1024 731 1066 Papa
750 1024 808 1064 XV,
828 1023 924 1057 etiam
949 1025 1184 1067 praedecessor

447 1083 564 1115 noster,
593 1077 742 1109 similiter
766 1078 951 1120 accepisset,
970 1078 1055 1120 quod
1078 1078 1183 1111 dictus

446 1130 631 1163 Dominicus
655 1131 757 1173 gratia
781 1135 814 1162 ut
839 1131 1023 1173 praefertur
1048 1131 1075 1164 ei
1103 1131 1181 1163 sacta

446 1184 490 1216 uti
517 1184 603 1216 nolle
630 1183 860 1222 declaraverat,
890 1183 988 1217 immo
1014 1184 1107 1217 etiam
1135 1184 1181 1217 illi

445 1242 587 1269 cesserat
601 1241 632 1269 et
651 1237 910 1277 renunciaverat,
924 1248 960 1269 ac
975 1248 1032 1280 pro
1050 1248 1083 1269 se
1102 1238 1182 1270 suis-

445 1301 506 1333 que
525 1289 555 1322 in
578 1289 663 1322 dicto
689 1289 866 1322 notariatus
892 1290 996 1322 officio
1017 1301 1182 1323 successo-

445 1343 533 1375 ribus
559 1342 710 1386 praefatis
744 1343 846 1375 officia
880 1343 1019 1375 militum
1054 1343 1180 1386 piorum

444 1396 546 1439 ipsum
573 1395 736 1437 tangentia
763 1401 931 1438 acceptare
958 1402 1178 1436 recusaverat,

445 1448 492 1481 et¹
512 1454 546 1480 ut
564 1449 617 1481 illa
638 1448 723 1480 inter
740 1448 882 1491 reliquos
897 1448 1040 1481 notarios
1058 1449 1181 1492 praesa-

447 1507 494 1534 tos
515 1502 620 1533 denuo
634 1501 738 1534 libere
754 1501 903 1544 repartiri
921 1507 1055 1544 possent
1072 1511 1180 1534 coram

446 1556 572 1588 notario
598 1561 626 1587 et
656 1555 790 1587 testibus
816 1559 1041 1587 consenserat:

489 1609 503 1651 ξ
524 1608 571 1640 io.
589 1607 660 1651 Ipse
673 1607 847 1650 Gregorius
862 1608 1103 1650 praedecessor,
1118 1619 1182 1640 ces·

355 1650 408 1663 'W'
429 1654 570 1694 ssionem
589 1667 619 1693 et
638 1660 916 1693 renunciationem
930 1660 1117 1693 huiusmodi
1133 1661 1182 1693 ad-

402 1703 428 1741 ἽῘ
446 1714 620 1753 mittendo,
643 1724 770 1746 necnon
798 1725 1032 1756 quamcumspic
1058 1714 1182 1756 obliga-

252 1755 580 1812 1³⁴3nssgssztr'hssassliioiimn,
606 1776 664 1808 per
688 1765 768 1799 alios
795 1766 940 1799 notarios
966 1766 1127 1809 praefatos
1142 1767 1181 1799 de

252 1801 556 1862 iiii-i'ssigdffirsiiiofficiis
582 1818 719 1850 militum
752 1819 881 1862 piorum
914 1819 1097 1852 huiusmodi
1122 1819 1182 1851 Do-

252 1860 321 1880 p‘ffl'
446 1871 599 1903 minicuin
631 1882 665 1903 ac
695 1882 897 1904 successores
923 1882 997 1904 suos
1021 1873 1182 1915 praefatos

446 1924 651 1966 tangentibus
676 1924 736 1967 ipsi
768 1926 819 1957 vel
845 1925 1093 1958 successorilnls
1117 1926 1182 1958 suis

445 1977 598 2021 praetatis
632 1978 743 2009 factam
776 1988 831 2010 seu
863 1978 1041 2011 faciendam
1071 1978 1116 2010 uti
1142 1978 1181 2010 ab

447 2030 510 2063 illis
536 2030 679 2072 requisiti
703 2030 848 2069 fuissent,
868 2032 1024 2063 cassando
1043 2036 1074 2064 et
1090 2032 1182 2074 peni-

450 2088 498 2115 tus
515 2083 688 2122 abolendo,
710 2088 796 2115 niotu
815 2094 871 2115 suo
889 2084 1034 2127 proprio,
1049 2084 1180 2127 reliquis

449 2136 592 2168 eiusdem
617 2136 746 2178 collegii
773 2136 915 2176 notariis,
934 2142 962 2169 et
981 2143 1014 2169 nt
1038 2139 1181 2181 praefata

450 2189 552 2222 officia
567 2189 825 2232 (circumscripta
840 2190 1037 2232 obligatione
1052 2201 1109 2234 per
1126 2202 1180 2224 eos

449 2243 487 2274 ad
523 2243 664 2274 savorem
704 2243 860 2274 Dominici
895 2249 926 2275 et
960 2254 1181 2277 successorum

449 2296 666 2338 prazlatorun]
685 2295 769 2327 iuxta
791 2295 967 2328 litterarum
984 2297 1073 2329 Pauli
1094 2308 1182 2340 prae-

450 2347 629 2380 ‹lecessoris
655 2348 840 2380 huiusmodi
867 2349 1001 2381 sormam
1023 2350 1101 2382 sacta
1126 2352 1180 2383 seu

449 2400 610 2439 ituit-uzla,
643 2400 808 2442 superiore
845 2411 956 2433 eorum
981 2402 1180 2444 obligatione

449 2455 555 2495 (pinati
580 2453 706 2495 reliqua
723 2453 754 2485 in
774 2453 864 2486 dictis
891 2453 1005 2487 litteris
1031 2461 1181 2489 contenta

448 2507 540 2537 intua
565 2505 956 2550 i·e1nanente)2icpartiri,
974 2513 1002 2540 et
1026 2508 1063 2541 de
1075 2509 1129 2551 eis,
1143 2509 1181 2542 ad

266 982 383 1001 nonii-,ivus
398 986 434 1001 110-

252 1011 315 1027 iatius
330 1009 377 1027 liuir
388 1013 435 1031 ,flm-

254 1037 294 1055 tiae
311 1036 426 1055 ruiuiiiciat.

486 2576 496 2601 1
522 2574 680 2601 particulam
702 2578 726 2602 ct
748 2584 795 2602 nos
815 2575 938 2603 addimus
957 2580 994 2612 (a.
1015 2579 1063 2612 T.)-

484 2619 500 2646 2
520 2619 556 2644 Ad
570 2620 591 2645 ‘e
614 2619 690 2647 iulet·
708 2628 735 2647 se
756 2621 796 2655 (u.
817 2620 865 2656 a).

993 266 1011 278 Α
1027 238 1205 263 minutium
1229 238 1379 265 nomam

1965 241 2013 268 An.
2029 241 2058 266 C.
2083 241 2148 269 {67⁶2

1222 285 1323 319 instar
1347 287 1481 321 aliorum
1508 289 1592 321 inter
1617 300 1673 322 eos
1698 290 1787 332 prius
1820 290 1956 333 reparti-

1223 343 1326 372 torum
1355 351 1410 373 seu
1440 342 1741 384 reparticndorum,
1778 352 1840 374 non
1866 353 1956 375 secus

1223 401 1318 434 quam
1337 392 1363 424 si
1389 393 1552 426 decretum
1577 395 1767 437 posterioris
1786 395 1957 437 obligatio-

1223 443 1272 475 nis
1297 445 1461 487 praefatae
1499 446 1537 478 ad
1571 447 1709 480 savorem
1735 447 1892 480 Dominici
1927 453 1959 479 et

1223 495 1292 528 eius
1310 507 1534 530 successorum
1553 499 1769 541 praefatorum
1788 499 1818 531 in
1838 500 1959 543 praesa-

1224 547 1263 580 tis
1280 548 1396 580 litteris
1415 550 1596 592 appositum
1624 561 1688 583 non
1716 552 1835 592 suisset,
1855 553 1958 585 libere

1225 600 1396 643 disponere
1412 607 1543 644 possent
1555 602 1765 643 etvalcrenv,
1778 605 1958 647 apostolica

1224 652 1413 686 auctoritate
1439 654 1601 686 concessit
1625 660 1656 687 et
1678 655 1823 695 indulsit,
1848 657 1958 700 eisque

1225 706 1353 749 plenam
1371 711 1402 739 et
1423 707 1600 739 absolutam
1627 709 1847 741 auctoritatem
1865 714 1895 742 et
1914 710 1958 742 sa-

1225 760 1377 792 cultatem
1404 760 1548 804 desuper
1572 760 1751 804 impertitus
1776 766 1834 802 est,
1856 763 1960 795 decla-

1224 823 1299 846 rans
1325 813 1419 846 etiam
1444 814 1528 857 quod
1555 814 1703 847 dominus
1728 814 1913 848 Dominicus
1930 821 1962 848 et

1225 866 1294 899 eius
1321 877 1524 900 successores
1549 867 1682 910 praefati
1707 878 1740 900 se
1770 868 1913 911 obligare
1931 873 1962 901 et

1225 919 1328 953 officia
1352 920 1441 963 ipsos
1466 920 1632 963 tangentia
1656 920 1801 964 recipere
1826 932 1889 954 non
1915 927 1962 955 te-

1225 978 1393 1013 nerentur,
1409 973 1560 1016 quodque
1587 974 1814 1014 emolumenta,
1834 985 1870 1008 ac
1890 975 1962 1007 red-

1226 1026 1309 1059 ditus
1335 1031 1367 1058 et
1390 1032 1565 1069 proventus
1582 1053 1589 1067 ‚
1617 1037 1743 1060 necnon
1769 1026 1839 1059 iura
1863 1027 1960 1061 officii

1225 1079 1381 1112 Dominici
1407 1084 1437 1111 et
1461 1079 1529 1111 eius
1555 1090 1779 1112 successorum
1804 1080 1962 1123 praefato-

1226 1143 1295 1165 rum
1320 1143 1380 1175 pro
1405 1132 1556 1175 praefatis
1586 1137 1715 1165 centum
1740 1133 1852 1166 officiis
1877 1133 1961 1166 mili-

1227 1190 1292 1218 tum
1311 1185 1436 1228 piorum
1459 1185 1600 1228 obligata
1613 1191 1645 1218 et
1662 1185 1899 1229 hypothecata‘z
1915 1196 1960 1219 re·

1224 1243 1402 1271 manerent.

1268 1291 1282 1334 g
1297 1291 1349 1323 ll.
1367 1291 1572 1323 Postmodum
1589 1301 1672 1328 vero,
1691 1301 1749 1334 per
1765 1292 1959 1325 recolendae
1997 1300 2093 1337 Urbanus
2108 1301 2154 1322 vm

1225 1343 1400 1376 memoriae
1426 1344 1588 1376 Urbanum
1614 1345 1732 1387 Papam
1756 1345 1838 1385 Vlll,
1865 1330 2155 1378 etiansc'ssffissss'fflnssssss.

1225 1397 1507 1440 praedecessorem
1519 1402 1674 1437 nostrum,
1685 1397 1806 1441 pariter
1815 1404 1959 1441 accepto,

1225 1450 1368 1493 reliquos
1379 1460 1493 1483 novem
1508 1450 1651 1483 notarios
1664 1450 1836 1493 praefatos,
1851 1451 1961 1491 vigore

1224 1502 1368 1535 eiusdem
1393 1502 1543 1545 Gregorii
1575 1503 1839 1546 praedecessoris
1866 1503 1963 1536 sacul-

1225 1555 1298 1587 tatis
1317 1555 1378 1587 sihi
1400 1566 1584 1595 concessae,
1600 1560 1728 1588 centum
1747 1555 1852 1588 officia
1870 1566 1962 1598 prae-

1225 1608 1286 1640 fata
1307 1608 1391 1640 inter
1408 1619 1440 1641 se
1459 1608 1615 1647 divisisse,
1634 1609 1842 1652 praesataque
1861 1619 1961 1642 onera

1224 1666 1440 1703 supportasse,
1454 1672 1490 1693 ac
1504 1660 1611 1693 omnia
1628 1666 1659 1693 et
1676 1661 1803 1703 singula
1820 1661 1851 1693 in
1870 1661 1960 1694 Pauli

1225 1719 1256 1745 et
1274 1713 1420 1756 Gregorii
1438 1714 1723 1756 praedecessorum
1742 1714 1959 1757 praefatorum

1224 1766 1340 1799 litteris
1365 1772 1518 1799 contenta
1538 1767 1777 1809 adimplevisse,
1796 1767 1960 1800 eumdem-

1225 1831 1286 1863 que
1312 1820 1513 1852 Doniinicum
1547 1820 1585 1851 ab
1621 1820 1770 1852 humanis
1806 1820 1960 1852 decessis-

1224 1884 1278 1906 se:
1298 1873 1383 1905 idem
1408 1873 1553 1905 Urbanus
1571 1873 1802 1916 praedecessor
1820 1872 1959 1904 officium

1224 1926 1415 1969 praelatum,
1447 1936 1505 1968 per
1538 1925 1661 1957 obitum
1686 1924 1842 1957 Dominici
1868 1935 1961 1966 prae-

1224 1979 1299 2011 dicti
1326 1989 1462 2018 vacans,
1498 1979 1660 2021 quondam
1688 1977 1828 2009 Adriano
1857 1977 1958 2017 Gallo,

1225 2037 1298 2065 tunc
1323 2032 1354 2064 in
1380 2032 1530 2064 humanis
1555 2031 1677 2074 agenti,
1704 2031 1881 2074 apostolica
1906 2041 1958 2062 au-

1223 2085 1369 2117 ctoritate
1387 2083 1558 2117 concessit.

1267 2139 1281 2181 ,ἐξ
1314 2137 1364 2169 12.
1403 2137 1485 2175 Sed,
1519 2147 1590 2168 cum
1628 2135 1772 2168 eiusdem
1814 2136 1957 2169 notaria-
1989 2145 2150 2186 ituimuPnnnn-sr

1223 2195 1271 2223 tus
1303 2189 1396 2222 officii
1438 2189 1579 2232 pretium
1612 2199 1769 2221 summam
1805 2173 2151 2234 undecimii‘e'fi'ssf'ssffiffssg

1223 2243 1360 2276 millium
1392 2242 1671 2286 seliitingentorum
1698 2247 1863 2275 scutorum
1888 2254 1956 2275 mo-
1967 2225 2152 2251 m'mmpm'um'

1224 2302 1317 2329 netae
1354 2297 1449 2338 longe
1486 2295 1683 2335 excederet,
1725 2296 1954 2339 praelatusque

1224 2349 1393 2388 Adrianus,
1419 2353 1548 2391 praeter
1572 2347 1781 2380 traditionem
1807 2349 1957 2382 undecim

1224 2402 1360 2435 millium
1394 2401 1673 2444 septingentorum
1707 2407 1872 2435 scutorum
1898 2403 1958 2435 hu-

1225 2455 1362 2488 iusmodi
1381 2455 1525 2487 Datariae
1544 2455 1750 2498 Apostolicae
1769 2456 1801 2488 in
1818 2457 1958 2499 pecunia

1224 2509 1392 2540 numerata
1415 2508 1604 2547 solutorum,
1628 2508 1665 2540 ad
1693 2507 1835 2540 eiusdem
1861 2508 1958 2552 pretii

1262 2580 1270 2605 1
1295 2577 1343 2605 Ed.
1360 2577 1438 2605 Main.
1455 2578 1518 2613 legit
1536 2579 1648 2606 valeant
1665 2587 1712 2614 pro
1724 2579 1851 2607 valerent
1867 2578 1958 2614 ms.)-

1260 2622 1276 2648 2
1294 2621 1409 2649 Videtur
1424 2622 1517 2649 deesse
1541 2623 1672 2658 particula
1692 2631 1746 2649 aon
1766 2623 1805 2658 (n.
1821 2623 1868 2660 12).
