2279 3260
161 238 212 266 An.
230 236 261 265 C.
281 236 353 265 1676

343 287 391 330 sm
416 293 482 322 toto
507 289 573 322 sive
600 289 631 322 in
656 294 748 333 parte
773 288 949 333 recipiens¹
971 289 1009 322 ad
1036 290 1092 321 lia-

356 341 460 374 bitum
477 343 526 375 vel
540 342 779 385 professionem
801 343 926 386 aliquos
942 341 1091 381 novitios,

355 395 470 437 poenis
483 394 644 438 impositis
663 395 694 427 iu
712 396 787 435 illis,
807 401 837 428 et
855 396 924 428 aliis
944 396 982 428 ad
1001 405 1092 426 suum

356 446 524 479 arbitrium
548 447 765 490 provinciales
790 448 943 481 afficiant.

400 509 429 532 x.
455 499 576 532 Deinde
601 500 730 533 visitent
763 501 903 534 tabulam
929 511 983 534 seu
1009 505 1094 533 cata-

355 551 466 594 logum
485 552 713 594 religiosorum
730 554 962 594 defunctorum,
977 553 1092 585 librum

355 604 452 637 etiam
481 605 512 637 in
539 616 603 648 quo
629 606 813 637 scribuntur
837 605 952 638 missae
975 611 1007 638 et
1032 606 1093 637 alia

355 656 507 700 suffragia
525 658 807 701 obligationesque
829 663 1005 701 perpetuae
1019 669 1094 690 cou-

354 714 477 749 ventus,
493 714 525 742 et
540 710 671 743 videant
688 721 726 743 an
742 710 806 743 illis
824 710 865 743 sit
882 710 1091 743 satisfactum:

355 761 440 803 quod
467 761 491 793 si
516 762 697 795 invenerint
732 763 873 805 aliquem
907 763 1090 802 desectum,

354 813 464 847 statim
490 820 603 847 curent
629 816 724 858 plene
750 814 910 856 satisfieri,
929 820 961 848 et
984 825 1092 848 severe
1112 820 1113 828 ¹

354 865 491 909 puniant
517 868 717 910 superiorem
742 867 973 910 negligentem.

398 929 441 952 xl.
470 919 639 953 Praeterea
663 920 846 953 examinent
865 920 1091 960 confessarios,

355 972 603 1006 concionatores
628 979 659 1006 et
683 973 715 1005 in
741 973 887 1016 collegiis
913 974 1090 1014 studentes,

355 1024 442 1057 iuxta
459 1035 557 1068 supra
583 1026 667 1058 dicta
691 1025 756 1058 suis
781 1026 870 1058 locis.

399 1087 453 1110 ΧΠ.
482 1077 621 1121 Insuper
651 1088 759 1110 coram
785 1079 1014 1112 communitate
1046 1084 1093 1111 at-

355 1135 444 1163 tente
468 1130 599 1162 videant
620 1131 768 1172 habitus,
794 1132 998 1175 scapularia,
1022 1143 1093 1175 cap-

354 1194 413 1226 pas
438 1188 469 1215 et
493 1184 621 1227 caputia
644 1184 892 1227 religiosorum,
922 1191 953 1218 et
977 1191 1093 1218 curent

356 1237 443 1280 quod
462 1242 574 1270 exacte
589 1237 782 1270 observent⁴²
797 1249 970 1272 mensurae
988 1239 1093 1282 dispo·
1111 1251 1114 1262 f

356 1289 435 1322 sitae
460 1300 477 1322 a
502 1291 621 1323 nostris
645 1292 954 1333 consuetudinibus,
980 1303 1091 1325 severe

355 1343 522 1386 puniendo
546 1344 726 1387 praelatum
743 1344 774 1376 in
794 1345 854 1377 hae
872 1350 961 1388 parte
979 1345 1092 1378 remis-

356 1406 427 1429 sum
452 1402 484 1430 et
508 1397 730 1440 negligentem
748 1403 779 1431 et
803 1398 974 1441 religiosos
1000 1409 1092 1432 exee-

357 1448 484 1482 dentes.

400 1512 469 1536 xm.
498 1502 553 1536 IIis
571 1503 720 1546 peractis,
739 1503 855 1537 iterum
873 1504 904 1537 in
923 1507 1029 1538 aulam
1046 1517 1092 1539 ca-

356 1555 529 1599 pitularem
556 1557 728 1600 religiosos
755 1559 922 1591 convocari
948 1560 1090 1601 iubeant,

357 1613 390 1641 et
422 1609 682 1643 exhortationem
720 1611 837 1643 saciant
869 1611 1113 1655 spiritualem‚›

355 1661 534 1695 laudandi⁸
558 1662 691 1695 virtutes
716 1669 747 1695 et
771 1663 1029 1705 observantiam,
1062 1671 1093 1698 et

357 1715 552 1757 corrigendo
567 1715 710 1749 desectus
722 1721 753 1749 et
770 1718 881 1760 culpas
900 1718 1043 1751 omnium
1060 1719 1092 1751 in

357 1768 530 1808 communi,
550 1774 581 1801 et
605 1768 806 1811 singulorum
832 1770 863 1802 in
889 1770 1090 1813 particulari.

358 1821 402 1854 Ac
427 1821 545 1854 deinde
569 1821 725 1864 religiosi,
745 1823 860 1866 quibus
885 1824 974 1856 nulla
999 1826 1093 1868 culpa

356 1873 506 1917 imposita
531 1879 599 1916 est,
626 1875 769 1908 desectus
794 1887 870 1909 suos
895 1876 1035 1920 ipsimet,
1060 1884 1095 1911 ut

356 1927 457 1960 moris
483 1933 551 1968 est,
579 1927 805 1961 confiteantur.

400 1990 462 2013 XIV.
495 1980 525 2012 Si
555 1980 702 2013 minister
727 1982 868 2025 aliquam
898 1983 1095 2016 commiserit

357 2033 482 2076 culpam
506 2034 620 2066 maiori
646 2035 728 2077 parti
746 2037 985 2069 communitatis
1004 2037 1095 2080 igno-

358 2090 430 2125 tam,
459 2085 604 2119 visitator
629 2087 717 2120 illam
744 2088 774 2120 in
799 2089 931 2132 publico
957 2100 1023 2123 non
1047 2101 1096 2124 re-

358 2139 551 2181 prehendat,
570 2141 627 2174 sed
650 2147 776 2175 secreto
801 2153 907 2175 coram
934 2144 1095 2187 aliquibus

360 2200 397 2223 ex
415 2191 712 2227 observantioribus
734 2200 765 2227 ct
782 2195 928 2228 notitiam
948 2197 1097 2229 habenti-

358 2243 438 2276 bus:
465 2245 614 2279 similiter
633 2253 758 2280 secreto
775 2249 932 2291 corripiet
955 2256 1095 2283 secretas
1114 2246 1116 2293 ζ

359 2297 470 2340 culpas
504 2304 700 2339 ceterorum,
727 2306 758 2333 et
787 2301 916 2344 publice
948 2302 1094 2345 publicas

361 2360 397 2383 ae
420 2350 587 2392 notorias;
611 2358 642 2384 et
666 2354 796 2395 quando
823 2354 959 2397 gravitas
985 2356 1095 2389 delicti
1116 2347 1118 2392 l

359 2402 481 2445 virgam
506 2403 642 2437 iustitiae
668 2404 782 2448 exigat,
804 2416 932 2450 semper
952 2407 1096 2441 visitator
1116 2402 1118 2468 ξ

985 240 1129 265 CLEMENS
1154 241 1173 264 X
1197 241 1246 264 PP.

1133 288 1225 321 illum
1242 288 1274 321 in
1290 288 1434 329 Domino,
1451 299 1491 322 ne
1510 287 1683 332 impunitas
1704 289 1870 332 relinquat

1134 343 1256 384 culpas,
1273 341 1352 374 itaut
1365 342 1480 375 exinde
1495 342 1668 376 maioribus
1683 342 1869 376 excessibus

1135 394 1260 427 occasio
1286 400 1318 427 et
1341 405 1418 427 ansa
1442 395 1647 438 praebeatur.

1177 457 1228 479 xv.
1255 446 1462 481 Correctione
1480 449 1648 491 culparum
1663 447 1763 488 linita,
1780 459 1870 491 prae-

1124 504 1262 542 ,ccptum
1288 500 1432 543 imponat
1456 501 1609 541 visitator,
1637 506 1671 533 ut
1698 511 1757 544 pro
1791 507 1870 533 tern-

1135 562 1212 594 pore
1238 551 1325 584 iuxta
1340 553 1484 595 prudens
1504 553 1572 585 cius
1590 553 1743 586 iudicium
1762 563 1869 586 neces-

1135 605 1219 637 sario
1243 615 1356 637 omnes
1383 611 1414 638 et
1440 605 1558 649 singuli
1585 607 1624 639 de
1649 606 1725 639 actis
1758 606 1789 638 in
1815 605 1870 639 illa

1135 657 1328 698 visitatione,
1343 659 1428 691 etad
1442 669 1512 691 cain
1532 659 1780 702 pertinentibus,
1799 659 1871 691 stri-

1135 715 1219 743 ctum
1244 710 1408 744 silentium
1429 711 1610 752 observent,
1639 717 1701 744 tarn
1726 711 1811 745 inter
1835 722 1869 744 se

1135 773 1228 806 quam
1253 763 1338 796 inter
1368 764 1446 796 alias
1472 775 1692 808 quascumque
1705 764 1723 805 ¹,
1750 770 1783 798 et
1807 771 1869 797 tam

1134 815 1239 848 verbis
1263 827 1358 859 quam
1383 816 1524 860 scriptis.
1553 817 1675 851 Deinde
1700 828 1812 851 omnes
1838 818 1869 850 in

1134 868 1298 900 communi
1324 869 1436 902 leviter
1459 870 1594 912 flagellis
1619 871 1722 909 cedat,
1749 876 1781 903 et
1812 881 1870 914 po-

1134 926 1203 953 stea
1228 922 1376 964 sequenti
1402 921 1545 955 absolvat
1569 923 1679 964 forma,
1697 923 1867 957 videlicet:

1134 985 1247 1007 omnes
1260 975 1414 1018 prostrati
1433 976 1540 1009 dicant
1560 977 1797 1010 consessionem
1816 987 1870 1019 ge-

1133 1029 1289 1068 neralem,
1308 1034 1420 1071 postea
1443 1029 1592 1062 visitator
1611 1029 1804 1063 Misereatm·
1819 1041 1870 1062 tve—

1131 1081 1203 1119 stri',
1230 1084 1300 1120 etc„
1329 1081 1586 1124 Indulyentiam,
1607 1086 1677 1122 etc„
1706 1088 1737 1116 ct
1761 1083 1870 1116 conse-

1132 1132 1225 1165 stim:
1250 1133 1471 1174 Anclorilale,
1507 1145 1572 1177 qua
1604 1135 1725 1178 fnnyor
1750 1135 1785 1167 in
1811 1135 1870 1167 hac

1130 1190 1236 1230 parte,
1255 1186 1290 1218 in
1314 1190 1471 1229 quantum
1493 1197 1637 1229 possum,
1665 1186 1793 1220 absolvo
1817 1198 1869 1220 vos

1132 1238 1170 1271 ab
1205 1239 1293 1271 omni
1329 1239 1486 1271 sententiri
1528 1240 1870 1273 excommunicationis

1134 1291 1268 1323 maioris
1285 1291 1333 1324 vel
1348 1292 1497 1332 minoris,
1517 1292 1737 1336 suspensionis
1759 1293 1807 1325 vel
1823 1288 1871 1326 in-

1133 1344 1270 1376 terdicti.
1291 1344 1327 1376 In
1345 1345 1476 1377 nomine
1490 1345 1603 1378 Patris
1620 1346 1661 1387 †‚
1680 1349 1709 1378 et
1726 1345 1810 1379 Filii
1826 1349 1848 1388 †
1862 1373 1869 1387 ,

1132 1401 1161 1429 et
1184 1397 1328 1440 Spire'lus
1352 1400 1374 1438 †
1402 1397 1523 1430 Sancti.
1549 1398 1664 1431 Amen.

1176 1461 1239 1483 ΧΠ.
1266 1450 1298 1483 Si
1314 1450 1471 1483 visitatori
1490 1452 1666 1494 expediens
1686 1452 1787 1485 visum
1804 1453 1870 1486 sue-

1134 1502 1176 1534 rit
1200 1502 1307 1545 aliqua
1331 1503 1435 1536 faeere
1461 1508 1589 1544 statuta,
1608 1505 1704 1548 vulgo
1721 1509 1802 1546 aeta,
1821 1516 1872 1539 re-

1134 1556 1193 1588 bus
1218 1556 1434 1598 exigentibus,
1454 1562 1485 1589 et
1500 1562 1625 1591 maturo
1643 1558 1780 1592 consilio
1797 1570 1871 1603 per-

1134 1609 1257 1652 pensis,
1284 1609 1339 1642 illa
1363 1609 1394 1641 in
1421 1610 1552 1653 scriptis
1579 1611 1684 1651 saciat,
1702 1611 1781 1644 etin
1799 1614 1872 1644 arca

1135 1663 1232 1695 trium
1269 1663 1406 1695 clavium
1443 1664 1674 1697 custodiantur.
1707 1665 1873 1697 Durabunt

1134 1721 1239 1748 autem
1261 1721 1383 1748 tantum
1402 1727 1504 1760 usque
1529 1717 1569 1750 ad
1594 1724 1786 1761 sequentem
1803 1719 1871 1751 visi-

1135 1769 1303 1810 tationem,
1322 1769 1347 1802 si
1366 1770 1398 1802 in
1424 1773 1460 1803 ea
1485 1771 1592 1803 denuo
1611 1771 1789 1814 approbata
1805 1782 1871 1805 non

1135 1822 1266 1855 suerint.
1293 1822 1471 1867 Omniaque
1496 1830 1674 1867 praecepta
1699 1829 1731 1857 et
1754 1836 1871 1858 censu-

1134 1887 1189 1909 rae
1208 1881 1343 1916 cessent,
1366 1882 1513 1909 cessante
1532 1877 1638 1910 officio
1663 1878 1869 1920 provincialis

1136 1928 1189 1972 qui
1208 1939 1246 1961 ea
1262 1928 1424 1971 imposuit,
1440 1933 1472 1961 et
1489 1930 1596 1961 solum
1620 1936 1773 1963 maneant
1799 1936 1872 1963 tam-

1136 1992 1231 2025 quam
1255 1981 1416 2024 simplieia
1447 1982 1611 2022 mandata,
1632 1992 1734 2026 usquc
1760 1983 1799 2016 ad
1823 1994 1873 2016 se-

1137 2041 1288 2079 quentem
1304 2035 1533 2068 visitationem:
1548 2047 1785 2080 monemusque
1800 2047 1873 2080 pro-

1137 2089 1300 2129 vinciales,
1320 2094 1354 2121 ut
1371 2089 1403 2121 in
1419 2089 1531 2132 primis
1554 2089 1620 2122 suis
1638 2090 1873 2123 visitationibus

1137 2142 1217 2174 scire
1243 2148 1356 2174 curent
1380 2148 1566 2186 praecepta,
1598 2144 1772 2183 censuras,
1804 2149 1874 2177 acta

1138 2200 1170 2227 et
1193 2195 1343 2227 mandata
1368 2206 1497 2228 suorum
1520 2197 1820 2239 praedecessorum,
1842 2202 1874 2230 et

1138 2249 1244 2281 denuo
1268 2248 1323 2281 illa
1348 2249 1533 2292 approbent
1555 2249 1580 2281 si
1607 2250 1760 2293 expedire
1786 2250 1874 2284 vide-

1138 2301 1212 2335 rint.

1181 2365 1257 2388 xvn.
1284 2355 1315 2388 Si
1333 2355 1365 2388 in
1385 2355 1494 2398 aliquo
1519 2360 1677 2390 conventu
1692 2357 1873 2390 visitatores

1140 2408 1281 2451 aliquam
1307 2408 1491 2441 invenerint
1515 2410 1641 2452 culpam
1665 2411 1876 2443 excedentem

361 2456 455 2489 simul
480 2456 703 2491 misericordia
720 2464 843 2492 utatur:
866 2460 1096 2505 hortamurque
1117 2495 1118 2498 ,
1140 2472 1230 2494 suam
1254 2461 1531 2502 iurisdietionem,
1563 2463 1668 2495 statim
1693 2463 1877 2496 delinitorio

397 2538 406 2563 1
421 2537 516 2563 Potius
527 2537 585 2572 lege
596 2538 776 2572 recipientem
787 2540 827 2566 vel
839 2541 1008 2574 recipientes
1016 2542 1096 2576 (nm).

396 2582 412 2608 2
431 2581 587 2616 Legendum
606 2583 790 2611 observentur
809 2586 847 2619 (a.
868 2586 915 2620 Τ.).

396 2626 412 2655 3
431 2626 501 2662 Lege
522 2626 665 2656 laudando
690 2630 727 2662 (a.
748 2630 798 2664 T.).

1140 2515 1286 2548 notitiam
1303 2516 1489 2558 praebeant,
1508 2516 1671 2548 mittentes
1691 2526 1879 2559 processum

1142 2567 1181 2611 (si
1208 2568 1306 2600 factus
1332 2568 1439 2611 suerit)
1465 2569 1514 2601 vel
1541 2569 1751 2601 informantes
1773 2569 1809 2597 de
1829 2569 1879 2602 de-

1178 2633 1188 2657 1
1206 2630 1300 2658 Potius
1320 2632 1378 2667 lege
1395 2632 1465 2659 allos
1481 2640 1671 2666 qzwscmnqne
1687 2634 1725 2667 με,
1741 2634 1789 2667 τ.).

1771 231 1836 266 669
1881 241 1930 267 An.
1949 239 1977 266 c.
1999 241 2067 268 1676
