2279 3260
112 249 160 273 Λη.
181 245 295 273 ‹2167ss

106 292 417 326 so.s·111.10rsra-habeat
441 291 577 335 primum
602 290 705 323 locum
732 294 763 322 et
787 289 896 321 sedem
915 288 945 320 in
968 288 1033 319 tota

106 334 148 353 tres
162 338 191 352 soi
198 332 274 352 vande.

300 344 472 387 religione,
499 342 706 386 provincialis
727 342 756 374 in
776 344 830 374 :ua
856 341 1031 384 provincia,

300 398 432 430 absente
458 402 546 439 patre
577 394 735 438 generali,
762 399 810 434 et,
832 393 881 426 his
908 393 1033 426 <luobus

300 449 499 489 absentibus,
536 448 685 481 minister
718 448 749 480 in
786 458 842 480 suo
878 453 1035 480 conventu

301 513 356 535 sen
378 496 541 544 'colleg-im
565 501 683 534 deinde
701 500 800 533 ceteri
819 500 964 542 religiosi
983 511 1035 533 or-

301 555 376 588 dine
402 554 561 598 sequenti:
594 558 701 597 patres
727 552 913 586 definitores
938 564 1035 595 gene—

300 609 396 648 rales,
424 612 532 650 patres
553 606 766 649 provinciales
785 605 930 649 hospites
950 606 1035 639 iuxta

301 660 528 703 antiquitatem
554 670 686 692 suorum
711 659 962 703 provinciarum,
983 670 1036 702 pa-

302 719 365 747 tres
384 713 522 745 ministri
541 712 686 756 hospites
707 713 791 745 iuxta
812 712 1035 755 antiquitatem

301 776 434 799 suorum
461 770 691 804 conventuum,
719 770 826 807 patres
852 765 1036 807 redempto-

301 830 351 852 res
378 819 581 862 captivorum
608 818 654 861 (et
678 818 703 850 si
735 818 794 861 ipsi
821 823 1033 857 concurrant,

302 877 432 905 servent
457 871 541 904 inter
575 882 609 904 se
634 870 895 914 praecedentiam
920 881 936 902 a
961 870 1037 903 defi-

301 924 422 958 nitorio
456 924 685 967 designatam),
713 928 819 966 patres
844 929 1036 965 procurato-

303 988 354 1010 res
373 978 544 1020 generales
566 976 698 1019 (quibus
727 975 760 1007 in
787 975 941 1018 llispania
965 986 1037 1008 con-

302 1030 518 1069 currentibus,
532 1029 672 1072 primum
697 1029 803 1061 locum
829 1028 946 1060 habeat
971 1028 1037 1061 his-

301 1093 419 1131 panus,
446 1082 478 1114 in
504 1081 593 1113 ltalia
625 1091 699 1114 vero
725 1081 904 1123 romanus),
927 1087 1036 1124 patres

301 1134 410 1167 vicarii
436 1134 469 1166 in
486 1134 553 1166 suis
572 1134 796 1175 conventibus,
823 1139 933 1177 patres
959 1134 1038 1167 vic-a-

302 1188 342 1220 rii
373 1187 519 1230 hospites
552 1186 639 1219 iuxta
672 1186 897 1230 antiquitatem
929 1187 1038 1220 domo-

301 1251 373 1273 rum
397 1251 537 1280 suarum,
562 1245 669 1283 patres
694 1240 881 1273 sacerdotes
899 1241 1038 1284 professi

303 1299 367 1326 tam
392 1294 622 1326 conventuales
655 1303 750 1336 quam
782 1293 929 1337 hospites
955 1294 1040 1327 iuxta

303 1345 528 1389 antiquitatem
548 1355 675 1377 suarum
697 1345 957 1388 professionum,
980 1347 1041 1380 sra-

304 1404 367 1431 tres
394 1397 519 1431 diaconi
544 1397 682 1440 professi
707 1398 793 1431 iuxta
817 1399 1041 1442 antiquitatem

302 1451 532 1495 professionis,
560 1451 675 1484 fratres
697 1452 859 1485 choristae
879 1453 966 1488 iuxta
986 1465 1041 1486 an-

305 1504 485 1548 tiquitatem
517 1503 759 1548 professionis,
793 1505 907 1537 novitii
937 1516 1042 1539 sacer-

304 1559 395 1592 dotes
422 1557 508 1590 iuxta
533 1557 761 1600 antiquitatem
787 1558 934 1599 habitus,
979 1559 1042 1592 fra-

304 1617 369 1644 tres
386 1610 461 1644 laici
478 1610 613 1654 professi
631 1610 717 1643 iuxta
731 1610 954 1654 antiquitatem
972 1623 1042 1655 pro-

304 1664 468 1704 fessionis,
507 1664 622 1697 novitii
648 1664 810 1697 choristae
844 1665 930 1698 iuxta
963 1667 1043 1699 anti-

304 1719 461 1763 quitatem
500 1716 655 1757 habitus,
694 1717 807 1750 novitii
842 1718 915 1751 laici
957 1719 1043 1752 iuxta

304 1771 531 1815 antiquitatem
556 1770 701 1803 habitus.

351 1836 386 1859 11.
424 1824 582 1867 Tempore
619 1823 750 1866 capituli
789 1824 967 1867 generalis,
994 1827 1042 1859 vel

304 1878 490 1918 definitorii,
512 1882 621 1921 patres
639 1877 828 1910 definitores
849 1879 1043 1921 capitulares

305 1933 413 1966 locum
438 1931 581 1964 habeant
606 1935 637 1963 et
662 1930 770 1963 sedem
795 1931 877 1964 infra
902 1932 1045 1975 designa-

305 1991 380 2027 tam,
398 1995 469 2029 cap.
488 1994 591 2024 xxxix,
609 1983 624 2026 ἓ,
640 1983 670 2023 4,
688 1994 776 2025 num.
797 1994 837 2024 1v,
855 1989 886 2017 et
907 1995 976 2028 cap.
996 1996 1043 2027 xL,

304 2040 319 2083 ξ
344 2038 385 2078 5,
412 2048 501 2070 num.
536 2047 571 2070 11.
605 2037 714 2070 Patres
740 2036 944 2079 visitatores,
970 2039 1045 2071 dum

305 2092 362 2125 tali
393 2101 530 2124 munere
566 2090 753 2133 funguntur,
780 2091 989 2133 praesideant
1014 2098 1046 2125 et

306 2144 505 2188 praecedant
529 2143 607 2177 alios
633 2143 671 2175 ab
697 2142 777 2186 ipsis
802 2144 992 2178 visitandos.

352 2209 400 2231 [ιι.
435 2197 546 2230 Nullus
578 2197 869 2240 praeeminentiam
900 2199 947 2231 vel
982 2200 1044 2232 loci

308 2250 568 2295 praecedentiam
593 2251 726 2291 habeat,
753 2262 791 2284 eo
813 2252 899 2294 quod
922 2252 954 2284 in
972 2253 1046 2285 reli-

310 2304 406 2347 gione
420 2303 545 2336 functus
571 2302 667 2336 fuerit
683 2303 794 2347 aliquo
820 2303 1045 2346 officio,etiam

311 2356 517 2400 generalatu.

354 2419 396 2442 1v.
423 2407 557 2446 Quando
583 2408 615 2440 in
640 2407 757 2442 itinere
789 2409 918 2451 suerint,
955 2421 1047 2454 prae-

310 2461 491 2495 cedentiam
515 2465 546 2494 et
571 2462 818 2504 graduationem
844 2474 933 2497 num.
960 2475 969 2497 1
998 2476 1048 2497 as-

311 2516 468 2558 signatam
492 2515 674 2555 observent,
700 2516 762 2549 nisi
787 2516 873 2549 iusta
893 2517 932 2550 de
950 2520 1048 2551 causa

311 2569 474 2612 praelatus
508 2567 647 2610 aliquem
680 2568 784 2602 minus
817 2570 983 2614 antiquum
1014 2571 1047 2604 in

310 2620 493 2666 praesidem
524 2619 683 2662 designet.

365 2684 445 2712 Bau.
463 2684 546 2711 Rom.
568 2697 602 2702 —
626 2683 685 2710 Vol.
707 2683 814 2712 XVIII.
976 2688 1011 2713 δυ

932 238 1074 263 CLEMENS
1097 240 1114 262 Χ
1139 240 1186 262 ΡΡ.

1075 286 1203 316 lli-namsi:
1226 295 1317 316 ‹atr-rr
1341 287 1423 316 xxu.
1465 306 1479 309 n
1511 288 1636 317 Infirmi
1659 299 1810 318 seorsum

1194 338 1357 368 dormiant
1379 343 1408 369 et
1430 340 1614 376 comedam,
1630 345 1690 370 etc.

1096 423 1186 462 Caput
1209 432 1276 453 xxu.
1301 440 1339 445 —
1361 425 1405 453 De
1426 424 1558 452 charitate
1579 434 1641 461 crya
1665 426 1795 463 insinuas,

1104 509 1142 539 ,1.
1169 498 1324 541 Superior
1348 504 1534 539 conventus,
1549 499 1607 531 sub
1625 501 1728 542 poena
1746 511 1811 530 sus-

1077 551 1244 594 pensionis
1270 551 1308 583 ab
1333 551 1449 591 officio,
1467 557 1597 594 praesto
1618 552 1660 584 sit
1677 552 1811 584 infirmis

1077 604 1309 647 provideatque
1349 604 1387 637 dc
1427 604 1577 637 omnihus
1618 604 1812 637 necessariis

1077 667 1136 701 pro
1161 657 1304 700 ipsorum
1330 657 1456 690 medela
1482 662 1513 689 et
1538 657 1716 696 curatione,
1735 657 1813 700 quin

1078 715 1268 753 paupertate
1305 714 1484 743 conventus
1523 714 1713 749 cxcusetur;
1748 719 1813 741 non

1078 774 1153 796 vero
1182 761 1348 806 permittat
1385 762 1473 805 quod
1499 767 1589 795 extra
1621 767 1815 795 conventum

1078 816 1168 849 cibus
1195 815 1377 854 condiatur,
1399 815 1461 847 nisi
1479 815 1511 847 in
1533 815 1640 858 aliqua
1665 815 1749 858 gravi
1768 815 1815 847 in-

1078 869 1237 909 firmitate,
1256 874 1286 901 et
1304 868 1412 911 aliquo
1429 869 1637 901 condimento
1656 880 1673 901 a
1694 868 1814 900 nostris

1078 923 1210 965 ignoto;
1236 921 1322 964 quod
1356 921 1380 953 si
1407 921 1551 954 defectus
1580 921 1687 964 aliqua
1710 932 1744 954 re
1766 932 1817 954 ac-

1079 975 1203 1015 ciderit,
1231 975 1399 1008 hortamur
1423 980 1574 1017 aegrotos
1598 980 1632 1007 ut
1658 980 1817 1018 tamquam

1079 1038 1241 1073 pauperes
1266 1028 1430 1071 patienter
1447 1028 1562 1061 ferant.

1124 1091 1159 1114 11.
1186 1079 1336 1118 Quotidie
1361 1079 1513 1123 superior
1541 1080 1649 1114 visitet
1673 1080 1817 1114 infirmos

1081 1139 1114 1167 et
1138 1139 1233 1167 curet
1257 1138 1403 1176 tempore
1429 1138 1504 1176 apto
1530 1133 1594 1167 illis
1615 1139 1820 1167 sacramenta

1082 1186 1279 1226 ministrari·,
1307 1186 1393 1230 quod
1410 1186 1437 1219 si
1455 1188 1513 1219 sua
1530 1186 1729 1229 negligentia
1749 1187 1820 1219 abs-

1082 1251 1145 1284 que
1176 1239 1398 1283 poenitentia,
1437 1239 1552 1273 viatico
1589 1241 1639 1273 vel
1676 1243 1821 1273 extrema

1081 1293 1236 1326 unctione
1270 1292 1385 1336 aliquis
1422 1292 1608 1333 decesserit,
1643 1303 1821 1336 suspensus

1083 1346 1123 1380 sit
1147 1346 1185 1378 ab
1211 1345 1317 1379 officio
1342 1356 1400 1388 per
1426 1356 1525 1378 unum
1550 1356 1680 1386 annum,
1698 1346 1746 1378 vel
1765 1356 1821 1378 au-

1083 1404 1197 1443 geatur
1221 1409 1327 1442 poena
1350 1398 1486 1432 arbitrio
1510 1399 1717 1442 provincialis
1736 1399 1822 1432 iuxta

1084 1453 1229 1495 culpam3
1256 1456 1287 1484 et
1312 1450 1494 1492 infirmarii,
1521 1451 1546 1484 si
1572 1463 1667 1495 quam
1693 1453 1822 1494 culpam

1085 1504 1266 1544 habuerint,
1292 1504 1380 1537 iuxta
1404 1504 1490 1537 illius
1521 1505 1711 1547 gravitatem
1741 1507 1822 1537 mul-

1085 1564 1229 1599 ctentur,
1256 1563 1345 1591 curet
1368 1558 1504 1601 insuper
1528 1559 1701 1601 praelatus,
1722 1563 1757 1590 ut
1772 1569 1823 1591 ae-

1086 1612 1170 1655 groti
1206 1612 1321 1644 saltem
1363 1611 1396 1643 in
1436 1611 1581 1654 qualibet
1617 1611 1822 1645 hebdomada

1087 1666 1185 1709 (dum
1210 1664 1404 1697 infirmitatis
1430 1664 1608 1698 accidentia
1633 1676 1698 1698 non
1724 1665 1823 1708 impe-

1087 1718 1243 1761 diverint)
1280 1717 1411 1750 caelesti
1447 1717 1634 1750 reficiantur
1666 1728 1760 1761 pane,
1793 1722 1825 1750 et

1087 1773 1118 1804 in
1143 1771 1301 1803 Paschate
1338 1781 1396 1813 pro
1430 1770 1685 1814 adimplemento
1722 1781 1820 1813 prae-

1087 1824 1170 1868 cepti
1196 1823 1405 1857 ecclesiastiei
1431 1834 1520 1856 sacra
1547 1823 1752 1856 Eucharistia
1776 1834 1825 1857 so-

1088 1877 1237 1911 lemniter
1253 1877 1457 1910 ministretur
1474 1887 1538 1911 non
1554 1877 1741 1910 rvalentibus
1759 1888 1815 1910 sur

1087 1943 1163 1976 gere
1189 1942 1226 1964 ex
1252 1932 1346 1971 lecto,
1372 1936 1470 1974 prout
1486 1931 1518 1963 in
1536 1936 1650 1963 nostro
1668 1931 1821 1964 manuali.

1131 1996 1178 2020 111.
1206 1985 1240 2018 In
1265 1995 1469 2028 quocumque
1495 1990 1658 2018 conventu
1681 1986 1731 2018 vel
1758 1986 1809 2018 col

1088 2039 1173 2082 legio
1199 2038 1269 2082 quis
1296 2038 1514 2081 aegrotaverit
1541 2038 1688 2082 quamvis
1705 2038 1747 2071 sit
1768 2039 1825 2072 ho-

1088 2102 1169 2135 spes,
1185 2097 1324 2132 curetur,
1346 2091 1450 2124 donec
1476 2092 1615 2124 salutem
1639 2097 1822 2134 recuperet,

1089 2145 1150 2178 nisi
1177 2145 1257 2177 iusta
1282 2145 1320 2177 de
1355 2147 1451 2178 causa
1489 2145 1697 2188 provincialis
1733 2145 1825 2178 illum

1089 2199 1194 2231 mittat
1218 2198 1250 2231 in
1268 2198 1362 2231 aliam
1387 2199 1529 2239 domum,
1550 2204 1583 2231 et
1598 2199 1691 2232 istius
1712 2199 1825 2232 minis—

1089 2259 1138 2285 ter
1163 2257 1195 2285 et
1220 2253 1451 2285 conventuales
1470 2252 1562 2284 illum
1579 2263 1649 2284 cum
1669 2252 1825 2286 charitate

1088 2306 1252 2349 recipiant,
1280 2316 1315 2338 ac
1340 2306 1379 2338 de
1408 2305 1598 2338 necessariis
1619 2307 1824 2349 provideant,

1089 2359 1173 2392 sicut
1188 2358 1304 2392 ceteris
1324 2359 1603 2392 conventualibus.

1134 2422 1176 2444 1v.
1195 2411 1226 2444 St
1240 2417 1374 2455 propter
1391 2411 1593 2445 infirmorum
1610 2412 1826 2454 frequentiam

1072 2509 1073 2513 Ἰ
1091 2470 1264 2498 conventus
1275 2465 1391 2508 aliquis
1408 2464 1440 2497 in
1458 2470 1632 2507 egestatem
1650 2465 1826 2505 devenerit,

1091 2517 1299 2561 provincialis
1336 2518 1381 2551 illi
1418 2518 1599 2558 subveniat,
1636 2518 1718 2551 facta
1754 2528 1825 2550 euin

1091 2571 1221 2605 licentia
1246 2572 1406 2613 generalis
1433 2572 1540 2615 aliqua
1570 2582 1628 2615 per
1651 2577 1826 2606 conventus

1091 2624 1342 2661 contributione.

1711 232 1774 264 aaa
1821 241 1871 267 An.
1891 239 1919 266 C.
1939 240 2005 267 ΗΜ,
