2279 3260
147 266 196 292 An.
210 265 240 291 C.
264 265 332 293 1675

152 1373 270 1394 Conuenae
280 1371 334 1392 Con-

152 1399 268 1425 gregatmni
284 1398 333 1418 dict·

153 1426 237 1445 uminis
265 1427 324 1445 exten

152 1451 260 1472 duntur-ad
269 1453 333 1471 totum

152 1478 259 1499 Ordinem.

966 263 1108 287 CLEMENS
1132 264 1149 287 X
1174 264 1221 287 1¹1².

339 313 558 356 pontificatus,
586 318 616 346 et
640 313 672 344 in
702 312 764 345 alio
794 311 940 344 eiusdem
965 310 1094 343 Ponti-¹

341 364 417 405 sicis,
444 366 523 399 Cum
547 365 640 404 sicut,
669 368 734 403 etc„
756 365 805 397 die
831 375 867 396 ,xv
893 362 1073 396 decembris

340 427 484 456 MDLxmx,
511 416 560 449 his
584 416 701 448 verbis:
725 429 736 446 α
756 416 941 449 Conflata-es
961 415 1074 447 utrius-

341 479 403 513 que
428 479 524 502 sexus
552 468 853 501 confraternitatum
881 467 1075 509 Corrigiato-

341 532 408 554 rum
435 527 693 565 nuncupatarmn
718 522 819 554 sancti
842 520 1017 563 Augustini,
1044 523 1076 551 ut

341 575 402 607 t'r-ui
430 580 462 607 et
485 575 626 617 gaudere
651 575 775 617 possint
799 573 1020 616 indulgentiis,
1047 577 1077 604 et

340 626 529 671 participes-¹
556 627 699 661 omnium
731 628 902 670 gratiarum
927 626 1077 669 spiritua-

342 679 420 713 lium
440 679 549 713 Ordini
566 679 666 723 ipsius
692 679 793 712 saneti
813 678 982 721 Augustini
1008 688 1077 710 con-

341 742 511 771 cessarum,
529 732 737 774 omniumque
756 732 927 770 bonorum,
946 740 1028 773 quae
1045 729 1077 761 in

342 785 428 819 dicto
449 785 567 818 Ordine
599 795 659 828 pro
693 790 837 828 tempore
871 784 968 825 fient,
996 784 1079 816 inter

342 838 404 871 alia
419 843 587 871 teneantur
606 837 751 881 quotidie
770 837 904 870 recitare
925 835 1078 869 tredecim

341 893 442 925 Pater
465 891 579 924 Noster
614 897 645 923 ct
669 891 805 923 totidem
828 890 894 923 Are
913 889 1031 927 Maria,
1049 893 1079 921 ct

343 954 442 976 unum
467 943 561 977 Salve
585 944 709 986 Reqz'na
734 953 793 986 pro
819 944 922 975 salute
942 941 1077 973 Romani

343 996 504 1029 Pontifieis
541 1001 573 1029 et
598 996 683 1028 t'clici
720 1001 805 1028 statu
837 994 867 1027 S.
895 993 1001 1026 Matris
1025 993 1079 1025 Ec-

343 1050 477 1090 clesiae;
497 1055 536 1088 et,
554 1049 579 1081 si
597 1049 702 1091 ipsum
721 1048 814 1082 Salre
827 1048 950 1090 Reyimz
971 1047 1077 1079 dicere

343 1102 573 1144 ignoraverint,
612 1102 683 1134 loco
710 1101 803 1134 Salve
827 1100 963 1142 Regina,
989 1099 1079 1142 quin-

343 1165 405 1198 que
432 1155 495 1187 Ave
519 1154 628 1186 Maria
661 1154 776 1186 devote
809 1152 982 1191 recitando,
1010 1162 1079 1184 cas-

344 1208 416 1240 dem
441 1206 661 1248 indulgentias
689 1211 720 1239 et
747 1204 865 1248 gratias
891 1204 1077 1248 spirituales

345 1263 583 1301 consequantur
621 1269 699 1302 quas
742 1262 1019 1301 consequerentur
1053 1257 1077 1288 si

345 1311 449 1353 ipsum
473 1310 567 1343 Salve
590 1310 717 1353 Rcyina
743 1310 916 1342 recitarent
941 1322 970 1341 ι).

389 1363 549 1396 Secundo.
589 1362 866 1395 praemittendum
897 1367 966 1401 est,
995 1362 1077 1405 quod

346 1416 410 1448 Leo
432 1416 469 1455 X,
489 1415 573 1449 Solet
598 1425 748 1454 tumuere,
773 1425 818 1448 vn
847 1415 999 1447 kalendas
1023 1425 1079 1447 au-

345 1469 431 1510 gusti
463 1462 578 1508 noxus,
601 1478 685 1500 anno
703 1478 722 1507 ι,
749 1468 876 1510 singula
900 1467 1078 1510 privilegia,

345 1519 569 1560 immunitates,
595 1519 826 1563 exemptiones,
852 1518 1078 1552 concessiones

345 1572 563 1615 indulgentias
606 1578 637 1605 et
674 1578 883 1615 peccatorum
918 1572 1080 1615 plenarias

346 1625 553 1658 remissiones
579 1630 611 1658 ct
630 1625 755 1658 indulta
773 1635 996 1668 quaecumque
1013 1625 1080 1667 qui—

345 1677 451 1710 busvis
470 1678 618 1711 domibus
648 1683 679 1710 et
703 1677 1007 1720 congregationibus
1027 1682 1079 1709 aut

346 1731 417 1764 aliis
443 1731 523 1764 locis
550 1736 581 1764 et
607 1731 732 1764 illorum
759 1731 906 1773 personis
932 1731 1005 1763 dicti
1026 1730 1081 1763 Or-

346 1783 431 1816 dinis
457 1784 589 1816 trau-um
614 1783 827 1816 Eremitarum
853 1783 884 1816 S.
911 1783 1079 1826 Augustini

346 1835 423 1869 olim
449 1836 481 1868 in
506 1846 625 1878 genere
654 1837 702 1868 vel
728 1836 760 1868 in
786 1837 893 1879 specie
917 1845 1079 1874 concessa,

346 1899 382 1921 ac
416 1888 629 1931 imposterum
655 1889 873 1927 concedenda,
899 1888 938 1920 ad
974 1888 1080 1930 ipsum

345 1941 497 1974 Ordinem
524 1941 657 1973 fratrum
674 1941 888 1974 Eremitarum
905 1940 1006 1974 sancti
1024 1941 1081 1972 Au-

347 1993 465 2037 gustini
490 1999 522 2026 et
555 1993 641 2026 illius
678 2003 857 2036 personas,
885 2003 919 2026 ac
955 1993 981 2025 si
1017 1992 1081 2025 illis

347 2046 530 2090 specialiter
554 2056 708 2079 concessa
724 2046 871 2085 fuissent,
890 2045 1034 2079 extendit
1051 2051 1083 2078 et

348 2099 573 2140 communicat,
608 2104 643 2131 ut
673 2099 718 2132 eis
751 2099 913 2141 gaudeant
937 2103 968 2131 et
992 2103 1082 2130 utan-

351 2158 411 2192 tur,
437 2162 473 2185 ae
496 2152 522 2184 si
547 2151 594 2184 eis
620 2157 651 2185 et
675 2151 810 2195 singulis
836 2162 947 2185 eorum
979 2151 1082 2185 domi-

349 2205 408 2237 bus
434 2209 465 2238 et
488 2204 637 2247 personis
662 2205 695 2237 in
720 2205 829 2247 speeie
843 2215 998 2238 concessa
1010 2205 1083 2237 suis-

350 2263 433 2290 sent.
460 2258 526 2290 Hoc
549 2257 635 2290 idem
665 2263 758 2291 antea
791 2259 823 2290 in
855 2258 949 2292 simili
980 2259 1082 2292 forma

350 2314 553 2352 concesserat
575 2310 672 2344 Iulius
697 2310 730 2351 Il,
757 2311 838 2343 Dum
863 2312 988 2354 fructus
1007 2312 1082 2344 ulte-

350 2372 410 2403 res,
427 2373 470 2396 v11
485 2363 637 2396 kalendas
662 2364 733 2397 iulii
758 2374 860 2404 ιιῡιίι,
878 2375 962 2398 anno
988 2374 1032 2405 ιγ’,
1051 2369 1083 2397 et

1102 2394 1103 2401 ,
1125 2364 1186 2397 lius
1209 2363 1246 2403 ΙΙ,
1276 2362 1371 2394 Nihil
1395 2365 1457 2400 est,
1485 2360 1536 2393 die
1569 2370 1642 2393 xxiv
1666 2359 1911 2402 septembrisdnn

351 2415 534 2448 Alexander
558 2415 605 2456 IV,
630 2416 706 2449 licet
738 2427 802 2449 non
832 2422 894 2450 tam
927 2417 1082 2460 generali-

352 2474 409 2509 ter,
436 2467 467 2500 in
492 2469 581 2501 Bulla
600 2468 638 2501 Uc
657 2480 689 2502 eo
707 2469 870 2510 bibentum,
892 2481 947 2504 xm
973 2471 1083 2503 kalen-

352 2521 407 2554 das
433 2521 572 2563 augusti,
613 2531 697 2554 anno
734 2532 763 2563 1,
789 2533 914 2556 necnon
948 2523 981 2556 in
1021 2523 1082 2556 alia

387 2618 399 2644 1
421 2618 504 2645 Deest
524 2616 634 2643 verbum
654 2624 711 2644 esse
732 2618 771 2644 vel
791 2618 858 2652 fieri
878 2619 913 2653 (n.
930 2620 970 2654 Τ.)

422 2690 499 2718 Ball.
523 2690 604 2716 Rom.
628 2704 658 2707 ——
685 2689 738 2718 Vol.
765 2690 868 2717 XVIII.
1014 2691 1047 2717 70

1747 251 1810 284 5553
1857 257 2041 287 An.t:.16·.5

1117 310 1233 343 Oblata
1258 309 1412 346 nolsz's,x11
1428 310 1584 342 ltalendas
1599 309 1683 348 maii,
1700 319 1784 341 anno
1802 318 1846 347 ιιι,

1116 373 1196 405 quae
1218 362 1345 394 suerunt
1369 361 1537 393 innovatae
1557 371 1614 404 per
1634 361 1799 393 Martinam
1819 361 1849 399 Y,

1117 415 1279 454 Sincerae,
1308 425 1336 448 tv
1362 414 1515 447 kalendas
1540 413 1626 453 maii,
1653 423 1737 445 anno
1762 424 1801 451 vi,
1823 418 1853 445 ct

1120 478 1178 510 per
1219 468 1339 500 Sixtum
1380 468 1427 507 lt',
1469 467 1555 499 Dum
1581 466 1705 508 fructus
1730 466 1852 505 ubet-ts,

1118 530 1287 559 Mcnrxxw,
1312 531 1354 553 vu
1379 520 1450 553 idus
1476 519 1640 557 februarii,
1667 528 1751 551 anno
1767 528 1805 555 ιν,
1823 518 1853 549 ιιι

1120 572 1336 615 illarz'mayno.
1364 572 1507 615 Denique
1532 572 1616 604 idem
1641 571 1745 603 Sixtus
1769 571 1803 602 tt·
1822 571 1854 602 in

1121 625 1211 657 ssulta
1235 624 1324 657 Inter
1345 625 1545 667 praecipuas,
1568 633 1729 661 mentxxu,
1754 633 1771 654 x
1805 623 1856 654 ka·

1120 680 1232 712 lendas
1258 679 1402 719 ianuarii,
1429 688 1513 710 anno
1539 687 1572 715 11,
1602 675 1852 718 Congrcgationi

1121 732 1330 764 Lombardiae
1378 730 1513 774 praefati
1550 729 1678 761 Ordinis
1720 728 1854 770 eiusque

1121 783 1369 826 professoribus,
1397 781 1547 815 domibus
1572 786 1602 813 et
1628 780 1707 813 locis
1731 779 1856 811 univer-

1122 836 1164 868 sis
1190 835 1339 868 concedit
1365 840 1396 867 et
1420 834 1543 877 pariter
1576 833 1732 874 indulget,
1769 832 1855 875 quod

1121 887 1202 930 ipsi¹
1228 887 1380 919 omnibus
1424 892 1453 918 et
1492 886 1626 927 singulis
1667 884 1854 927 privilegiis,

1122 939 1390 982 exemptionibus,
1430 938 1646 977 libertatibus,
1674 936 1857 969 immunita-

1123 993 1218 1032 tibus,
1246 991 1456 1033 indulgentiis
1490 996 1522 1023 et
1546 990 1666 1033 gratiis,
1699 989 1858 1022 ecclesiae

1122 1051 1153 1078 et
1177 1044 1284 1077 domui
1311 1041 1349 1076 de
1385 1044 1508 1086 Populo
1541 1052 1717 1085 earumque
1747 1051 1858 1084 perso-

1122 1098 1170 1130 nis
1205 1107 1263 1139 per
1300 1095 1414 1129 Sedem
1451 1094 1669 1138 Apostolicam
1700 1095 1856 1127 hactenus

1122 1149 1295 1187 concessis,
1309 1149 1340 1180 in
1367 1148 1518 1181 omnibus
1544 1153 1575 1180 et
1598 1157 1657 1190 per
1682 1146 1790 1179 omnia
1812 1146 1856 1178 uti

1099 1213 1101 1219 ’
1122 1203 1245 1235 valeant
1271 1206 1303 1233 et
1322 1200 1474 1243 gaudere.

1166 1254 1284 1287 Tertio.
1308 1253 1581 1286 Praemittendum
1600 1257 1656 1292 est,
1678 1252 1766 1294 quod
1784 1251 1857 1285 Gre-
1874 1293 1878 1297 ἱ
1934 1260 2051 1284 Abronatur

1124 1307 1233 1351 gorius
1248 1307 1313 1339 XIII
1328 1306 1359 1338 in
1374 1306 1465 1338 Brevi
1480 1305 1533 1338 Ad
1546 1304 1739 1348 augyemlam,
1755 1310 1789 1336 ut
1807 1287 2052 1337 sn-Zbi'tlissfffssls'f²⁴¹'¹“¹

1123 1371 1189 1404 pra,
1205 1370 1276 1392 eum
1289 1358 1300 1375 ²
1313 1359 1397 1391 inter
1414 1358 1532 1400 gratias
1558 1357 1740 1400 spirituales
1757 1356 1861 1390 dictae

1123 1412 1379 1446 confraternitati
1412 1417 1475 1443 tam
1506 1411 1538 1443 in
1571 1409 1759 1453 particulari
1784 1421 1862 1443 con-

1123 1477 1237 1506 cessas
1257 1476 1351 1508 quam
1368 1465 1478 1498 forsan
1496 1474 1554 1507 pcr
1571 1463 1862 1506 partecipationem

1122 1519 1399 1561 intjlulgentiarum
1414 1516 1542 1550 Ordinis
1565 1515 1778 1548 Eremitarum
1796 1526 1864 1548 san-

1124 1571 1164 1604 cti
1191 1569 1362 1612 Augustini
1388 1570 1437 1601 vel
1462 1568 1599 1600 cuiusvis
1625 1567 1757 1600 alterius
1785 1567 1863 1600 reli-

1123 1624 1226 1667 gionis
1257 1623 1520 1661 communicatas,
1556 1622 1734 1654 nonnullae
1768 1631 1861 1664 repe-

1122 1678 1246 1710 riantur
1270 1687 1343 1709 cuin
1368 1676 1512 1708 clausula
1538 1684 1654 1706 manus
1684 1673 1860 1706 adiuuit-cs

1120 1729 1320 1773 porrigendi,
1354 1738 1437 1771 quae
1475 1727 1605 1770 quidem
1646 1737 1705 1770 per
1743 1726 1860 1759 Sedem

1124 1782 1343 1826 Apostolieam
1380 1782 1508 1814 suerunt
1531 1785 1708 1819 revocatae,
1734 1779 1803 1811 vult
1828 1784 1860 1812 et

1123 1836 1267 1868 decernit
1291 1834 1377 1877 quod
1403 1833 1605 1866 eaedemmct
1633 1831 1858 1874 indulgentiae

1123 1894 1154 1921 et
1177 1888 1361 1931 spirituales
1388 1886 1511 1929 gratiae
1530 1885 1622 1918 dictis
1643 1884 1859 1918 confratribus

1123 1940 1337 1983 sull'ragentur
1362 1950 1463 1982 aeque
1491 1949 1527 1971 ae
1544 1938 1568 1971 si
1589 1937 1653 1970 illis
1672 1937 1755 1969 dicta
1779 1938 1860 1969 clau-

1124 1995 1193 2027 sula
1216 2004 1281 2026 non
1296 1993 1430 2031 adesset,
1453 2001 1547 2034 quam
1565 1990 1692 2033 penitus
1715 1990 1860 2032 abrogat,

1125 2046 1394 2085 dummodo,loco
1420 2043 1608 2087 porrigendi
1635 2052 1748 2075 manus
1773 2042 1861 2074 adiu-

1125 2099 1230 2138 trices,
1245 2097 1386 2141 quinque
1397 2096 1517 2128 vicibus
1532 2095 1712 2129 orationem
1727 2094 1861 2127 domini-

1124 2162 1193 2184 cam
1217 2156 1247 2184 et
1273 2151 1407 2183 totidem
1428 2149 1654 2188 salutationem
1679 2147 1861 2190 angelicam

1124 2216 1182 2248 pro
1208 2209 1336 2237 sanctae
1361 2202 1468 2236 Matris
1485 2201 1647 2235 Ecclesiae
1665 2200 1860 2234 exaltatione

1126 2263 1158 2291 ct
1183 2258 1355 2290 haeresum
1380 2254 1597 2298 extirpationc
1623 2254 1772 2286 recitent.

1169 2310 1285 2343 Ultimo
1313 2307 1589 2352 praemittendum
1617 2312 1668 2339 est
1699 2306 1785 2349 quod
1810 2306 1859 2338 Iu-

1915 2312 1989 2332 omnia
2004 2316 2053 2331 con-

1869 2344 1929 2358 cessa
1943 2338 1998 2358 dicto
2014 2338 2053 2358 01·-

1975 2365 2054 2384 habeut,

1871 2397 1911 2411 ιἰιιι
1929 2391 2006 2410 buum:-

1124 2426 1240 2456 anm,
1267 2414 1475 2458 pontificatus
1511 2423 1596 2445 anno
1628 2422 1656 2451 v,
1682 2417 1717 2443 ut
1751 2412 1861 2445 omnia

1126 2480 1221 2513 quam
1245 2468 1427 2501 firmissima
1452 2466 1515 2499 sint
1544 2476 1626 2509 quae
1647 2465 1756 2498 Ordini
1773 2475 1863 2508 prae-

1127 2523 1209 2556 dicto
1235 2520 1418 2564 Apostolica
1433 2519 1534 2552 Sedes
1560 2518 1695 2561 elargita
1713 2523 1769 2557 est,
1792 2528 1863 2560 pro-

1166 2595 1173 2619 l
1198 2591 1267 2618 Edit.
1288 2591 1366 2618 lllain.
1387 2590 1453 2625 legit
1471 2589 1530 2624 ipse
1549 2590 1587 2623 (R.
1603 2588 1652 2622 12).

1161 2636 1178 2662 2
1198 2635 1358 2663 Particulam
1378 2642 1443 2661 cum
1462 2641 1511 2661 nos
1531 2632 1655 2660 addimus
1674 2636 1712 2666 tn.
1732 2631 1781 2664 T.).
