2279 3260
265 233 313 258 An.
336 232 363 259 c.
386 233 455 260 1676
500 224 575 259 6:34·

296 1617 305 1643 Ξ
323 1617 338 1637 t.
364 1616 393 1637 Do
415 1616 452 1636 ho-

268 1645 358 1667 npnibns
367 1644 454 1668 religio-

269 1677 303 1690 RN.

504 295 532 316 v.
561 282 674 317 Nullus
698 288 850 327 aegrotus
884 294 921 317 ex
953 282 1073 316 nostris
1105 291 1197 314 cure-

461 342 512 368 tur
542 342 631 369 extra
666 342 871 377 conventum,
898 336 994 369 etiam
1031 335 1063 367 in
1100 335 1196 367 domo

460 394 630 432 parentum
657 401 801 429 suorum,
820 389 882 422 nisi
908 399 995 428 casn,
1023 398 1087 430 quo
1113 397 1198 419 mor-

460 443 519 475 bus
545 442 588 475 ita
614 442 654 475 sit
686 442 802 485 gravis,
828 442 915 484 quod
948 440 987 472 ab
1014 441 1069 473 illo
1104 439 1198 473 aliter

461 505 525 528 non
551 506 648 538 posse
673 495 809 527 evadere
828 494 1004 537 prudenter
1024 492 1195 531 iudicetur,

461 553 491 580 et
523 553 598 581 tunc
634 548 764 590 quidem
804 546 857 579 tiat
891 557 963 579 cum
1000 545 1129 579 licentia
1165 545 1196 577 in

461 602 589 645 scriptis
613 601 714 645 patris
740 599 924 643 generalis,
954 605 985 633 et
1010 599 1041 632 in
1068 598 1197 642 oppidis

460 654 492 688 in
519 655 633 697 quibus
656 654 849 687 coenobium
874 658 1022 686 nostruin
1049 663 1114 685 non
1134 657 1194 685 est.

506 717 546 739 vt.
575 707 694 739 Balnea
720 705 925 738 medicinalia
960 706 1068 738 nullus
1102 705 1197 737 intret

461 763 613 800 aegrotus
638 758 758 800 absque
784 757 885 800 patris
910 756 1068 800 generalis
1099 757 1197 789 licen-

461 811 504 843 tia
528 811 559 843 in
593 810 734 853 scriptis,
772 811 830 843 sub
867 812 974 853 poena
1009 809 1198 853 privationis

459 864 545 897 vocis
571 870 603 896 et
627 863 700 896 loci.
1137 875 1140 878 ⁴

503 927 559 949 vn.
587 916 661 949 Sine
687 917 839 959 expressa
870 915 1000 948 licentia
1032 914 1080 947 sui
1108 925 1198 958 prae-

460 969 516 1003 lati
549 979 644 1002 nemo
678 969 837 1002 medicum
872 969 1019 1001 consulat
1043 979 1102 1001 nec
1135 979 1198 1011 me-

462 1022 576 1055 dicinis
601 1027 709 1055 utatur
733 1023 792 1055 sub
819 1023 924 1065 poena
945 1021 1051 1064 gravis
1069 1022 1194 1064 culpae.

505 1086 574 1109 viu.
600 1075 707 1109 Liceat
731 1075 866 1107 infirmis
891 1085 963 1107 cum
980 1074 1119 1118 praelati
1143 1074 1198 1106 be-

462 1128 648 1161 nedictione
683 1127 727 1160 uti
760 1127 924 1160 tibialibus
957 1132 988 1159 et
1025 1126 1196 1170 pedulibus

461 1182 510 1214 vel
547 1181 653 1224 aliqua
692 1181 753 1214 alia
789 1191 823 1213 re
857 1192 895 1213 ex
933 1191 1009 1223 sago
1042 1181 1116 1213 albo
1149 1181 1196 1213 vel

463 1234 558 1267 simili
590 1234 733 1273 materia,
758 1239 794 1266 ut
823 1244 855 1267 se
876 1238 1050 1277 protegant
1082 1239 1113 1265 et
1145 1234 1194 1266 so*-

462 1292 567 1319 veant.

463 1367 591 1396 Rasum
614 1375 706 1395 CAPUT
733 1365 830 1395 XXlll.
857 1383 891 1386 —
915 1365 952 1394 Si
975 1365 1031 1404 qui
1051 1364 1199 1404 religiosi

522 1414 564 1444 ad
584 1414 819 1454 hospitandum
841 1413 1048 1449 advenerint,
1072 1418 1133 1443 etc.

463 1481 554 1521 Caput
576 1490 656 1510 xxm.
682 1499 715 1502 —
740 1483 783 1510 De
804 1480 937 1510 charitate
968 1481 1119 1510 emm-conda
1139 1490 1198 1509 own

547 1530 695 1569 hospitibus
717 1530 849 1567 religiosis
871 1533 896 1559 et
917 1529 1113 1558 saecularibus.

509 1617 530 1639 1.
558 1604 750 1648 Superiores
782 1604 933 1637 benevoli
962 1604 1122 1647 recipiant
1142 1604 1201 1637 ho-

464 1660 566 1703 spites
592 1658 693 1691 nostri
717 1657 855 1697 Ordinis,
871 1662 903 1690 et
926 1658 1112 1690 necessaria
1135 1658 1200 1691 illis

464 1712 683 1756 suppeditent,
710 1713 769 1745 sub
795 1714 901 1754 poena
926 1712 1040 1755 culpae
1074 1712 1199 1755 gravis,

465 1767 565 1800 ceteri
605 1765 752 1808 religiosi
790 1764 991 1798 san'iiliaiiter
1032 1775 1102 1797 cum
1139 1765 1202 1799 illis

465 1825 571 1862 agant,
596 1819 765 1862 primaque
795 1823 889 1851 nocte
924 1818 1068 1861 ipsorum
1101 1819 1201 1862 pedes

465 1874 623 1906 laventur.
652 1872 695 1904 Ac
714 1870 815 1904 simili
841 1870 999 1904 charitate
1015 1877 1047 1904 et
1061 1872 1203 1905 benevo-

465 1926 566 1958 lentia
606 1924 777 1967 recipiatur
802 1924 941 1967 quilibet
965 1924 1096 1957 alterius
1114 1924 1204 1958 Ordi-

467 1979 515 2012 nis
541 1977 721 2020 religiosus,
748 1977 801 2020 qui
834 1978 872 2010 ad
904 1977 1136 2021 hospitandum
1171 1978 1202 2011 in

467 2033 578 2066 domos
600 2036 727 2064 nostras
745 2031 923 2064 advenerit.

513 2098 547 2120 11.
575 2086 726 2129 Hospites
744 2085 845 2118 nostri
865 2085 1004 2126 Ordinis,
1046 2090 1204 2120 transacta

468 2139 571 2183 prima
596 2138 657 2178 die,
685 2138 785 2171 choro
818 2143 849 2171 et
881 2137 951 2171 aliis
986 2138 1205 2172 functionibus

468 2189 710 2224 communitatis
746 2189 907 2229 assistant,
937 2189 998 2222 nisi
1035 2190 1116 2223 sorte
1146 2201 1205 2234 per

469 2243 686 2286 prolixitatem
711 2242 837 2275 itineris
857 2243 1006 2286 superior
1024 2244 1204 2287 longiorem

469 2297 532 2329 illis
552 2296 696 2339 requiem
713 2297 880 2329 concedat.

514 2361 561 2384 ιιι.
589 2349 620 2382 Si
645 2351 730 2383 ultra
748 2354 888 2393 quatuor
906 2349 974 2383 dies
994 2350 1025 2383 in
1046 2356 1205 2385 conventu

469 2408 686 2443 remorentur,
714 2403 881 2446 pecunias,
908 2403 933 2435 si
960 2414 1038 2446 quas
1074 2404 1204 2445 habent,

471 2456 632 2500 superiori
659 2456 797 2497 tradant,
824 2461 859 2488 ut
882 2455 914 2488 in
949 2456 1044 2489 trium
1069 2457 1205 2491 clavium

471 2511 545 2543 arca
577 2509 811 2550 custodiantur,
832 2509 976 2553 alioquin
992 2520 1119 2553 poenae
1140 2511 1207 2543 cul-

471 2575 530 2607 pae
553 2564 656 2607 gravis
682 2563 869 2597 subiaceant
892 2574 952 2607 per
977 2568 1040 2597 tres
1069 2564 1150 2605 dies,
1177 2570 1208 2598 et

473 2618 622 2662 superior
640 2618 710 2650 illas
725 2617 866 2661 integras
884 2618 1044 2658 restituat,
1062 2618 1118 2651 sub
1132 2629 1207 2662 poe-

1042 232 1222 258 nummum
1246 232 1397 260 ROMANUM

1241 283 1280 314 na
1305 283 1528 326 suspensionis
1554 283 1593 317 ab
1619 284 1725 318 officio
1751 293 1810 329 per
1824 294 1973 319 mensem

1239 345 1349 368 unum.

1284 399 1324 421 iv.
1353 388 1463 422 Statim
1489 401 1524 423 ac
1550 391 1693 434 hospites
1717 392 1756 424 ad
1782 396 1972 425 conventum

1239 440 1446 482 accesserint,
1474 442 1534 474 nisi
1560 445 1695 485 praelati
1722 444 1798 483 sint,
1827 443 1973 476 ministro

1241 493 1406 526 declarent
1425 495 1501 537 qnid
1520 506 1617 528 curae
1635 502 1665 529 et
1682 496 1802 539 negotii
1823 495 1974 535 hab‘eant,

1240 551 1271 578 et
1295 548 1416 590 absque
1432 548 1562 580 licentia
1587 548 1681 589 illius,
1701 549 1843 592 quamvis
1862 549 1975 583 minis-

1241 599 1279 631 tri
1304 602 1536 633 conventuales
1569 603 1616 634 vel
1653 601 1869 644 provinciales
1900 601 1973 640 sint,

1240 662 1304 685 non
1331 652 1540 694 egrediantur
1565 663 1581 685 e
1613 658 1781 693 conventu,
1807 654 1975 686 obediant-

1240 714 1302 746 que
1339 704 1423 737 sicut
1447 706 1678 737 conventuales
1718 705 1975 738 ordinationibus

1240 761 1272 788 et
1296 757 1476 799 praeceptis
1502 757 1603 800 ipsius
1628 757 1777 800 praelati.

1284 819 1312 841 v.
1340 808 1522 841 Transactis
1548 810 1671 842 duobus
1690 810 1814 851 diebus,
1832 810 1978 853 hospites

1240 861 1350 895 missas
1377 863 1544 896 celebrent
1569 874 1627 906 pro
1644 863 1827 896 intentione
1846 868 1878 897 et
1894 863 1978 896 obli-

1240 915 1369 958 gatione
1394 921 1570 949 conventus
1595 917 1643 949 vel
1669 916 1801 959 collegii
1832 916 1919 949 illius
1944 917 1976 949 in

1240 979 1302 1011 quo
1328 969 1554 1012 hospitantur3
1582 969 1606 1001 si
1633 975 1739 1002 tamen
1770 969 1919 1002 venerint
1943 975 1978 1002 ut

1239 1024 1479 1063 conventuales,
1502 1035 1519 1056 a
1540 1023 1640 1066 prima
1662 1023 1713 1056 die
1734 1033 1793 1066 pro
1811 1022 1867 1056 illo
1888 1033 1978 1055 sacra

1239 1074 1366 1108 saciant.

1284 1139 1305 1162 1.
1333 1128 1434 1162 Etiam
1461 1129 1642 1162 saeculares
1667 1129 1827 1162 benevole
1853 1133 1884 1161 et
1901 1129 1977 1162 cha-

1241 1183 1365 1216 ritative
1391 1183 1598 1226 recipiantur,
1618 1194 1683 1216 non
1702 1188 1807 1216 tamen
1833 1183 1865 1216 in
1891 1194 1977 1216 com-

1242 1235 1329 1268 muni
1354 1235 1556 1275 dormitorio,
1589 1235 1646 1268 sed
1672 1235 1704 1268 in
1729 1237 1802 1268 loco
1828 1240 1976 1278 separato

1243 1289 1460 1332 hospitentur.

1287 1352 1320 1374 ιι.
1343 1341 1388 1374 Ne
1409 1341 1597 1384 permittant
1613 1342 1794 1374 saeculares
1814 1341 1897 1374 intra
1914 1342 1978 1374 cel-

1242 1395 1287 1427 las
1314 1399 1345 1427 et
1369 1394 1514 1427 officinas
1540 1398 1729 1434 conventus,
1761 1395 1907 1438 quamvis
1941 1395 1977 1427 il-

1242 1447 1304 1480 lius
1327 1447 1435 1480 famuli
1457 1448 1536 1488 sint,
1558 1448 1641 1480 bene
1661 1452 1766 1481 tamen
1785 1448 1894 1491 aliqua
1910 1458 1978 1491 per-

1243 1511 1322 1533 sona
1347 1501 1464 1544 gravis,
1491 1502 1547 1534 sed
1569 1511 1642 1534 raro
1664 1506 1783 1534 etcum
1800 1501 1978 1545 superioris

1243 1553 1372 1587 licentia
1388 1559 1420 1587 et
1439 1553 1593 1597 religioso
1611 1553 1799 1587 comitante.

1277 1633 1406 1664 niseum
1428 1642 1521 1663 CAPUT
1544 1633 1640 1663 XXIV.
1657 1651 1696 1656 —
1709 1632 1830 1663 Nullus
1842 1633 1945 1663 frater

1387 1681 1491 1711 laicus
1513 1681 1582 1712 sive
1604 1681 1758 1717 clericus,
1782 1685 1843 1711 eto.

1296 1748 1386 1787 Caput
1407 1756 1485 1777 xx1V.
1509 1765 1547 1770 —-
1567 1749 1612 1777 De
1633 1749 1766 1777 otiositate
1787 1758 1803 1777 α
1829 1749 1930 1778 nostris

1460 1796 1595 1835 fratribus
1621 1797 1763 1835 fuyiendci.

1290 1882 1311 1905 1.
1346 1871 1458 1905 Nullus
1492 1871 1675 1914 religiosus,
1706 1871 1791 1904 sicut
1825 1871 1985 1916 praecipit

1246 1926 1365 1968 regula,
1385 1925 1425 1957 sit
1442 1925 1512 1958 sine
1529 1925 1661 1968 proprio
1680 1924 1798 1965 officio,
1812 1924 1897 1957 iuxta
1909 1936 1984 1968 pru-

1246 1980 1376 2013 dentem
1400 1978 1537 2022 praelati
1563 1978 1823 2022 dispositionem.

1290 2042 1325 2065 11.
1352 2031 1461 2064 Officia
1481 2031 1514 2063 in
1532 2031 1695 2064 communi
1716 2030 1826 2063 tabula
1844 2030 1981 2074 singulis

1246 2084 1460 2118 hebdomadis
1488 2084 1665 2127 aequaliter
1689 2084 1927 2117 distribuantur
1952 2089 1984 2118 et

1246 2139 1456 2182 imponantur
1468 2138 1619 2171 omnibus
1634 2137 1804 2180 religiosis,
1820 2141 1984 2182 tam'prae-

1246 2191 1329 2232 latis,
1356 2201 1451 2234 quam
1483 2190 1638 2230 subditis,
1664 2195 1697 2223 at
1720 2190 1808 2223 iuxta
1834 2191 1918 2224 vires
1953 2196 1985 2224 et

1247 2244 1477 2288 occupationes
1512 2243 1780 2287 uniuscuiusque,
1817 2249 1917 2287 prout
1952 2244 1983 2276 in

1248 2303 1358 2331 nostro
1393 2296 1621 2330 caeremoniali
1655 2296 1847 2339 disponitur.
1874 2297 1912 2329 Et
1936 2307 1985 2330 sa·

1248 2350 1442 2390 cerdotibus,
1468 2350 1522 2392 qui
1547 2350 1609 2382 iam
1637 2349 1767 2392 triginta
1793 2355 1824 2383 et
1841 2356 1914 2383 octo
1934 2361 1985 2383 an-

1248 2416 1307 2438 nos
1333 2404 1372 2437 ab
1397 2403 1509 2436 habitu
1530 2409 1661 2446 recepto
1680 2404 1893 2447 expleverint,
1920 2415 1984 2438 non

1248 2459 1458 2502 imponantur
1481 2456 1586 2490 officia
1611 2458 1740 2500 legendi
1767 2462 1798 2490 et
1823 2458 1985 2491 serviendi

1249 2512 1280 2544 in
1307 2511 1487 2549 refectorio,
1512 2521 1573 2544 nec
1597 2510 1777 2549 infirmarii,
1797 2521 1857 2544 nec
1882 2512 1985 2555 pulsa-

1251 2565 1329 2597 toris
1368 2565 1601 2607 cymbalorum,
1639 2574 1699 2597 nec
1731 2564 1890 2605 ultimam,
1928 2575 1987 2598 nec

1247 2618 1458 2663 penultimam
1484 2617 1612 2650 missam
1637 2617 1835 2658 celebrandi,
1861 2627 1920 2650 nec
1944 2617 1988 2651 in-

1981 235 2029 264 ΑΒ.
2050 235 2080 264 C.
2101 235 2168 263 ¹676

2015 1141 2058 1171 §2
2083 1141 2112 1163 De
2133 1142 2170 1163 ho-

1988 1169 2078 1193 spitibus
2097 1175 2171 1189 sauru-

1988 1195 2074 1216 taribus.
