2279 3260
233 254 282 280 An.
303 254 330 281 C.
356 254 422 281 1⁶70
468 246 531 279 ,134
1015 261 1192 286 nominum
1218 261 1368 286 nomnen
1937 263 1984 289 An.
2006 262 2035 289 C.
2060 259 2127 290 ¹670

427 304 520 336 saluti
547 311 700 348 qnantum
737 317 805 339 rum
831 307 965 341 Domino
992 319 1158 351 possmuus
1181 341 1183 349 ,
1203 309 1243 340 sit
1262 316 1292 341 et
1317 311 1573 351 communicavit,
1595 310 1843 353 Congregationi
1872 311 1937 354 pri-

425 356 563 390 libenter
586 359 799 399 consulamus,
819 359 956 403 illosque
978 362 1016 393 ab
1036 361 1089 392 illa
1107 359 1160 391 mi·
1181 358 1182 429 1
1202 362 1360 395 modietae
1377 390 1384 403 ,
1411 362 1513 396 i‘llius⁴
1541 364 1689 396 fratribus
1722 369 1753 396 et
1776 363 1855 396 locis
1880 374 1939 406 per

424 409 554 442 serabili
581 411 734 444 servitute
760 413 976 452 sublevemus,
994 423 1029 444 ac
1046 422 1160 455 opera·
1180 439 1182 447 Α
1203 424 1261 446 nos
1287 420 1315 446 et
1344 415 1458 448 Sedent
1485 417 1632 449 eamdem
1658 417 1780 460 pariter
1804 416 1939 449 concedi

424 462 487 494 rios
514 462 558 495 illi
585 465 700 502 messi,
732 476 812 507 quae
838 465 946 507 utique
969 476 1032 497 non
1058 475 1159 507 paura
1180 453 1182 479 ε
1202 471 1233 498 et
1257 468 1504 501 communicari:
1530 469 1623 501 nobis
1656 474 1827 512 propterea
1853 469 1939 501 idem

425 514 550 554 existit,
573 526 607 547 ex
635 516 778 558 professo
804 516 1006 557 invigilantes
1030 516 1159 548 adiuve-
1180 514 1181 553 J
1203 518 1386 551 Franciscus
1423 526 1616 562 procurator
1648 522 1809 563 generalis
1835 521 1940 553 bumi-

425 576 509 606 mus,
542 578 718 611 eorumque
743 569 829 611 pium
856 568 1068 607 exercitium,
1094 579 1158 611 quo
1180 562 1182 628 i
1203 570 1274 603 liter
1299 571 1475 613 supplicari
1513 572 1588 604 fecit
1613 578 1647 604 ut
1681 573 1712 604 in
1749 571 1938 616 praemissis

426 618 496 661 ipsi,
516 620 641 652 labores
663 621 842 663 expeditius
862 620 1078 663 suscipiendo,
1097 626 1158 652 tam
1179 658 1180 661 Ἰ
1202 629 1383 666 opportune
1410 625 1579 666 providere
1610 631 1641 658 et
1665 630 1698 657 nt
1723 625 1806 658 infra
1832 625 1938 658 indul-

424 671 509 712 pium
536 682 616 714 opus
636 672 772 704 alacrius
791 673 983 705 continuent
1001 678 1032 704 et
1056 683 1158 714 prom-
1179 669 1181 703 ’1
1202 686 1277 716 gere
1304 676 1342 709 de
1375 677 1575 719 benignitate
1612 678 1790 720 apostolica
1820 678 1935 720 digna-

251 946 319 966 Cansa
330 947 410 966 indutu.

425 724 508 765 ptius
534 729 755 766 exequantur,
792 725 901 766 gratiis
935 730 965 756 et
997 725 1158 757 favoribus
1180 751 1181 763 ,
1201 739 1322 760 remur,

423 776 539 817 quibus
568 787 739 818 possumus
761 777 968 819 amplissimis
993 779 1158 810 confovea-
1179 794 1180 797 =

423 838 502 867 mus,
524 833 620 870 prout.
646 828 675 859 in
702 829 836 861 Domino
864 830 1080 873 conspicimus
1110 842 1156 862 sa—

423 880 560 913 lubriter
585 881 749 922 expedire.
1179 913 1181 929 ‚

467 934 480 974 ,ξ
506 933 536 965 l.
563 933 639 965 Cum
665 934 784 976 itaque,
807 934 888 966 sieut
913 935 1049 967 dilectus
1075 935 1158 968 silius
1179 937 1180 942 ’

423 985 610 1031 Franciscns
645 997 662 1017 a
692 986 859 1028 Stephano
888 993 1079 1029 procurator
1109 1000 1158 1030 ge-

423 1039 551 1070 neratis
574 1038 842 1081 Congregationis
870 1040 1002 1071 fratrum
1035 1040 1155 1072 Discal-

423 1096 586 1123 ceatorum
605 1091 733 1123 Ordinis
754 1092 870 1127 Beatae
896 1092 1011 1124 Mariae
1031 1093 1067 1125 de
1086 1093 1159 1125 Mer-

423 1144 499 1176 cede
516 1144 750 1187 redemptionis
775 1144 974 1187 captivorum
991 1145 1085 1177 nobis
1106 1156 1159 1177 nu-

423 1207 482 1239 per
513 1197 630 1240 exponi
664 1196 785 1237 fecit,¹
812 1198 924 1229 fratres
953 1202 983 1229 et
1015 1197 1182 1239 religiosi=

423 1250 568 1282 eiusdem
599 1249 864 1292 Congregationis
898 1249 929 1281 in
960 1250 1159 1292 captivorum

423 1303 645 1345 redemptione
671 1313 728 1345 pro
753 1303 872 1334 viribus
896 1308 1106 1345 occupentur,
1129 1308 1160 1334 et

423 1356 538 1397 longos
558 1367 594 1388 ac
612 1356 771 1388 taediosos
796 1356 924 1388 labores
950 1356 981 1387 in
1009 1356 1160 1387 transfre-

424 1409 521 1441 tando
547 1409 638 1449 mari,
659 1414 690 1441 et
707 1409 790 1452 apud
812 1409 900 1451 ipsos
925 1409 1072 1441 infideles
1093 1408 1159 1440 die-

424 1461 480 1492 tim
507 1461 696 1499 sustineant,
717 1466 748 1493 et
765 1471 830 1493 non
856 1461 951 1493 modo
978 1461 1009 1492 in
1035 1461 1159 1493 redem-

424 1513 533 1556 ptione
567 1513 653 1556 ipsa,
681 1523 762 1556 qnae
796 1513 835 1545 ad
868 1523 981 1545 omnes
1016 1513 1160 1555 captivos

424 1576 590 1608 nunquam
616 1566 745 1598 extendi
776 1571 891 1608 potest,
909 1566 965 1597 sed
987 1566 1081 1597 etiam
1108 1576 1160 1598 ex-

425 1619 687 1658 hortationibus,
716 1618 928 1651 concionibus
961 1624 991 1650 et
1015 1619 1160 1651 admoni-

424 1672 566 1704 tionibus
591 1672 629 1704 ad
657 1672 808 1713 reliquos,
828 1672 880 1714 qni
907 1672 1023 1704 dictam
1048 1673 1160 1704 durant

426 1725 613 1756 servitutem
640 1725 846 1765 continuant,
877 1735 916 1756 ne
943 1725 1022 1757 tides
1048 1735 1159 1757 eornm

427 1776 576 1815 deficiat,
603 1783 822 1819 occupentur,
854 1777 1002 1819 proprias
1030 1778 1161 1811 faculta-

427 1836 475 1863 tes
502 1831 640 1863 libenter
664 1837 836 1873 exponant,
862 1831 1045 1864 discrimina
1070 1843 1162 1875 quae-

427 1884 506 1917 libet
530 1890 562 1916 et
585 1884 728 1926 pericula
746 1885 894 1916 alacriter
912 1884 1064 1918 indefessi
1086 1887 1161 1918 sub-

429 1943 516 1976 eant,
536 1942 567 1969 et
594 1941 628 1968 ut
651 1942 714 1968 tam
740 1936 828 1978 pium
853 1948 933 1979 opus
959 1948 996 1969 eo
1026 1939 1161 1971 alacrius

429 1990 544 2021 fratres
567 1989 627 2032 ipsi
661 1989 858 2021 continuent
880 1995 911 2021 et
947 1990 1056 2022 utilius
1082 2002 1158 2023 exe-

430 2047 579 2084 quantur,
599 2041 883 2084 promptioresque
909 2042 947 2073 ad
974 2043 1004 2074 id
1030 2044 1163 2075 reddan-

430 2100 492 2132 tur,
517 2095 692 2137 plurimum
718 2094 849 2137 cupiant
873 2095 1008 2127 aliarum
1033 2097 1163 2138 religio-

431 2157 507 2179 num
535 2153 565 2180 et
598 2146 752 2179 Ordinum
782 2148 901 2189 gratias
933 2154 965 2180 et
996 2149 1163 2191 privilegia

431 2210 447 2232 a
467 2199 547 2232 Sede
569 2200 753 2242 Apostoliea
779 2210 938 2238 concessa,
953 2213 1034 2244 <piae
1063 2202 1163 2234 felicis

430 2253 665 2287 recordationis
689 2252 834 2285 Urbanus
853 2254 937 2297 Papa
954 2255 1014 2287 Ylll
1034 2257 1164 2298 praede-

431 2316 540 2339 cessor
556 2313 675 2347 noster,
696 2318 755 2349 per
774 2308 925 2350 quasdam
941 2310 999 2341 sub
1021 2310 1160 2352 plumbo,
1184 2310 1186 2326 ¹

432 2370 517 2392 anno
538 2359 767 2392 incarnationis
793 2361 974 2393 Dominieae
997 2372 1161 2401 MDCXXXIV,

432 2423 448 2446 x*
466 2414 619 2445 balcndas
641 2413 774 2455 aprilis,
802 2414 1006 2456 pontificatus
1030 2416 1076 2447 sui
1104 2427 1163 2448 an—

432 2477 472 2498 no
498 2478 540 2500 Χῖ,
567 2467 729 2508 expeditas
754 2466 887 2506 litteras,
914 2467 1163 2510 Congregationi

433 2519 563 2550 fratrtnn
590 2519 861 2551 Discalceatortnn
883 2519 1008 2552 Ordinis
1026 2521 1079 2552 SS.
1098 2521 1164 2553 Tri·
1186 2528 1187 2539 ¹

432 2572 539 2603 nitatis
565 2572 796 2614 redemptionis
813 2573 1011 2614 captivorum
1037 2583 1166 2606 conces-
1186 2596 1188 2604 2

469 2635 477 2658 1
503 2633 663 2659 I'articulam
680 2635 754 2667 qumi
772 2633 828 2660 beic
845 2633 965 2660 delemus
979 2636 1014 2669 (n.
1034 2635 1081 2669 Ty).

1244 782 1258 823 ἕ
1284 781 1314 813 ⁹2.
1341 781 1403 813 Nos
1424 781 1533 825 igitur,
1552 782 1776 825 primodictam
1797 782 1938 824 Congre-

1202 834 1362 875 gationem
1394 834 1588 867 firmissimis
1624 834 1793 877 praesidiis
1818 836 1938 867 vallare

1179 905 1180 910 =
1201 886 1434 926 desiderantes,
1455 886 1623 929 ipsumque
1643 886 1848 919 Francisenm
1868 897 1939 930 pro-

1179 974 1180 987 }
1201 944 1380 971 curatorem
1399 940 1593 981 gtnieralem,
1614 944 1646 971 et
1665 939 1845 981 singulares
1862 939 1938 971 Con-

1201 991 1398 1033 gregationis
1425 991 1610 1023 huiusmodi
1637 1001 1793 1034 personas
1818 1002 1835 1023 a
1868 991 1939 1034 qui-

1202 1043 1307 1075 busvis
1334 1043 1686 1083 exconnnnnicationis,
1715 1044 1937 1087 suspensionis

1202 1101 1231 1128 et
1258 1096 1433 1137 interdicti,
1460 1097 1596 1139 aliisque
1623 1097 1846 1130 ecclesiasticis
1870 1107 1938 1129 sen-

1202 1150 1321 1189 tentiis,
1343 1150 1487 1182 censuris
1514 1156 1544 1183 et
1569 1150 1692 1193 poenis,
1712 1161 1728 1182 a
1744 1150 1813 1183 iure
1830 1151 1880 1182 vel
1898 1148 1937 1182 ab

1203 1202 1345 1242 bomine,
1366 1203 1475 1245 quavis
1489 1203 1657 1235 occasione
1674 1204 1724 1235 vel
1742 1205 1837 1235 causa
1854 1203 1936 1243 latis,

1180 1254 1226 1285 ,εἰ
1253 1255 1370 1297 quibus
1402 1255 1646 1298 quomodolibet
1676 1255 1849 1288 innodatae
1875 1255 1937 1288 exi-

1203 1312 1297 1347 stunt,
1314 1308 1352 1339 ad
1374 1307 1519 1339 effectum
1538 1308 1758 1350 praesentium
1776 1307 1940 1340 dumtaxat

1203 1360 1477 1402 consespiendum,
1495 1360 1608 1392 barum
1629 1360 1711 1392 serie
1733 1360 1938 1393 absolventes

1203 1418 1233 1445 et
1258 1413 1421 1446 absolutas
1449 1414 1516 1445 fore
1542 1418 1728 1453 censentes,
1755 1413 1940 1447 huiusmodi

1203 1465 1495 1509 supplicationibus
1523 1466 1680 1506 inclinati,
1709 1466 1747 1498 de
1773 1467 1941 1499 venerabi-

1203 1518 1293 1550 liium
1313 1519 1445 1551 fratrum
1464 1524 1651 1551 nostrornm
1672 1519 1702 1551 S.
1724 1519 1760 1551 R.
1780 1519 1813 1551 E,
1836 1520 1940 1552 cardi-

1204 1571 1324 1603 nalium
1349 1571 1487 1613 negotiis
1513 1577 1544 1603 et
1567 1571 1857 1604 consultationibus
1875 1571 1941 1614 epi—

1203 1634 1377 1666 scoporum
1399 1630 1430 1656 et
1448 1614 1643 1666 regularium
1668 1625 1939 1667 praepositorum,

1204 1677 1258 1719 qui
1285 1687 1353 1708 rem
1385 1676 1559 1718 diligenter
1590 1677 1813 1709 examinarunt
1843 1683 1939 1721 atque

1205 1730 1436 1769 discusserunt,
1468 1735 1499 1762 et
1524 1741 1560 1762 ea
1586 1731 1694 1763 omnia
1718 1730 1886 1774 privilegia
1911 1736 1942 1763 et

1204 1782 1327 1814 indulta
1343 1783 1531 1825 apostolica,
1546 1782 1659 1825 quibus
1677 1783 1793 1825 religio
1811 1783 1861 1816 Ss.
1875 1783 1942 1815 Tri-

1204 1835 1313 1866 nitatis
1339 1835 1573 1877 redemptionis
1600 1836 1800 1878 captivorum
1826 1835 1942 1867 fruitur

1205 1893 1236 1920 et
1261 1888 1387 1930 gaudet,
1408 1893 1590 1931 competere
1614 1899 1713 1931 posse
1740 1894 1771 1920 et
1797 1899 1869 1920 esse
1890 1888 1942 1920 iti-

1205 1941 1278 1972 dem
1312 1940 1558 1983 proportionata
1590 1940 1827 1983 suprascriptae
1859 1940 1939 1972 reli--

1206 1993 1293 2035 gioni
1319 1993 1356 2024 dc
1375 1992 1520 2025 Mercede
1545 1992 1780 2035 redemptionis
1805 1993 1942 2035 captivo—

1205 2056 1275 2077 rum
1292 2051 1499 2084 censnerunt,
1518 2045 1666 2085 consilio,
1683 2045 1786 2077 eidem
1802 2045 1943 2087 Congre-

1184 2118 1185 2125 κ
1206 2098 1327 2140 gationi
1347 2098 1479 2129 fratrum
1497 2097 1767 2130 Discalceatorum
1786 2098 1942 2141 praedicti

1206 2151 1334 2183 Ordinis
1368 2151 1485 2183 Beatac
1511 2151 1627 2183 Mariae
1655 2152 1692 2183 de
1719 2151 1867 2183 Mercede
1893 2162 1943 2184 re-

1207 2204 1403 2247 demptionis
1429 2203 1641 2246 captivorum,
1665 2204 1817 2246 illiusque
1844 2204 1944 2237 domi-

1207 2258 1264 2289 bus
1285 2262 1315 2290 et
1340 2257 1543 2299 regularibus
1576 2257 1655 2289 loeis
1689 2258 1746 2289 sub
1778 2257 1832 2289 illa
1856 2268 1943 2290 com-

1206 2309 1390 2353 prehensis,
1406 2320 1533 2342 necnon
1547 2309 1704 2352 superiori
1723 2310 1865 2351 generali
1882 2321 1942 2353 pro

1184 2382 1187 2406 t
1208 2369 1354 2405 tempore
1380 2363 1541 2402 existenti,
1567 2363 1797 2395 diffinitoribus
1822 2368 1853 2395 et
1869 2374 1943 2406 pro-

1208 2416 1407 2449 curatoribus
1433 2416 1651 2458 generalibus,
1678 2416 1845 2456 visitatori,
1871 2426 1944 2450 con-

1185 2455 1187 2520 }
1207 2468 1383 2501 sultoribus
1398 2496 1405 2508 ,
1439 2469 1594 2501 assessori
1612 2495 1618 2507 ,
1653 2469 1942 2512 superioribusque

1207 2516 1459 2564 provincialibus
1490 2527 1522 2553 et
1546 2521 1834 2563 conventualibus,
1860 2522 1944 2554 allis-

1208 2586 1269 2618 que
1296 2574 1525 2618 cuiuscumque
1562 2575 1701 2607 nominis
1727 2575 1942 2616 officialibus,

1246 2637 1255 2662 1
1280 2636 1372 2670 Aptius
1392 2637 1450 2670 leg·¹
1474 2637 1724 2672 tltinsq1‹e(n.r.).

1962 795 2074 815 Confirmat
2085 801 2131 822 pro-

1949 824 1970 842 ut.
1982 822 2002 842 iu
2015 822 2108 843 rubrica.
