2279 3260
216 272 265 299 An.
283 270 311 297 c.
333 270 397 297 1071
446 261 509 295 256

297 1800 418 1826 temptatio

238 1828 307 1848 dictae
331 1827 419 1847 matutae
466 1842 471 1847 .

237 1857 420 1905 [dstffiigfflrsgs-›grn
430 1852 535 1875 minus
554 1842 588 1873 D.
612 1840 736 1873 Flavius
750 1839 885 1871 Ursinus
906 1836 1076 1870 Brachiani
1102 1836 1163 1868 dux

237 1904 421 1955 giffugl'obtiissai}
432 1894 608 1937 acceptavit
636 1893 852 1935 supradictam
882 1891 1027 1923 cedulam
1047 1894 1166 1922 motus-

240 1961 269 1978 1111
281 1958 368 1978 aliorum
381 1957 420 1977 fra—

238 1987 302 2004 trum.

410 320 522 360 regula
558 328 757 361 quacumque
791 314 948 348 contraria
985 324 1048 345 non
1081 313 1139 344 ob-

411 375 539 410 stante;
573 376 605 403 et
629 369 853 408 nihiloinii'ius,
875 367 999 399 litterae
1027 370 1089 397 tam
1112 364 1144 396 in

412 422 513 454 fornia
528 422 633 455 Brevis
649 422 707 454 sub
722 422 840 454 annulo
859 417 1035 457 Piscatoris,
1051 426 1143 459 quam

412 475 471 508 sub
488 476 629 518 plumbo,
648 479 679 507 et
695 484 753 517 per
771 471 911 505 ossiehnn
926 469 1058 502 minoris
1081 478 1146 510 gra-

415 529 484 568 tiae,
499 539 568 560 cum
579 527 830 569 snpratlictorum
846 523 988 557 omnium
1001 527 1033 555 et
1042 522 1146 563 singu-

413 580 517 612 lorum
540 577 691 611 maioris¹
714 576 950 620 specificatione
970 579 1000 607 et
1021 583 1147 616 expres-

414 633 520 671 sione,
553 632 686 674 aliisque
712 629 862 662 clausulis
898 626 1085 660 necessariis
1117 630 1149 657 et

415 685 627 728 opportunis,
653 694 689 715 ac
714 681 817 714 solitis
844 685 875 713 et
899 678 1085 717 consuetis,
1114 688 1148 709 ac

415 738 495 776 aliis,
514 743 545 769 et
562 741 658 779 prout
672 734 837 773 videbitur,
853 732 996 775 expediri
1014 730 1147 773 possint.

416 790 453 822 Et
477 789 550 832 quia
574 788 669 820 nimis
696 788 829 819 arduum
855 791 886 817 et
910 783 1038 816 difficile
1071 783 1151 815 soret

416 847 620 886 praesentem
645 841 799 879 cedulam,
816 839 879 871 sive
906 837 1029 870 litteras
1056 836 1151 868 desu-

417 905 475 937 per
489 893 718 931 coiitieiomdas,
732 891 882 923 omnibus
899 895 930 922 et
943 889 1058 932 quibus
1072 899 1152 931 opus

418 948 501 979 soret
543 944 745 986 originaliter
780 955 817 976 ac
852 943 971 985 ubique
1007 943 1151 974 locorum

418 999 595 1038 exhibere,
627 1000 771 1031 volumus
808 1001 904 1039 atque
935 994 1150 1032 decernimus,

419 1053 505 1096 quod
537 1058 599 1084 tani
633 1050 810 1094 praesentis
842 1047 1071 1091 motusproprii
1103 1056 1153 1078 ce-

420 1107 521 1145 dulae,
541 1116 636 1148 quam
663 1104 848 1142 litterarum,
866 1102 891 1134 si
911 1112 989 1144 quas
1016 1101 1154 1142 desuper

420 1158 451 1191 in
471 1158 579 1201 quavis
599 1158 700 1190 fornia
715 1155 859 1199 expediri
875 1152 1054 1196 contigerit,
1070 1157 1154 1184 tran—

421 1210 558 1254 sumptis
594 1215 624 1243 et
658 1208 831 1251 exemplis,
859 1207 954 1239 etiam
978 1205 1153 1248 impressis,

422 1274 518 1296 manu
544 1263 710 1295 secretarii
732 1261 807 1293 dieti
833 1260 946 1292 Montis
979 1264 1033 1290 aut
1058 1257 1155 1290 alicu-

423 1317 471 1349 ius
491 1317 640 1350 Gamerae
668 1320 796 1347 nostrae
819 1312 934 1345 notarii
956 1311 1154 1353 subscriptis,

423 1369 593 1412 sigilloque
612 1367 807 1400 thesaurarii
833 1364 991 1407 generalis
1008 1364 1156 1405 obsigna-

424 1422 472 1461 tis,
498 1422 609 1454 eadem
642 1430 775 1463 prorsus
809 1417 887 1449 fides
920 1417 951 1448 in
984 1416 1101 1448 iudicio
1127 1420 1158 1447 et

425 1479 514 1507 extra
537 1473 743 1510 adhibeatur,
775 1481 855 1514 quae
888 1469 1031 1512 ipsismet
1061 1468 1158 1509 origi-

425 1527 550 1560 nalibus
588 1525 798 1558 adhiberetur
831 1523 856 1554 si
890 1522 1157 1560 ostenderentur,

426 1579 670 1617 exhiberentur,
689 1578 738 1609 vel
757 1575 1030 1618 producerentur;
1049 1574 1157 1615 regula

427 1641 628 1677 quacumque
661 1628 821 1662 contraria
856 1627 975 1670 pariter
1007 1636 1074 1658 non
1106 1625 1161 1658 ob-

427 1690 529 1717 stante
545 1710 552 1724 ,
570 1688 630 1716 etc.

714 1734 790 1767 Fiat
816 1737 904 1765 motu
926 1732 1058 1775 proprio
1082 1731 1116 1764 E.

473 1788 713 1822 Illustrissimus
738 1792 770 1819 et
795 1784 1083 1818 excellentissimus
1108 1784 1164 1816 do—

433 1947 565 1991 proprii,
581 1951 613 1978 et
626 1946 712 1977 iuxta
726 1945 811 1977 illius
826 1945 957 1976 sormam
969 1943 1052 1975 dicto
1067 1942 1165 1974 Monti

435 2000 548 2033 Ursino
584 1998 712 2041 quintae
749 1996 921 2030 erectionis
946 1995 1113 2028 constituit
1137 2000 1167 2027 et

434 2052 605 2095 assignavit
637 2051 756 2082 fructus
793 2060 890 2092 supra
926 2049 1009 2082 dicta
1040 2048 1167 2081 civitate

435 2105 602 2139 Brachiani
620 2115 655 2136 ac
672 2102 860 2138 Cerveteris.
880 2113 916 2135 ex
942 2112 1077 2144 qnorum
1101 2101 1168 2133 red-

435 2158 563 2198 ditibus,
578 2162 652 2196 etc.,
671 2155 918 2194 dismembravit,
938 2160 1011 2191 etc„
1031 2164 1168 2186 annuam

435 2221 595 2244 summam
631 2215 790 2242 scutorum
826 2208 997 2241 duodecim
1033 2208 1169 2239 millium

435 2319 508 2351 dote
537 2322 569 2349 et,
594 2315 748 2348 fructibus
773 2315 948 2357 assignavit
972 2320 1003 2347 et
1025 2315 1119 2347 cessit
1136 2326 1170 2347 ac

435 2370 617 2413 applicavit,
634 2368 800 2401 montistas
815 2378 849 2399 ac
863 2367 1074 2409 depositarios
1090 2367 1171 2399 eius-

435 2423 507 2455 dem
534 2421 648 2454 Montis
667 2421 699 2452 in
725 2420 791 2452 eius
816 2421 921 2452 locum
943 2419 1117 2459 substituit,
1136 2430 1172 2451 ac
1191 2409 1194 2430 l

435 2474 651 2516 obligationes
670 2473 701 2505 in
721 2473 859 2505 savorem
882 2472 980 2514 ipsius
1000 2472 1114 2504 Montis
1136 2483 1170 2504 ac

437 2526 721 2570 depositariorum,
747 2536 807 2568 pro
831 2525 1084 2567 adimplemento
1111 2524 1171 2557 sibi

477 2640 488 2675 ᾳ
511 2638 603 2667 Potius
623 2637 681 2672 tege
701 2637 811 2666 maiore
829 2638 867 2672 (R.
889 2637 936 2670 τ.).

988 266 1164 291 BL'LLARIUM
1189 264 1338 288 ROMANUM

1920 260 1972 287 An.
1989 260 2019 288 C.
2042 261 2105 286 167¹

1186 322 1203 343 a
1222 311 1422 344 sanctissimo
1442 311 1572 343 domino
1591 314 1702 343 nostro
1719 309 1803 351 Papa
1819 308 1920 341 iniun-

1186 369 1320 403 ctorum,
1334 364 1420 396 iuxta
1446 364 1581 395 sormam
1595 363 1728 395 cedulae
1742 366 1920 403 motuspro-

1187 415 1248 458 prii
1275 415 1443 457 praedicti,
1471 415 1551 454 fecit,
1571 420 1643 455 eto,
1669 419 1701 446 et
1724 414 1757 445 in
1781 412 1920 446 solidum

1188 478 1258 500 cum
1284 468 1369 500 dicto
1390 467 1663 500 excellentissimo
1693 466 1824 499 domino
1842 466 1920 498 duce

1189 520 1295 552 Flavio
1319 531 1378 563 pro
1409 520 1631 552 observatione
1663 519 1805 552 omnium
1830 529 1923 561 prae-

1189 572 1359 605 missorum
1385 577 1607 612 accesserunt,
1632 571 1860 609 fideiusserunt
1892 575 1924 603 et

1190 636 1259 657 sese
1280 625 1463 667 obligarunt
1485 624 1755 657 eminentissimus
1789 628 1819 656 et
1839 634 1924 656 reve-

1191 678 1401 711 rendissimus
1427 678 1575 710 dominus
1595 677 1758 719 Virginius
1784 676 1925 709 cardina-

1192 731 1241 769 lis,
1263 741 1298 762 ac
1319 729 1553 762 illustrissimus
1580 734 1611 761 et
1635 728 1923 761 excellentissimus

1193 783 1296 815 dictus
1321 782 1426 815 Lelius
1451 780 1633 814 Yieovarii¹
1658 781 1829 824 princeps,
1856 791 1926 823 ger-

1193 836 1278 867 mani
1304 836 1416 867 l'ratres
1449 835 1486 867 de
1520 834 1656 874 Ursinis,
1680 838 1712 865 et
1736 833 1780 865 sic
1804 843 1876 865 sese
1894 833 1925 865 in

1195 888 1295 921 forma
1323 888 1476 920 Canierae
1499 886 1704 929 Apostolicae
1731 886 1926 927 obligarunt,

1196 946 1227 973 et
1244 940 1335 972 tactis
1353 945 1483 983 pectore
1502 944 1533 971 et
1550 938 1719 981 scripturis
1736 937 1926 980 respective,

1196 994 1353 1033 iurarunt,
1370 998 1465 1036 prout
1480 992 1573 1025 latius
1589 992 1619 1024 in
1638 992 1854 1023 instrumento
1872 991 1929 1022 sub

1197 1047 1322 1079 datum²
1347 1047 1415 1087 die,
1448 1057 1503 1089 per
1536 1051 1603 1077 acta
1640 1045 1701 1077 mei
1733 1043 1930 1086 infrascripti

1197 1100 1336 1142 desuper
1362 1105 1487 1141 rogato,
1510 1098 1547 1130 ad
1574 1098 1668 1140 quod,
1691 1102 1753 1129 etc.

1241 1152 1295 1184 Die
1322 1151 1363 1184 ΞΟ
1388 1150 1580 1194 septembris
1612 1149 1704 1183 1861.

1286 1205 1479 1237 FnAnciscus
1504 1204 1706 1241 ANTAMORUS,
1728 1201 1845 1234 R.C.A.
1862 1206 1929 1233 not.

1247 1270 1259 1287 «ι
1278 1257 1336 1289 Noi
1347 1257 1522 1289 Benedetto
1537 1254 1678 1288 Candolfi
1694 1255 1825 1287 etCarlo
1839 1254 1933 1286 Rossi
1984 1264 2061 1294 emnia
2076 1263 2127 1293 naq-

1199 1310 1229 1341 in
1255 1309 1344 1351 vigor
1380 1309 1465 1341 della
1500 1313 1651 1350 presente
1688 1312 1797 1339 nostra
1821 1289 2129 1350 cedtilassifffapaiii'fiii'sssi

1198 1362 1350 1395 bancaria
1386 1367 1598 1405 promettemo
1631 1372 1647 1393 e
1673 1361 1707 1392 in
1742 1360 1881 1392 solidum
1907 1343 2101 1392 cimmhnmffl'

1201 1415 1421 1457 obhlighiamo
1438 1415 1472 1446 in
1489 1415 1595 1457 formai
1610 1414 1641 1447 C.
1656 1413 1695 1446 A.
1718 1413 1748 1446 di
1765 1423 1863 1456 pagar
1880 1412 1934 1455 qui

1201 1467 1233 1499 in
1258 1467 1359 1499 Roma
1381 1467 1590 1500 liberamento
1608 1478 1624 1499 e
1651 1476 1745 1498 senza
1769 1465 1936 1498 eccezione

1202 1521 1316 1553 alcuna
1348 1520 1400 1552 alli
1437 1520 1557 1562 signori
1583 1519 1727 1552 montisti
1754 1519 1804 1551 del
1833 1528 1939 1550 nuovo

1204 1574 1308 1606 Monte
1342 1573 1445 1605 Orsini
1471 1572 1583 1615 quinta
1614 1571 1762 1605 erezione
1797 1571 1819 1603 li
1851 1571 1939 1603 frutti

1205 1626 1281 1659 delli
1295 1625 1407 1667 luoghi
1427 1631 1473 1658 tre
1487 1625 1572 1664 mila,
1587 1626 1646 1657 che
1661 1635 1740 1657 sono
1755 1623 1828 1656 stati
1847 1623 1940 1656 eretti

1206 1679 1237 1711 in
1263 1690 1335 1711 esso
1360 1679 1507 1717 Monte‚a
1528 1678 1664 1720 ragione
1689 1677 1720 1709 di
1746 1677 1833 1709 scudi
1853 1681 1942 1719 quat-

1208 1736 1256 1763 tro
1282 1742 1339 1774 per
1373 1732 1468 1773 luogo
1494 1730 1625 1770 l'anno,
1656 1741 1672 1762 e
1705 1735 1817 1772 questo
1848 1739 1942 1772 paga-

1206 1789 1315 1817 mento
1342 1785 1373 1817 lo
1398 1783 1625 1827 promettiamo
1650 1783 1726 1815 nelli
1752 1781 1838 1815 modi
1867 1782 1943 1814 sud-

1209 1836 1286 1869 detti
1313 1847 1369 1879 per
1394 1846 1473 1868 nove
1491 1836 1565 1867 anni
1584 1834 1733 1878 prossimi
1751 1834 1874 1867 venturi
1892 1834 1943 1876 gia

1209 1889 1391 1922 coniinciati
1418 1889 1438 1921 il
1464 1899 1473 1921 1
1499 1889 1674 1920 settembre
1698 1892 1837 1930 passato,
1857 1897 1873 1919 e
1903 1887 1943 1919 da

1209 1942 1300 1974 finire
1320 1941 1461 1974 l'ultimo
1475 1946 1585 1983 agosto
1601 1940 1768 1973 dell'anno
1786 1950 1941 1980 noctxxx,

1209 1996 1278 2028 cioe
1304 1995 1379 2037 ogni
1404 1995 1556 2027 bimestre
1582 1994 1614 2025 in
1639 1994 1701 2025 fine
1723 1994 1753 2025 la
1770 1998 1837 2025 rata
1854 1999 1943 2035 parte

1210 2060 1227 2081 a
1250 2048 1467 2081 ciasclieduno
1500 2047 1530 2079 di
1564 2046 1625 2078 essi
1650 2045 1770 2088 signori
1798 2046 1944 2078 montisti

1210 2105 1382 2143 spettante,
1401 2099 1431 2131 in
1447 2099 1638 2132 conformita
1655 2099 1738 2131 delle
1757 2098 1828 2131 liste
1845 2099 1946 2130 bime-

1212 2153 1302 2185 strali
1338 2153 1398 2184 che
1425 2151 1451 2184 ci
1491 2161 1648 2183 verranno
1673 2157 1868 2193 consegnate
1894 2151 1946 2184 dal

1189 2242 1191 2253 Ι
1212 2205 1406 2248 computista
1439 2205 1491 2236 del
1522 2203 1702 2236 medesimo
1727 2204 1833 2236 Monte
1849 2231 1856 2245 ,
1883 2205 1947 2237 alle

434 2271 594 2305 monetae,
623 2264 777 2306 illamque
799 2263 874 2295 dicti
893 2262 988 2294 Monti
1011 2272 1070 2304 pro
1101 2262 1169 2294 eius
1190 2271 1191 2283 ³

1213 2258 1299 2301 quali
1325 2258 1396 2291 liste
1422 2267 1481 2300 per
1506 2258 1536 2289 la
1557 2257 1701 2298 quantita
1722 2256 1771 2288 de'
1790 2256 1898 2298 luoghi
1929 2267 1946 2289 e

1213 2322 1270 2355 per
1295 2311 1430 2343 l'annuo
1461 2310 1558 2341 srutto
1584 2309 1609 2341 si
1635 2309 1728 2341 abbia
1760 2309 1920 2342 relazione
1938 2336 1945 2348 ,

1215 2375 1230 2396 e
1257 2368 1370 2406 questa
1405 2362 1517 2394 cedola
1553 2361 1764 2394 dichiariamo
1799 2361 1878 2394 sarta
1908 2362 1946 2394 ad

1214 2416 1335 2448 istanza
1361 2413 1713 2447 dell'eccellentissimo
1746 2414 1858 2456 signor
1882 2414 1947 2446 don

1214 2468 1322 2502 Flavio
1348 2467 1454 2500 Orsini
1491 2467 1570 2499 duca
1604 2466 1634 2498 di
1670 2466 1861 2506 Braeciano,
1896 2466 1947 2499 dal

1216 2522 1309 2565 quale
1340 2531 1380 2552 ne
1406 2520 1559 2552 dovremo
1589 2529 1678 2551 esser
1710 2518 1897 2551 rimborsati
1930 2529 1948 2551 e

1254 2593 1263 2618 1
1286 2591 1372 2626 Supra
1391 2591 1490 2617 lectum
1510 2589 1559 2616 suit
1582 2590 1646 2617 Vico
1670 2589 1808 2616 Varronis
1826 2590 1864 2624 (R.
1881 2589 1930 2624 12).

1251 2635 1267 2661 2
1288 2635 1387 2662 Forsan
1407 2634 1483 2661 deest
1502 2634 1550 2661 hoc
1569 2634 1607 2669 (n.
1623 2634 1670 2671 τ.).
