2279 3260
268 256 316 282 Λη.
333 255 360 283 c.
385 257 452 283 ¹670
496 247 538 281 68

293 476 393 496 l‘rnlnlwt
416 482 448 496 ex-

267 507 406 528 pectatwuus.

278 1105 404 1135 uin-eretum
420 1106 446 1126 ir-

265 1135 338 1152 ritanS.

333 1837 447 1858 Contrariis

262 1863 357 1890 derogat.

459 305 581 346 vinciis,
601 306 715 349 quibus
740 311 803 340 tota
821 309 1030 351 congregatio
1049 310 1191 351 praefata

460 364 596 398 constat,
621 370 738 400 creare,
766 361 895 403 illisque
921 361 1088 400 defunctis,
1113 361 1192 393 alios

460 411 540 442 duos
567 411 596 443 in
622 423 734 445 eorum
761 414 829 446 loca
855 414 1030 455 subrogare
1051 414 1189 453 valeant,

460 464 674 506 cxpectativas
704 471 809 498 autem
847 466 1037 505 concedere,
1064 471 1116 498 aut
1143 466 1193 497 ab—

460 515 550 547 bates
567 516 708 549 titulares
723 529 818 560 supra
832 528 1003 550 numerum
1021 518 1193 560 praefixum

460 567 643 601 huiusmodi
670 570 866 602 constituere
885 575 1059 613 nequeam,
1078 580 1138 602 nec
1155 569 1192 601 ad

459 620 619 653 abbatiam
645 621 807 654 titularem
833 621 1018 654 huiusmodi
1039 621 1102 654 nisi
1127 632 1193 662 eos,

459 671 512 714 qui
539 674 588 706 vel
613 674 767 706 lecturam
803 673 1007 706 laudabiliter
1043 684 1195 707 exercue-

456 724 540 763 rint,
566 726 616 757 vel
640 726 728 758 verbi
762 726 817 758 Dei
844 726 1086 769 praedicatione
1111 727 1195 759 cele-

456 778 539 816 bres,
566 783 620 809 ant
642 783 777 821 propter
797 789 931 821 operam
947 779 994 811 rei
1011 779 1196 812 oeconomi-

455 840 510 861 cae
536 831 739 873 perfunctam
765 831 804 864 dc
830 831 1090 874 Congregatione
1107 842 1194 875 prae-

458 883 520 914 fata
546 883 734 915 notabiliter
758 884 949 916 benemeriti
967 884 1042 925 sint,
1062 895 1194 928 promo-

456 943 531 965 vere
558 934 694 976 possint,
719 936 907 969 auctoritate
933 937 1124 979 apostoliea,
1150 942 1195 969 te-

456 995 535 1018 nore
560 987 794 1029 praesentium,
817 988 1024 1021 concedimus
1041 993 1074 1021 et
1090 989 1195 1022 indul-

458 1048 582 1080 gemus.

501 1091 516 1133 g
540 1090 571 1124 3.
598 1091 813 1125 Decernentes
849 1093 977 1126 easdem
1002 1099 1193 1137 praesentes

458 1142 581 1176 litteras
599 1154 728 1188 semper
751 1145 873 1185 firmas,
891 1146 1011 1178 validas
1035 1150 1067 1178 et
1091 1146 1195 1179 effica-

458 1205 510 1228 ces
536 1196 672 1229 existere
698 1203 731 1230 et
754 1198 832 1238 sore,
857 1208 998 1241 suosque
1026 1199 1192 1242 plenarios

456 1253 488 1280 et
511 1248 656 1291 integros
688 1249 821 1283 ell'ectus
846 1251 952 1283 sortiri
981 1255 1013 1283 et
1036 1251 1190 1291 obtinere,

455 1311 492 1333 ac
516 1301 590 1341 illis,
608 1302 647 1335 ad
668 1313 747 1345 quos
773 1308 897 1346 spectat
913 1308 945 1336 et
960 1314 1020 1346 pro
1045 1308 1192 1347 tempore

454 1354 632 1396 spectabit,
657 1355 844 1397 plenissime
869 1354 1036 1398 suffragari
1054 1382 1061 1396 ,
1098 1361 1130 1389 et
1152 1356 1192 1389 ab

455 1405 502 1438 eis
526 1407 706 1450 respective
737 1407 968 1441 inviolabiliter
1000 1409 1190 1449 observari,

455 1458 564 1501 sicque
579 1459 610 1491 in
625 1460 809 1502 praemissis
829 1471 888 1503 per
907 1471 1126 1504 quoscumque
1144 1461 1192 1493 iu-

456 1510 542 1543 dices
560 1511 742 1545 ordinarios
764 1518 796 1545 et
813 1513 989 1555 delegatos,
1007 1513 1102 1546 etiam
1120 1523 1193 1546 cau-

457 1573 564 1595 sarum
587 1564 697 1606 palatii
723 1565 893 1608 apostolici
917 1565 1090 1605 auditores,
1110 1566 1193 1599 iudi-

455 1616 520 1647 cari
558 1621 588 1648 et
620 1616 747 1649 definiri
780 1618 918 1657 debere,
946 1628 983 1650 ac
1006 1618 1133 1651 irritum
1162 1624 1193 1651 et

454 1668 550 1701 inane
575 1668 602 1701 si
627 1679 718 1701 secus
753 1680 851 1713 super
875 1671 925 1702 his
955 1681 971 1703 a
1008 1681 1189 1714 quoquam,

455 1721 565 1763 quavis
583 1721 780 1762 auctoritate,
798 1723 938 1755 scienter
964 1723 1013 1755 vel
1039 1723 1192 1766 ignoran—

455 1777 516 1813 ter,
542 1774 713 1816 contigerit
737 1775 899 1808 attentari.

501 1827 516 1869 g
538 1826 569 1858 4.
590 1826 658 1859 Non
676 1827 881 1860 obstantibus
899 1828 1050 1871 praefatis
1070 1827 1191 1861 Urbani

456 1880 719 1922 praedecessoris
743 1881 879 1921 litteris,
906 1882 1040 1925 aliisque
1065 1883 1192 1916 ordina-

456 1932 597 1964 tionibus
631 1938 662 1964 et
687 1933 970 1966 constitutionibus
995 1935 1189 1977 apostolicis,

454 1994 508 2024 ac,
539 1990 696 2027 quatenus
721 1996 803 2028 opus
835 1986 899 2027 sit,
925 1986 1190 2030 (long-rogationis

454 2037 587 2080 eiusque
612 2038 849 2081 provinciarum
874 2040 1068 2080 huiusmodi,
1096 2041 1191 2073 etiam

454 2089 649 2130 iuramento,
664 2090 910 2124 confirmatione
935 2093 1120 2135 apostolica,
1140 2094 1190 2126 vel

455 2142 566 2185 quavis
591 2141 742 2175 firmitate
768 2143 829 2176 alia
859 2144 1040 2185 roboratis,
1066 2145 1191 2177 statutis

456 2200 488 2227 et
512 2195 811 2236 consuetudinibus,
835 2196 1013 2240 privilegiis
1039 2208 1187 2241 quoque,

456 2248 590 2280 indultis
614 2253 646 2281 et
669 2249 783 2281 litteris
804 2250 993 2293 apostolicis
1013 2250 1046 2283 in
1066 2256 1191 2283 contra-

453 2302 538 2334 rium
561 2303 813 2345 praemissorum
846 2304 1091 2347 quomodolibet
1115 2315 1190 2337 con-

454 2355 565 2393 cessis,
583 2354 782 2388 confirmatis
811 2361 843 2388 et
861 2356 983 2399 pluries
1010 2356 1188 2397 innovatis;

454 2407 570 2449 quibus
593 2408 742 2440 omnibus
771 2413 802 2440 et
829 2408 974 2451 singulis,
992 2408 1123 2442 illorum
1145 2414 1190 2441 te-

455 2469 550 2492 nores
576 2460 802 2503 praesentibus
836 2471 896 2504 pro
926 2463 1024 2505 plene
1049 2467 1081 2494 et
1105 2463 1190 2494 suffi-

456 2513 579 2545 cienier
603 2513 765 2556 expressis
790 2519 823 2546 et
847 2514 976 2547 insertis
1010 2515 1187 2555 habentes,

457 2565 520 2598 iilis
537 2565 614 2598 alias
631 2565 663 2598 in
678 2576 735 2599 suo
749 2568 867 2600 robore
892 2568 1120 2611 permansuris,
1150 2568 1190 2600 ad

456 2619 711 2664 praemissorum
730 2619 898 2662 ellectum,
924 2620 985 2654 liae
1007 2620 1075 2655 vice
1100 2621 1190 2655 dum-

1038 261 1217 285 numanum
1243 261 1392 286 nontANUM

1234 314 1327 346 taxat,
1345 310 1530 352 specialiter
1543 316 1575 344 et
1592 323 1743 356 expresse
1761 313 1970 356 derogamus,

1234 361 1413 404 celerisque
1439 363 1610 397 contrariis
1636 365 1904 408 quibuscumque.

1279 413 1392 446 Datum
1424 415 1557 456 Romae,
1586 418 1672 460 apud
1698 417 1729 451 S.
1753 418 1883 450 Mariam
1909 417 1973 451 Ma-

1236 466 1357 506 iorem,
1386 468 1446 499 sub
1479 471 1599 503 annulo
1620 470 1812 513 piscatoris,
1848 470 1899 504 die
1923 481 1975 504 xix

1236 519 1305 552 iulii
1325 529 1459 562 mentm,
1482 522 1688 564 pontificatus
1706 523 1809 556 nostri
1835 534 1921 557 anno
1947 534 1970 558 1.

1630 583 1654 616 1.
1685 583 1721 617 G.
1744 584 1883 619 Stusms.

1272 640 1329 667 Dat.
1347 641 1390 668 die
1406 641 1437 669 19
1452 642 1509 669 iulii
1530 643 1608 677 1670,
1625 644 1721 679 pontif.
1738 653 1810 672 anno
1825 652 1844 673 1.

1272 703 1437 736 Reyz'strata
1456 704 1490 731 in
1513 705 1679 733 Secretarz'a
1703 706 1733 733 in
1759 707 1809 734 lib.
1829 706 1972 734 Brevium

1238 747 1343 774 mensis
1361 747 1441 775 iulii.

1560 887 1637 921 XVI.

1238 963 1390 997 E'oetensae'o
1422 967 1631 1000 concessionis
1662 967 1764 1010 officii
1797 971 1826 1001 el
1857 969 1976 1002 missae

1281 1017 1317 1049 B.
1343 1019 1444 1050 Rosae
1467 1019 1506 1051 de
1529 1019 1561 1052 S.
1582 1020 1690 1052 Maria
1711 1020 1813 1053 Tertii
1841 1022 1975 1054 Ordinis

1279 1071 1384 1102 sancti
1416 1070 1582 1103 Dominiei
1612 1082 1670 1114 pro
1702 1073 1853 1106 universo
1888 1072 1972 1105 clero

1278 1132 1451 1164 reyuorum
1484 1123 1655 1165 Polom‘ae,
1683 1124 1806 1157 ducatu
1828 1125 1972 1158 Limna-

1279 1175 1365 1214 πῖαρ,
1392 1174 1475 1208 etc.¹.

1279 1253 1293 1295 ἓ
1319 1253 1350 1285 1.
1378 1254 1464 1286 Alias
1499 1254 1602 1287 felicis
1635 1255 1873 1288 recordationis
1906 1255 1972 1290 Cle·
2007 1265 2166 1287 lnduunmcle-

1236 1313 1326 1335 mens
1351 1304 1435 1346 Papa
1458 1304 1497 1336 IX
1510 1331 1517 1344 ‚
1539 1305 1598 1337 sub
1616 1305 1688 1337 data
1703 1315 1756 1338 x1v
1773 1307 1970 1349 septembris

1235 1365 1419 1395 MDCvaiu,
1444 1356 1604 1389 concessit
1629 1357 1778 1390 universo
1804 1358 1971 1393 Americae

1236 1413 1266 1440 et
1293 1407 1455 1440 indiarum
1483 1409 1590 1449 clero,
1621 1414 1686 1441 tum
1714 1410 1869 1443 saeculari
1902 1415 1970 1444 tum

1236 1460 1386 1503 regulari,
1414 1460 1581 1503 utriusque
1606 1472 1708 1502 sexus,
1737 1462 1969 1506 cuiuscumque

1235 1512 1419 1555 provinciae
1445 1523 1501 1546 seu
1527 1513 1710 1553 districtus,
1736 1515 1822 1558 quod
1853 1526 1972 1559 perpe-

1237 1565 1296 1598 tuis
1321 1565 1434 1598 suturis
1455 1566 1655 1609 temporibus
1678 1566 1730 1599 die
1753 1577 1825 1601 xxv1
1843 1569 1969 1610 augusti

1235 1619 1406 1661 quotannis
1433 1619 1491 1652 sub
1512 1619 1575 1651 ritu
1591 1620 1710 1663 duplici
1730 1621 1883 1653 recitetur
1901 1622 1971 1654 offi-

1235 1671 1319 1703 cium
1345 1676 1376 1704 et
1405 1672 1504 1704 missa
1535 1672 1722 1706 celebretur
1755 1673 1794 1706 de
1826 1673 1860 1705 B.
1888 1672 1970 1706 Rosa

1235 1734 1252 1755 a
1275 1723 1306 1756 S.
1326 1723 1422 1757 Maria
1441 1724 1582 1757 Limensi
1601 1725 1723 1767 virgine
1740 1725 1855 1757 tertiae
1878 1735 1972 1768 regu-

1235 1777 1282 1809 lae
1299 1776 1329 1809 S.
1358 1776 1513 1809 Dominici
1535 1777 1625 1809 iuxta
1650 1777 1796 1810 rubricas
1820 1778 1970 1811 breviarii

1235 1834 1266 1861 et
1290 1829 1473 1872 respective
1498 1829 1635 1862 missalis
1659 1829 1796 1862 romani.

1277 1882 1292 1925 ἓ
1315 1881 1346 1914 2.
1373 1882 1465 1914 Anno
1491 1881 1607 1914 deinde
1633 1882 1782 1925 sequenti
1812 1892 1967 1924 MDCinx,
1990 1893 2164 1922 ‚litiusamplia-

1235 1935 1285 1967 die
1320 1945 1377 1968 nx
1411 1934 1576 1974 octobris,
1610 1934 1698 1967 idem
1726 1934 1871 1968 Pontifex
1907 1936 1970 1969 hoe

1234 1998 1326 2020 suum
1350 1987 1509 2020 indultum
1525 1987 1666 2029 benigne
1688 1988 1833 2020 extendit
1849 1988 1882 2020 in
1899 1999 1971 2032 per-

1234 2047 1366 2084 petuum
1390 2041 1429 2073 ad
1453 2039 1636 2072 universum
1663 2042 1861 2073 saecularem
1881 2042 1971 2084 pari-

1234 2098 1282 2125 ter
1306 2103 1342 2125 ac
1365 2093 1545 2134 regularem
1574 2093 1696 2125 clerum
1727 2090 1966 2135 Hispaniarum.

1233 2145 1392 2188 Denique,
1417 2150 1493 2188 post
1517 2151 1681 2188 acceptam
1709 2145 1856 2178 notitiam
1881 2147 1968 2189 quod

1232 2203 1491 2241 praememorata
1515 2197 1606 2240 virgo
1632 2198 1723 2237 Rosa,
1743 2197 1804 2230 iam
1823 2199 1967 2232 omnium

1232 2251 1350 2294 ubique
1375 2252 1574 2294 populorum
1600 2251 1736 2284 solemni
1772 2252 1886 2294 plausu
1912 2253 1967 2285 de-

1232 2304 1394 2337 votissime
1420 2303 1586 2343 honorata,
1619 2309 1791 2346 utrumque
1825 2309 1889 2336 tam
1913 2315 1967 2338 vc-

1232 2362 1335 2390 terem
1358 2366 1453 2399 quam
1478 2366 1595 2388 novum
1614 2357 1726 2389 orbem
1745 2357 1779 2389 in
1807 2357 1874 2390 dies
1893 2358 1968 2391 odo-

1231 2410 1273 2442 ris
1299 2410 1348 2442 sui
1374 2409 1546 2451 fragrantia
1578 2410 1679 2452 magis
1711 2410 1876 2454 magisque
1909 2411 1968 2443 im-

1231 2463 1351 2505 plebat,
1386 2462 1471 2495 idem
1507 2462 1728 2495 sanctissimus
1765 2463 1828 2496 boe
1861 2462 1965 2507 ipsum

1269 2543 1277 2568 1
1302 2542 1445 2568 Beatorum
1465 2540 1526 2568 albo
1546 2541 1689 2576 adscripsit
1708 2541 1815 2577 Rosam,
1832 2542 1911 2578 eique
1925 2543 1967 2570 of-

1232 2586 1322 2613 ficium
1348 2589 1374 2612 et
1400 2585 1506 2612 missam
1534 2585 1653 2612 decrevit
1679 2586 1803 2614 Clemens
1821 2585 1871 2621 lx,
1892 2587 1965 2615 Con-

1231 2630 1286 2657 stit.
1308 2637 1370 2664 va,
1385 2633 1449 2657 tom.
1464 2636 1528 2665 xvii,
1543 2638 1604 2666 pag.
1622 2630 1684 2657 628.
1944 2642 1953 2644 ff

1975 265 2026 292 An.
2043 265 2074 292 C.
2096 265 2164 294 1670

1982 1293 2058 1313 mentis
2072 1292 2107 1313 IX.

1981 1922 2018 1942 llo·
