2279 3260
1692 290 1710 303 ,-

919 298 1012 322 ιΝῃεκ
1040 298 1146 323 aenum
1698 289 1756 323 109

353 352 423 385 nica
441 350 612 384 cuiuslibet
630 350 745 383 mensis
763 349 976 391 interfutuirit,
996 352 1085 391 (vids,
1113 351 1307 396 indulgentia
1325 350 1468 395 quinque
1486 361 1641 384 annorum
1668 357 1697 384 et
1723 351 1801 385 toti-

355 407 427 439 dem
455 405 731 449 quadragenarum
765 405 965 439 sumeutilnts
991 417 1062 439 cuni
1091 406 1200 439 habitu
1227 404 1330 437 dictae
1354 403 1624 436 confraternitatis
1650 403 1746 437 semel
1774 404 1804 435 in

355 469 462 493 mense
495 457 741 499 eucharistiam,
771 459 845 491 item
880 459 980 503 ipsam
1014 460 1051 492 ad
1085 459 1227 492 insu-mos
1252 458 1387 491 delatam
1423 457 1631 495 comitantes,
1662 458 1739 490 ibid.
1767 457 1805 498 b;

353 512 549 555 indulgentia
572 510 667 544 trium
690 522 845 545 annorum
863 519 891 545 ct
911 512 1041 545 totidem
1068 512 1346 555 quadragenarum
1374 510 1483 543 iisdem
1502 511 1666 550 confessis,
1694 515 1726 542 ut
1753 521 1803 542 su-

353 577 422 610 pra,
446 566 478 598 in
504 565 657 609 cappellis
683 565 949 599 confraternitatis
975 566 1005 598 in
1032 565 1122 598 festis
1144 565 1176 597 13.
1202 564 1239 596 M.
1259 565 1307 604 V„
1334 563 1432 602 iln'd.·,
1454 562 1651 606 indulgentia
1675 569 1802 596 centum

354 619 479 652 dierum
505 619 738 652 associantibus
766 629 901 663 corpora
928 618 1151 652 defunctorum
1178 618 1216 650 ad
1242 618 1450 661 sepulturam,
1477 617 1564 657 iln‘ds,
1590 616 1804 660 indulgentias

355 673 512 715 praefatas
537 672 688 715 applicari
716 682 809 715 posse
843 670 1012 703 animabus
1038 670 1184 704 fidelium
1218 683 1272 714 per
1306 672 1436 703 modum
1470 670 1611 713 suffragii
1646 670 1804 703 concessit

353 727 496 760 Clemens
521 727 557 765 X,
584 725 648 758 ⁴406
674 736 712 765 (Γ,
747 724 965 768 indulgentias
991 726 1148 767 praefatas
1181 723 1439 757 communicandi
1473 730 1504 756 et
1528 724 1803 756 confraternitates

353 779 474 823 ubique
501 778 643 821 erigendi
670 779 802 811 facultas
830 778 947 821 priori,
975 784 1023 817 ct,
1049 777 1119 819 ipso
1144 777 1294 816 absente,
1327 777 1444 810 vicario
1470 778 1607 820 generali
1633 777 1802 816 tribuitur,

353 833 449 872 2·bt·tl.;
478 832 680 875 indulgentia
706 837 833 864 centum
868 831 990 864 dierum
1017 830 1224 863 recitantibus
1249 830 1390 862 officitim
1425 831 1457 863 B.
1488 831 1524 863 M.
1553 832 1612 869 V.,
1640 830 1703 863 406
1729 831 1745 862 b
1774 836 1805 864 et

355 885 418 919 407
445 897 485 926 cr,
513 885 708 928 indulgentia
735 891 862 918 centum
888 885 1010 917 dierum
1036 883 1256 916 exercentibus
1282 882 1363 916 varia
1384 894 1478 926 opera
1505 883 1665 916 charitatis
1690 889 1720 917 et
1744 884 1805 927 pie-

356 940 449 979 tatis,
478 939 577 979 2·t›2·d.;
603 938 675 971 item
701 938 843 981 plenaria
867 938 892 970 si
920 937 1062 981 impediti
1088 937 1358 970 confraternitatis
1383 937 1558 979 cappellam
1586 936 1802 977 visitaverint,

355 993 414 1032 vel,
437 993 462 1025 si
488 992 613 1025 visitare
637 990 863 1034 nequiverint,
896 991 1036 1024 officium
1072 991 1104 1023 Β.
1130 991 1167 1023 Μ.
1196 989 1230 1022 V.
1258 990 1304 1022 vel
1330 989 1541 1034 quinquagies
1566 990 1665 1022 Patr
1688 995 1718 1023 et
1742 990 1806 1023 Ave

354 1046 576 1085 recitaverint,
604 1044 682 1076 ibid.

264 1098 487 1142 Indulgentiae
513 1108 570 1140 pro
596 1097 856 1130 confraternitate
889 1096 941 1129 SS.
971 1096 1134 1129 Trinitatis
1167 1095 1399 1139 redemptionis
1433 1096 1649 1138 captivorum,
1677 1095 1741 1130 387
1766 1097 1802 1138 b;

350 1150 548 1194 indulgentia
573 1150 713 1193 plenaria
739 1149 954 1183 confratribus
981 1155 1011 1182 et
1036 1148 1263 1182 consororibus
1288 1148 1338 1181 die
1364 1149 1467 1191 primo
1494 1149 1653 1193 ingressus
1671 1157 1700 1183 et
1722 1160 1804 1183 com-

351 1204 504 1237 munione
529 1203 665 1243 refectis,
690 1202 753 1236 388
775 1214 813 1243 a,
840 1203 1038 1246 indulgentia
1062 1202 1204 1246 plenaria
1229 1201 1353 1242 iisdem,
1381 1208 1416 1235 ut
1442 1212 1551 1246 supra,
1578 1213 1693 1235 nomen
1721 1203 1800 1244 Iesu,

351 1257 403 1290 sin
429 1257 555 1297 minus,
582 1257 677 1291 corde
709 1256 931 1289 invocantibus
963 1255 995 1288 in
1027 1255 1162 1290 articulo
1194 1255 1327 1296 mortis,
1356 1260 1386 1288 et
1416 1255 1633 1299 scapularium
1659 1255 1803 1288 deferen-

353 1310 456 1351 tibus,
479 1311 568 1351 ibid.·‚
594 1309 790 1353 indulgentia
816 1309 959 1353 plenaria
982 1309 1114 1349 iisdem,
1140 1315 1176 1342 ut
1200 1320 1308 1353 supra,
1335 1309 1365 1341 in
1393 1308 1469 1341 festo
1495 1308 1546 1342 SS.
1575 1308 1737 1341 Trinitatis
1758 1309 1803 1342 vi-

351 1363 521 1396 sitantibus
547 1363 697 1396 ecclesias
723 1363 769 1395 vel
794 1363 952 1407 cappellas
977 1362 1103 1395 Ordinis
1127 1363 1172 1395 vel
1199 1361 1482 1402 confraternitatis,
1510 1362 1606 1401 2·b2'‹t.;
1633 1362 1803 1406 indulgen--

351 1416 393 1449 tia
418 1416 560 1460 plenaria
588 1416 726 1457 eisdem,
752 1422 783 1448 ut
811 1426 925 1459 supra,
951 1415 1228 1459 proficiscentibus
1260 1416 1298 1448 ad
1325 1421 1429 1456 partes
1454 1415 1632 1448 infidelium
1659 1425 1716 1459 pro
1745 1426 1800 1448 ca-

351 1469 509 1513 ptivorum
542 1469 785 1513 redemptione,
813 1469 912 1510 z'lit‘cI.;
950 1469 1147 1511 indulgentia
1180 1468 1321 1511 plenaria
1354 1479 1410 1511 pro
1443 1468 1574 1511 captivis
1607 1469 1800 1512 redemptis,

350 1523 374 1556 si
408 1524 491 1556 intra
515 1533 657 1556 mensem
683 1528 754 1566 post
789 1523 926 1555 reditum
959 1522 1071 1555 eadem
1109 1522 1255 1564 egerint,
1281 1520 1345 1553 388
1379 1522 1414 1560 b·‚
1451 1521 1650 1564 indulgentia
1683 1528 1802 1565 septem

350 1586 508 1609 annorum
542 1576 654 1609 iisdem
691 1576 792 1609 sexies
824 1576 855 1608 in
880 1575 931 1609 die
957 1575 1072 1615 Pater,
1101 1575 1164 1608 fatue
1200 1581 1230 1608 et
1258 1574 1367 1608 Gloria
1406 1574 1496 1607 Patri
1528 1574 1734 1608 recitantibus
1772 1580 1802 1608 et

353 1629 566 1673 scapularium
599 1629 820 1673 gestantibus,
851 1628 914 1661 388
946 1629 987 1668 b,
1024 1628 1220 1671 indulgentia
1257 1635 1377 1671 septem
1416 1639 1573 1661 annorum
1605 1635 1635 1662 et
1669 1628 1802 1662 totidem

354 1684 631 1728 quadragenarum
660 1683 773 1716 iisdem
803 1682 1003 1716 visitantibus
1033 1682 1158 1715 Ordinis
1195 1682 1242 1715 vel
1279 1682 1548 1715 confraternitatis
1579 1681 1729 1715 ecclesias
1755 1683 1802 1715 vel

351 1738 509 1781 cappellas
544 1737 577 1769 in
611 1736 695 1770 festis
732 1736 908 1770 Nativitatis
943 1742 973 1769 et
1007 1734 1261 1769 Resurrectionis
1291 1735 1361 1768 Iesu
1397 1734 1536 1774 Christi,
1568 1734 1802 1778 Assumptionis

351 1790 384 1824 B.
413 1790 451 1823 M.
478 1790 514 1822 V.
543 1795 574 1823 et
604 1789 635 1823 S.
663 1790 792 1833 Agnetis
821 1790 974 1830 secundo,
1000 1789 1100 1829 ibid,
1136 1789 1338 1832 indulgentia
1363 1788 1567 1831 septuaginta
1588 1798 1746 1820 annorum
1771 1794 1802 1821 et

350 1843 483 1876 totidem
509 1842 790 1887 quadragenarum
816 1843 928 1876 iisdem
962 1842 1248 1875 intervenientibus
1274 1840 1470 1884 processioni
1504 1840 1698 1884 scapularii,
1726 1840 1801 1873 item

348 1907 405 1940 pro
430 1896 626 1939 captivorum
661 1898 840 1930 constantia
863 1903 894 1929 et
920 1895 1108 1929 liberatione
1133 1894 1276 1939 quotidie
1307 1904 1365 1937 per
1396 1904 1495 1927 annos
1531 1900 1611 1934 tres,
1642 1894 1741 1927 Pater
1773 1899 1803 1927 et

348 1950 413 1982 Ave
437 1955 467 1983 et
495 1951 593 1982 semel
624 1949 735 1982 Gloria
766 1949 863 1982 Patri
894 1948 1121 1988 recitantibus;
1157 1949 1234 1982 item
1259 1948 1491 1992 recipientibus
1517 1954 1547 1981 et
1572 1947 1802 1981 associantibus

349 2003 532 2046 redemptos
558 2003 596 2035 ad
623 2004 798 2046 cappellam
835 2003 1123 2042 confraternitatis3
1153 2002 1228 2035 item
1255 2012 1313 2045 pro
1347 2001 1567 2044 redemptione
1603 2001 1802 2044 captivorum

349 2056 400 2099 pie
425 2066 458 2089 se
483 2056 714 2097 exercentibus,
742 2056 841 2095 ibid.;
867 2055 1067 2099 indulgentia
1092 2056 1236 2100 quinque
1261 2065 1419 2088 annorum
1446 2062 1476 2089 et
1500 2054 1630 2088 totidem
1657 2054 1799 2098 quadra-

349 2120 503 2152 genarum
535 2110 654 2142 eisdem
688 2109 925 2143 Eucharistiam
951 2110 1027 2142 dum
1052 2108 1091 2141 ad
1116 2109 1262 2141 infirmos
1288 2108 1431 2141 defertur
1450 2107 1700 2147 comitantibus3
1727 2108 1802 2141 item

349 2168 476 2195 centum
501 2162 624 2196 dierum
657 2173 792 2206 corpora
823 2163 1045 2195 defunctorum
1084 2161 1122 2193 ad
1154 2162 1351 2205 sepulturam
1384 2161 1644 2198 associantibus,
1672 2160 1736 2193 389
1761 2172 1800 2201 (13

349 2213 547 2258 indulgentia
572 2223 701 2250 centum
726 2216 850 2249 dierum
877 2215 996 2248 eisdem
1029 2215 1254 2248 assistentibus
1287 2215 1401 2247 missae
1430 2214 1463 2246 in
1496 2213 1648 2247 oratoriis
1678 2215 1801 2247 confra-

351 2267 516 2309 ternitatis,
540 2280 695 2313 pauperes
721 2269 859 2313 hospitio
880 2268 1144 2312 suscipientibus,
1162 2270 1207 2301 vel
1227 2268 1455 2312 quodcumque
1471 2267 1597 2311 pietatis
1615 2277 1694 2311 opus
1711 2277 1801 2300 exer-

350 2321 505 2362 centibus,
529 2322 626 2363 ibzssd.;
652 2322 865 2366 indulgentias
890 2322 1067 2366 praedictas
1093 2321 1349 2355 communicandi
1376 2327 1405 2354 et
1430 2321 1705 2355 confraternitates
1729 2319 1802 2353 ubi-

351 2385 413 2418 que
438 2375 578 2418 erigendi
603 2375 738 2410 facultas
763 2375 914 2409 ministro
941 2376 987 2409 vel
1011 2376 1212 2419 procuratori
1237 2374 1377 2418 generali
1403 2375 1554 2416 defertur,
1582 2373 1646 2408 389
1663 2385 1683 2406 [ι
1708 2379 1738 2407 et
1762 2373 1799 2413 b,

349 2427 547 2471 indulgentia
569 2428 711 2472 plenaria
736 2429 862 2469 iisdem,
890 2435 924 2462 ut
949 2440 1055 2472 supra,
1083 2429 1209 2472 quoties
1228 2428 1458 2462 intervenerint
1483 2427 1677 2471 processioni
1703 2426 1801 2459 semel

349 2480 381 2514 in
406 2491 516 2514 mense
551 2481 620 2514 fieri
658 2481 789 2522 solitae,
815 2481 878 2515 389
905 2482 937 2522 tr,
964 2482 1182 2525 indulgentiae
1221 2482 1382 2526 praefatae
1418 2481 1651 2515 confirmantur
1686 2491 1703 2512 a
1727 2479 1801 2512 Cle-

349 2540 456 2568 mente
480 2534 526 2574 X,
551 2533 615 2567 390
639 2545 676 2575 a;
707 2534 903 2578 indulgentia
936 2535 1074 2579 plenaria
1099 2535 1212 2569 iisdem
1228 2563 1235 2576 ,
1260 2541 1295 2569 ut
1327 2545 1444 2578 supra,
1472 2534 1633 2578 cappellas
1667 2533 1716 2566 vel
1749 2543 1800 2565 ec-

348 2587 460 2621 clesias
486 2587 755 2622 confraternitatis
787 2589 833 2622 vel
860 2588 987 2622 Ordinis
1012 2588 1211 2622 visitantibus
1246 2588 1279 2621 in
1316 2589 1400 2621 festis
1425 2587 1600 2621 Nativitatis
1625 2591 1654 2619 et
1678 2585 1798 2619 Purifi-

349 2641 484 2674 cationis
507 2641 542 2674 B.
568 2641 608 2674 M.
635 2641 683 2682 V.,
708 2642 902 2676 Inventionis
925 2642 957 2675 S.
985 2641 1116 2682 Crucis,
1145 2641 1177 2674 S.
1205 2639 1365 2674 Michaelis
1397 2639 1584 2682 Archangeli
1610 2644 1639 2672 et
1665 2638 1695 2671 S.
1724 2637 1800 2672 Cle-

349 2693 465 2728 mentis
490 2693 605 2738 Papae,
632 2693 696 2728 390
722 2694 756 2734 b,
783 2695 1000 2739 indulgentiae
1027 2701 1073 2729 tot
1098 2694 1318 2729 conceduntur
1342 2692 1541 2727 visitantibus
1574 2690 1724 2725 ecclesias
1752 2689 1799 2724 vel
