2279 3260
230 244 276 269 An.
297 244 325 270 c.
351 244 416 270 ¹573
460 235 525 269 384

422 293 491 324 simi
518 292 639 325 domini
673 293 774 325 nostri
811 293 915 335 Papae
950 292 1037 323 vivae
1070 291 1154 322 vocis

422 347 554 378 oraculo
569 345 661 378 nobis
676 346 814 388 desuper
827 344 846 384 ¹,
867 356 901 377 ae
920 356 954 377 ex
976 345 1105 377 decreto
1123 343 1154 374 in

422 398 552 431 Camerti
567 398 750 441 Apostoliea
763 400 884 430 matura
900 396 1154 429 consideratione

424 451 527 487 sacto.
553 451 719 483 statuimus
744 456 775 483 et
799 450 986 482 ordinamus
1012 448 1097 490 quod
1124 447 1154 479 in

424 504 577 542 futurum,
591 509 740 546 respectu
774 502 848 534 anni
875 501 975 533 sancti
1000 501 1049 532 vel
1074 499 1156 531 iubi-

424 556 483 589 laei
501 583 508 596 ,
535 556 803 598 quandocumque
835 553 1019 586 huiusmodi
1053 562 1154 584 annus

423 609 557 648 venerit,
586 619 643 651 per
669 618 786 640 annum
812 612 906 638 antea
930 611 961 638 et
985 616 1044 648 pro
1069 604 1155 637 dieto

423 672 508 694 anno
533 667 643 693 saneto
670 660 717 691 vel
736 658 865 691 iubilaei
890 657 1058 700 inquilinis
1077 667 1155 700 pen-

423 714 469 747 sio
487 714 602 745 domus
626 723 684 755 per
708 722 763 744 eos
788 710 965 743 conductae
982 721 999 742 a
1017 709 1155 741 dominis

424 766 523 808 ipsius
537 765 644 807 augeri
659 775 718 796 nee
732 764 846 796 modus
861 762 1007 796 solvendi
1026 762 1155 804 pensio-

424 829 495 850 nem
520 817 644 850 alterari
664 816 778 859 possit.
799 816 944 858 Insuper,
965 825 1023 857 pro
1040 813 1153 846 maiori

423 869 589 902 curialium
611 869 842 912 inquilinorum
864 872 895 900 et
919 867 1155 909 subinquilino-

424 933 491 953 rum
508 921 627 964 quiete,
654 926 685 953 et
709 921 747 953 ad
773 920 845 952 lites
871 925 902 952 et
922 918 1155 951 controversias

424 974 598 1013 evitandas,
626 979 660 1005 ut
684 973 875 1016 praefertur,
898 973 1030 1005 oraculo
1049 977 1079 1003 et
1104 971 1155 1004 de-

423 1032 510 1059 creto
536 1026 692 1058 similibus
713 1025 907 1058 declarando
933 1025 1096 1057 decretum
1121 1024 1153 1056 in

424 1082 565 1112 savorem
593 1079 828 1122 inquilinorum
853 1088 911 1121 per
935 1083 1154 1110 antecessores

424 1138 550 1165 nostros
564 1137 595 1165 et
604 1143 662 1175 per
672 1131 836 1164 Cameram
848 1130 1065 1174 Apostolicam
1077 1130 1154 1162 alias

425 1186 554 1225 sactum,
574 1185 606 1217 in
624 1190 818 1228 perpetuum
837 1183 1005 1216 statuimus
1023 1188 1054 1215 et
1072 1182 1155 1215 ordi-

424 1248 535 1270 namus
564 1237 649 1279 quod
675 1248 710 1268 ex
736 1246 822 1268 nune
846 1236 878 1268 in
900 1240 1075 1278 posterum,
1102 1235 1156 1267 du-

426 1295 516 1322 rante
538 1290 700 1322 loeatione
715 1289 874 1331 inquilini,
890 1294 953 1321 tam
970 1289 1039 1331 ipse
1057 1288 1156 1331 inqui-

425 1343 519 1382 linus,
547 1353 641 1386 quam
667 1342 908 1384 subinquilinus
934 1341 1091 1381 eiusdem,
1119 1352 1154 1373 ex

425 1396 519 1429 domo
545 1396 584 1428 ab
611 1395 732 1427 eisdem
750 1395 917 1433 conducta,
939 1394 1001 1426 sive
1023 1394 1157 1426 subcon-

425 1449 530 1488 ducffl,
546 1459 563 1482 a
577 1447 707 1480 domino
726 1447 833 1489 ipsius,
852 1452 1015 1478 asserente
1029 1447 1156 1478 domum

426 1512 516 1533 suam
534 1511 591 1543 pro
617 1511 675 1532 usu
699 1510 754 1531 suo
774 1499 896 1531 babere
921 1499 1013 1539 velle,
1040 1499 1155 1541 expelli

426 1564 491 1586 non
507 1563 615 1596 posse,
638 1552 698 1584 nisi
719 1552 804 1583 iuxta
820 1552 955 1584 sormam
972 1551 1048 1583 iuris
1069 1551 1158 1584 'eom-

426 1606 550 1647 munis·‚
570 1606 658 1639 finita
675 1616 749 1638 vero
767 1605 940 1645 locatione,
956 1615 1156 1647 quocumque

425 1659 523 1692 modo
548 1658 685 1699 finiatur,
712 1658 739 1690 si
765 1658 914 1690 dominus
937 1668 995 1700 pro
1019 1667 1077 1689 usu
1101 1667 1157 1688 suo

427 1713 556 1745 domum
582 1712 702 1744 habere
727 1710 885 1750 intendit,
920 1716 994 1742 tune
1020 1715 1157 1752 utroque

425 1776 500 1798 casu
526 1764 702 1807 inquilinus
727 1763 843 1806 expelli
873 1773 938 1796 non
963 1763 1072 1806 possit,
1098 1763 1157 1795 nisi

426 1817 516 1861 prius
533 1816 698 1856 iuraverit,
717 1826 760 1855 ac,
777 1817 836 1848 sub
854 1818 957 1859 poena
977 1816 1157 1848 amissionis

426 1870 593 1914 pensionis
618 1870 752 1902 duorum
785 1880 942 1902 annorum
975 1870 1089 1902 domus
1119 1870 1157 1902 de

426 1934 489 1966 qua
514 1929 638 1965 agetur,
669 1922 707 1954 de
733 1933 798 1954 non
827 1922 964 1955 locando
990 1922 1081 1955 alteri
1107 1923 1160 1955 do-

426 1986 513 2008 mum
538 1974 734 2017 praedictam
750 1975 799 2006 vel
824 1979 946 2017 partem
971 1974 1080 2017 ipsius,
1103 1975 1159 2007 sed

427 2037 496 2060 earn
511 2032 608 2059 totam
623 2037 680 2069 per
694 2037 725 2059 se
740 2026 848 2069 ipsum
865 2022 1055 2070 perannum
1070 2028 1160 2059 inha-

427 2079 571 2119 bitando,
585 2078 616 2111 in
635 2079 782 2121 ampliori
801 2080 902 2111 ferma
915 2079 1065 2112 Gamerae
1079 2081 1159 2123 Apo-

427 2132 560 2165 stolicae
585 2142 655 2164 cum
680 2132 824 2164 censuris
849 2138 881 2165 et
907 2133 1064 2166 mandatis
1089 2145 1160 2166 exe-

427 2185 535 2218 cutivis
553 2196 585 2217 se
604 2185 805 2227 obligaverit.
824 2185 861 2217 Et
877 2186 902 2217 si
920 2186 1066 2219 dominus
1084 2197 1160 2219 eon-

427 2239 609 2278 travenerit,
628 2238 734 2270 statim
751 2238 783 2270 in
800 2249 937 2281 poenam
962 2240 1158 2281 praedictam

427 2291 554 2333 incidat,
577 2302 656 2335 quae
681 2302 796 2335 poena,
813 2291 837 2324 si
863 2303 928 2325 non
952 2293 1159 2327 intervenerit

427 2351 606 2386 accusator,
625 2355 682 2388 pro
699 2345 870 2378 medietate
894 2345 971 2378 fisco
985 2357 1042 2388 pro
1054 2350 1158 2390 poena

428 2397 583 2440 periurii,
602 2408 662 2440 pro
678 2397 738 2430 alia
759 2408 832 2429 vero
848 2397 1006 2440 inquilino
1023 2401 1073 2432 vel
1090 2401 1159 2432 sub-

428 2450 585 2493 inquilino
610 2450 786 2493 respective
812 2450 843 2482 in
869 2461 944 2482 casu
969 2461 1026 2484 sno
1059 2452 1160 2495 appli-

427 2503 528 2536 canda
553 2503 611 2544 sit3
634 2504 689 2535 sed
719 2503 744 2535 si
777 2502 809 2535 in
847 2503 939 2535 dietis
963 2504 1089 2536 casibus
1113 2505 1159 2536 in-

467 2620 475 2647 ¹
500 2618 579 2645 Det-:t
592 2619 676 2653 fwlo,
696 2622 724 2645 nt
738 2618 807 2645 intra
821 2617 834 2654 ἕ
850 2618 863 2644 A
879 2618 916 2652 (n.
933 2619 983 2653 Τ.).

993 244 1170 268 nt‘LtAnnM
1194 243 1343 269 nomxmt

1198 291 1371 324 tervenerit
1403 298 1591 331 accusatur,
1626 293 1717 325 tertia
1750 303 1822 335 pars
1855 302 1929 335 poe-

1197 353 1255 375 nae
1271 343 1453 385 praedictae
1472 344 1645 387 unicuique
1664 344 1806 387 ipsorum
1825 344 1928 386 appli-

1197 401 1298 427 eetur.
1318 396 1539 436 Decfflrantes,
1561 398 1647 440 quod
1673 396 1925 439 subinquilinus‚

1197 447 1285 480 finita
1311 449 1468 481 loeatione
1488 449 1537 481 sui
1555 449 1705 487 auctoris,
1724 459 1927 492 quoa-umque

1196 500 1292 533 modo
1327 499 1479 540 finiatur,
1506 502 1601 534 etiam
1627 502 1665 534 de
1691 512 1847 534 consensu
1873 501 1928 533 do-

1196 552 1273 585 mini
1298 557 1330 585 et
1354 553 1503 595 inquilini
1536 553 1733 594 huiusmodi,
1752 554 1928 597 inquilino-

1196 616 1264 636 rum
1276 605 1444 648 privilegio
1463 616 1527 639 non
1543 606 1700 648 gaudeat'‚
1714 607 1780 646 sed,
1797 606 1927 639 domino

1196 658 1332 697 volente,
1347 663 1495 690 teneatur
1520 668 1588 690 eam
1620 659 1754 691 liberam
1779 664 1810 691 et
1834 670 1929 702 expe-

1196 710 1293 742 ditam
1320 711 1474 750 relaxare,
1492 710 1552 742 nisi
1572 711 1610 742 ab
1627 710 1698 753 ipso
1725 711 1858 744 domino
1879 722 1929 743 re-

1195 763 1385 795 conductam
1411 762 1538 795 babeat.
1569 763 1607 795 Et
1631 763 1657 795 si
1681 763 1825 795 notarius
1850 763 1931 795 obli-

1196 815 1356 857 gationem
1375 820 1406 847 et
1423 814 1673 857 promissionem
1697 825 1756 858 per
1780 814 1930 847 dominos

1196 868 1365 899 domorum
1381 866 1560 899 taciendam
1575 872 1686 899 contra
1697 867 1831 899 sormam
1841 877 1931 910 prae-

1196 920 1294 952 sentis
1319 919 1422 951 nostri
1439 924 1469 951 et
1486 918 1636 952 Gamerae
1655 919 1860 962 Apostolicae
1877 919 1931 952 de-

1197 972 1276 1005 creti
1301 982 1416 1014 rogare
1442 971 1708 1015 praesumpserit,
1728 972 1766 1004 ad
1790 982 1931 1015 poenam

1196 1025 1415 1067 supradictam
1440 1029 1609 1064 teneatur;
1639 1030 1670 1056 et
1703 1024 1818 1063 statim,
1835 1025 1930 1057 docto

1197 1077 1369 1110 summarie
1383 1087 1442 1120 per
1455 1077 1537 1109 duos
1556 1082 1655 1109 testes
1676 1077 1715 1110 de
1741 1082 1932 1110 contraven-

1198 1130 1283 1162 tione
1310 1129 1431 1162 domini
1458 1130 1635 1170 domorum⁷
1655 1131 1703 1163 vel
1721 1130 1849 1170 notarii,
1867 1135 1931 1162 tam

1197 1187 1308 1215 eontra
1340 1182 1473 1215 eosdem
1506 1182 1654 1215 dominos
1691 1192 1787 1225 quam
1822 1187 1933 1214 contra

1197 1235 1365 1275 notarium,
1385 1233 1562 1267 censurae²
1579 1235 1643 1267 sive
1661 1234 1844 1266 mandatum
1859 1244 1917 1266 exe

1197 1287 1347 1327 cutivurn,
1359 1293 1421 1319 tam
1435 1287 1474 1319 ad
1489 1287 1675 1319 instantiam
1689 1286 1764 1326 fisci,
1778 1297 1871 1330 quam
1885 1286 1934 1318 in-

1198 1334 1545 1383 quilini,subinquilini
1571 1345 1602 1372 et
1623 1339 1931 1381 aet-,us0toris‚parte

1198 1392 1301 1432 citata,
1317 1403 1374 1435 per
1390 1392 1603 1425 reverendum
1619 1392 1857 1434 praesidentem
1870 1392 1932 1423 via-

1197 1456 1275 1485 rum,
1291 1456 1350 1488 per
1385 1444 1537 1478 Gamerae
1563 1445 1768 1488 Apostolicae
1801 1445 1935 1488 deputa-

1199 1503 1264 1530 tum
1293 1503 1323 1530 et
1348 1508 1407 1540 pro
1435 1503 1580 1540 tempore
1606 1498 1828 1541 deputandum
1853 1499 1934 1530 rela-

1199 1555 1301 1583 xetur.
1328 1549 1516 1582 Inhibentes
1549 1550 1699 1585 omnibus
1733 1556 1765 1586 et
1799 1549 1934 1592 singulis

1199 1604 1301 1635 almae
1319 1602 1411 1635 Urbis
1436 1602 1604 1643 iudiejbus,
1624 1608 1688 1634 tam
1707 1602 1933 1635 ecelesiasticis

1200 1666 1295 1698 quam
1305 1655 1534 1695 saecularibus,
1550 1665 1600 1696 ne,
1616 1655 1683 1688 viso
1698 1655 1861 1698 praesenti
1878 1665 1936 1687 no-

1200 1714 1264 1740 stro
1279 1712 1309 1740 et
1324 1707 1474 1740 Gamerae
1494 1707 1701 1750 Apostolieae
1717 1708 1856 1748 decreto,
1876 1707 1934 1739 sub

1200 1759 1332 1792 maioris
1359 1759 1719 1800 exconnnunieationis,
1746 1760 1935 1803 suspensio-

1201 1813 1249 1844 nis
1269 1823 1286 1844 a
1303 1812 1419 1844 divinis
1444 1811 1634 1854 respective,
1652 1821 1688 1844 ac
1709 1811 1769 1844 sub
1794 1811 1865 1844 aliis
1885 1822 1934 1844 ar-

1200 1865 1287 1897 bitrii
1313 1864 1415 1897 nostri
1441 1869 1472 1897 et
1496 1874 1723 1896 suecessorum
1748 1869 1933 1897 nostrorum

1201 1919 1328 1962 poeni&
1355 1924 1468 1951 contra
1501 1917 1586 1950 illius
1618 1918 1754 1950 sormam
1789 1917 1933 1951 iudicare

1200 1973 1248 2005 vel
1265 1971 1460 2004 sententiare
1475 1971 1614 2004 audeant
1638 1971 1701 2003 sive
1716 1977 1932 2013 praesumant,

1200 2035 1259 2058 nee
1285 2025 1422 2068 quilibet
1449 2025 1594 2067 ipsorum
1619 2024 1735 2056 audeat
1759 2034 1815 2056 seu
1841 2035 1934 2067 prae-

1201 2083 1312 2117 sumat,
1338 2077 1393 2110 sed
1423 2077 1531 2109 omnia
1561 2076 1593 2109 in
1611 2076 1775 2120 praesenti
1805 2077 1933 2109 decreto

1201 2136 1363 2170 contenta,
1392 2130 1484 2162 toties
1506 2129 1629 2172 quoties
1655 2140 1735 2171 opus
1761 2129 1863 2169 suerit,
1887 2131 1934 2162 su-

1202 2184 1279 2217 turis
1305 2182 1502 2226 temporibus
1526 2188 1685 2225 perpetuo
1703 2182 1934 2215 iuviolabiliui·

1202 2238 1376 2270 observare
1405 2247 1440 2268 ac
1454 2237 1615 2268 observari
1635 2236 1741 2269 faeere
1761 2241 1933 2269 teneantur

1201 2296 1232 2323 et
1253 2289 1401 2330 debeant,
1422 2294 1454 2322 et
1470 2288 1607 2332 quilibet
1623 2289 1767 2331 ipsorum
1786 2293 1934 2321 teneatur

1201 2349 1233 2376 et
1257 2343 1391 2383 debeat,
1419 2352 1622 2385 quocumque
1655 2341 1718 2374 alio
1744 2342 1875 2375 decreto
1900 2342 1933 2374 in

1201 2395 1396 2429 eontrarium
1423 2396 1530 2428 t'orsan
1548 2395 1688 2437 desuper
1706 2394 1787 2426 sacto
1805 2395 1934 2427 ceteris-

1201 2459 1262 2492 que
1280 2449 1312 2481 in
1330 2448 1515 2481 contrariis³
1528 2447 1715 2480 facientibus
1729 2459 1794 2480 non
1808 2448 1936 2481 obstan-

1239 2531 1247 2555 1
1270 2528 1342 2555 Male
1361 2527 1425 2554 edit.
1445 2527 1524 2553 lllain⁴
1546 2527 1609 2562 legit
1627 2528 1750 2562 yaudent
1768 2530 1806 2562 (n.
1824 2529 1872 2563 Τ.).

1236 2575 1252 2600 2
1272 2573 1363 2600 Potius
1382 2573 1525 2608 legendum
1547 2573 1669 2601 videntur
1687 2583 1807 2604 censura
1826 2577 1864 2611 (n.
1883 2578 1920 2614 T)

1237 2619 1252 2647 3
1273 2618 1362 2646 Potius
1381 2619 1439 2653 lege
1460 2619 1487 2646 in
1509 2621 1690 2647 contrarium
1710 2628 1746 2656 xn.
1767 2621 1814 2657 L).

1938 244 1987 270 An.
2003 242 2032 270 C.
2055 243 2122 270 1673
