2279 3260
190 240 238 267 An.
255 239 282 267 C.
307 241 374 269 1672

384 291 478 324 inane
494 292 519 324 si
533 303 627 326 secus
646 303 742 336 super
759 293 809 325 liis
824 304 841 326 a
857 304 1031 337 quoquam,
1048 305 1120 337 qua-

385 344 429 376 vis
451 345 653 385 auctoritate,
679 345 822 379 scienter
846 346 895 378 vel
920 346 1119 389 ignoranter,

383 397 555 439 contigerit
583 398 743 430 attentari.

427 451 441 492 ἓ
466 450 497 482 6.
525 450 592 482 Non
618 451 824 484 obstantibus
848 452 1044 495 praemissis,
1073 463 1118 492 ac,

383 508 542 545 quatenus
558 514 637 546 opus
656 504 710 543 sit,
730 506 839 537 nostra
860 510 891 537 et
907 502 1140 538 cancellariae)

382 555 580 597 apostolicae
606 557 715 598 regula
738 557 777 589 de
803 557 872 589 iure
890 558 1036 600 quaesito
1054 568 1116 589 non

382 608 538 648 tollendo,
561 608 696 652 aliisque
722 610 918 653 apostolicis,
936 622 971 643 ac
995 610 1027 643 in
1048 610 1119 642 uni-
1138 635 1139 658 1

382 661 558 693 versalibus
583 662 900 707 provincialibusque
927 669 958 696 et
982 664 1139 706 syuodw.

381 711 464 744 libus
495 712 641 746 conciliis
676 715 770 747 editis
790 742 797 755 ‚
825 716 1031 757 generalibus
1071 717 1117 748 vel

380 765 590 807 specialibus,
618 767 903 800 constitutionibus
934 773 966 800 et
988 769 1119 800 ordina-

382 818 538 858 tionibus,
558 830 685 852 necnon
707 821 892 863 praedictae
915 821 1069 854 ecclesiae
1088 826 1116 853 et

380 870 450 902 aliis
484 871 762 915 quibuscumque,
790 874 885 905 etiam
912 873 1115 913 iuramento,

379 924 627 966 confirmatione
653 925 841 967 apostolica,
864 927 912 958 vel
939 927 1049 969 (plavis
1066 926 1118 958 fii·-

379 976 488 1008 mitate
515 977 577 1009 alia
602 977 769 1016 roboratis,
789 979 926 1019 statutis,
952 979 1062 1011 usibus
1087 984 1118 1011 et.

379 1029 692 1070 consuetudinibus,
722 1030 818 1063 etiam
852 1031 1117 1063 immemorabili-

379 1081 447 1120 bus,
474 1081 649 1124 privilegiis
670 1093 809 1125 quoque,
831 1083 964 1116 indultis
984 1090 1015 1116 ct
1032 1084 1117 1117 litle-

379 1133 422 1164 ris·
448 1134 642 1176 apostolicis,
662 1135 814 1177 praefatis
840 1141 872 1168 et
896 1136 966 1169 aliis
987 1137 1117 1179 quibus-

378 1185 424 1217 vis
443 1186 601 1228 personiS,
623 1187 719 1219 etiam
740 1198 945 1232 quacumque
968 1190 1117 1223 ecclesia-

378 1238 456 1270 stica
476 1241 525 1272 vel
545 1241 706 1272 mundana
732 1241 887 1283 dignitate
910 1243 1115 1285 fulgentibus,

379 1297 410 1323 et
424 1293 668 1335 quomodolibet
682 1294 883 1337 qualificatus,
897 1296 970 1328 sub¹
987 1297 1115 1340 quibus-

378 1355 514 1388 cumque
541 1346 710 1379 verborum
744 1348 909 1381 tenoribus
935 1354 966 1381 et
992 1350 1113 1389 formis,

377 1408 413 1429 ac
433 1408 505 1430 cum
531 1399 694 1441 quibusvis
714 1400 809 1433 etiam
836 1401 1114 1444 derogatoriarum

377 1450 604 1493 derogatoriis,
631 1452 767 1496 aliisque
793 1454 1037 1494 efficacioribus,
1054 1455 1115 1487 effi-

376 1504 551 1536 cacissimis
580 1510 609 1537 et
635 1505 774 1539 insolitis
805 1508 969 1546 clausulis,
988 1508 1115 1540 irritan-

378 1555 527 1599 tibusque
550 1562 581 1589 et
611 1558 682 1590 aliis
711 1559 861 1599 decretis,
892 1560 986 1593 etiam
1012 1567 1112 1599 motu,

375 1609 511 1641 scientia
526 1616 557 1642 et
571 1612 739 1653 potestatis
752 1612 955 1655 plenitudine
971 1614 1113 1656 paribus,

375 1673 412 1694 ac
437 1664 730 1705 consistorialiter,
760 1671 791 1697 et
815 1666 893 1698 alias
915 1668 1113 1709 quomodoli-

373 1715 429 1746 bet
446 1715 478 1747 in
500 1717 696 1749 contrarium
723 1718 970 1760 praemissorum
985 1730 1114 1753 conces-

375 1767 429 1807 sis,
440 1768 638 1802 confirmatis
654 1776 686 1803 et
699 1771 969 1816 ‹plantiscumque
988 1773 1111 1806 vicibus

374 1820 497 1853 iteratis
534 1827 565 1854 et
602 1823 785 1864 innovatis;
813 1825 928 1867 quibus
964 1826 1112 1859 omnibus

374 1879 404 1906 ct
429 1874 592 1917 singulis,
621 1876 748 1909 etiamsi
782 1888 841 1920 pro
871 1878 1001 1910 illorum
1028 1880 1111 1911 suili-

373 1927 469 1959 cienti
509 1928 721 1970 derogatione
763 1930 801 1962 de
840 1930 903 1963 illis
935 1942 1110 1975 eorumque

374 1980 448 2012 totis
476 1981 644 2013 tenoribus
670 1982 835 2024 specialis,
873 1984 1034 2026 specifica,
1060 1996 1109 2018 ex-

374 2044 485 2076 pressa
510 2039 542 2065 et
561 2034 737 2075 individua,
759 2046 796 2067 ac
816 2036 854 2068 de
873 2037 971 2069 verbo
990 2039 1027 2070 ad
1046 2049 1112 2071 ver-

373 2087 460 2127 bum,
485 2097 549 2120 non
570 2094 675 2121 autem
693 2100 752 2132 per
766 2090 924 2123 clausulas
943 2093 1111 2134 generales

373 2140 458 2172 idem
485 2140 721 2183 importantcs,
748 2143 868 2176 mentio
897 2154 954 2175 seu
980 2145 1111 2186 quaevis

373 2193 434 2224 alia
460 2193 627 2236 expressio
653 2195 802 2227 habenda
827 2201 883 2227 aut
917 2196 1025 2239 aliqua
1050 2197 1111 2229 alia

373 2246 530 2288 exquisita
555 2246 655 2278 forma
680 2248 719 2280 ad
746 2248 808 2280 hoc
832 2250 988 2282 servanda
1014 2251 1108 2290 soret,

373 2298 501 2330 illorum
527 2299 669 2332 omniurn
695 2305 726 2333 et
750 2301 950 2344 singulorum
970 2308 1108 2344 tenores,

373 2352 501 2391 formas,
529 2363 638 2385 causas
665 2359 694 2386 et
719 2355 906 2388 occasiones
932 2357 1110 2399 praesenti—

372 2405 432 2436 bus
458 2415 516 2447 pro
546 2406 643 2448 plene
662 2412 692 2439 et
716 2408 913 2441 sufficienter
937 2410 1108 2453 expressis,

373 2456 526 2497 insertis,
554 2459 689 2490 servatis
722 2464 751 2493 et
783 2461 974 2503 specificatis
999 2473 1110 2506 respe-

372 2509 453 2541 ctive
479 2510 647 2550 babentes,
667 2511 730 2545 illis
755 2513 832 2545 alias
857 2514 889 2546 in
915 2524 972 2547 suo
989 2515 1109 2548 robore

372 2564 604 2605 permansuris,
622 2565 659 2597 ad
678 2566 930 2607 praemissorum
949 2567 1108 2609 effectum,

408 2626 418 2651 1
443 2624 512 2651 Edit.
534 2624 611 2652 Mam.
634 2626 698 2661 legit
717 2635 763 2655 seu
784 2636 830 2663 pro
850 2629 900 2656 sub
924 2632 963 2664 (a.
984 2631 1033 2664 T.)-

260 458 373 483 [lero-,talto

189 487 267 504 contr-n
275 492 350 507 iorum.

1008 245 1150 270 cmiii-&NS
1172 247 1190 269 K
1216 247 1263 270 rP.

1796 238 1854 270 5341

1163 294 1222 326 liae
1254 293 1322 326 vice
1354 294 1538 334 dumtaxat,
1565 295 1751 337 specialiter
1783 301 1813 328 et
1843 306 1896 327 ex‘-

1161 358 1272 390 presse
1308 347 1520 390 derogamus,
1550 358 1585 380 ac
1610 349 1798 389 derogatum
1824 359 1894 381 esse

1162 400 1324 440 volumus,
1352 400 1532 443 ceterisque
1568 401 1741 433 contrariis
1765 401 1897 443 quibus-

1161 463 1219 484 cuw
1237 464 1311 496 que.

1204 505 1263 547 57.
1284 506 1435 538 Volumus
1456 512 1561 538 autem
1583 512 1617 538 ut
1641 507 1782 549 ipsarum
1809 517 1895 549 prae-

1161 558 1301 590 sentium
1329 559 1508 591 litterarum
1535 559 1755 602 transumptis,
1774 570 1827 592 seu
1847 570 1897 592 ex-

1161 610 1285 653 emplis,
1304 611 1400 644 etiam
1432 612 1609 654 impressis,
1638 623 1734 645 manu
1761 613 1897 645 alicuius

1161 663 1276 694 notarii
1312 664 1434 706 publici
1471 665 1686 707 subscriptis,
1724 671 1756 697 et
1787 666 1896 707 sigillo

1161 726 1318 757 personae
1345 717 1376 748 in
1402 718 1618 751 ecclesiastica
1640 718 1797 761 dignitate
1820 730 1898 751 con-

1160 767 1289 801 stitutae
1323 770 1479 808 munitis,
1511 771 1623 803 eadem
1660 782 1792 813 prorsus
1819 771 1897 804 sides

1161 820 1279 862 ubique
1306 823 1452 854 locorum
1488 823 1519 854 in
1545 823 1663 856 iudicio
1690 830 1721 856 et
1747 830 1835 857 extra
1861 824 1895 856 il-

1161 873 1215 905 lud
1241 874 1447 915 adhibeatur,
1469 886 1551 918 quae
1574 876 1695 909 eisdem
1720 878 1898 920 praesenti-

1161 925 1218 958 bus
1245 926 1422 958 haberetur
1454 929 1480 960 si
1508 929 1618 961 forent
1661 930 1824 963 exhibitae
1850 932 1897 963 vel

1161 983 1321 1011 ostensae.

1204 1031 1318 1064 Datum
1344 1032 1480 1073 Romae,
1508 1035 1594 1077 apud
1620 1035 1651 1067 S.
1679 1036 1810 1068 Mariam
1836 1037 1898 1069 Ma-

1160 1083 1277 1124 iorem,
1304 1087 1363 1117 sul»
1385 1088 1507 1119 annulo
1529 1087 1718 1129 piscatoris,
1739 1089 1789 1122 die
1813 1101 1829 1122 v
1850 1102 1898 1122 se-

1160 1137 1314 1179 ptembris
1346 1149 1497 1173 noctxxn
1517 1167 1524 1180 ‚
1555 1140 1765 1183 pontificatus
1792 1143 1897 1175 nostri

1160 1201 1245 1223 anno
1271 1201 1319 1224 111.

1555 1247 1577 1279 l.
1606 1247 1641 1279 G.
1670 1247 1807 1281 SLuqus.

1195 1306 1253 1333 Dat.
1276 1306 1319 1333 die
1335 1308 1350 1334 5
1366 1309 1529 1343 septembris
1553 1310 1629 1342 ¹672,
1652 1310 1748 1344 pontif.
1772 1320 1841 1338 auno
1858 1318 1898 1338 ιι.ῐ

1192 1368 1356 1402 Re9z'strata
1374 1370 1401 1395 in
1420 1370 1524 1397 Sem-et.
1542 1371 1675 1398 Brevium
1693 1372 1721 1397 in
1743 1371 1791 1399 leb.
1807 1379 1837 1398 ιιι
1852 1373 1898 1399 (Ιί-

1160 1420 1315 1447 versorum,
1336 1413 1376 1447 sol
1401 1414 1457 1441 129.

1488 1568 1562 1601 cxl.

1156 1643 1263 1677 Editio
1287 1645 1339 1678 <let
1356 1651 1449 1678 santo
1471 1647 1579 1689 Offize'o
1593 1650 1677 1681 circa
1695 1650 1809 1682 alcuni
1825 1651 1898 1694 capi

1199 1700 1426 1741 appartenenti
1449 1701 1518 1732 alla
1541 1712 1634 1733 sacra
1660 1703 1893 1746 Inquisizi'one.

1155 1786 1208 1812 Noi
1227 1787 1391 1815 francesco
1416 1796 1543 1817 vescovo
1573 1790 1684 1817 d'Ostja
1712 1792 1871 1820 Barbarino
1887 1813 1894 1825 ‚

1190 1831 1354 1859 Francosco
1375 1832 1469 1859 Maria
1497 1842 1623 1862 vescovo
1651 1836 1679 1862 di
1699 1836 1786 1864 Porto
1807 1837 1896 1864 Bran-

1190 1875 1303 1908 caccio,
1319 1877 1464 1903 Alderano
1485 1878 1532 1904 del
1553 1878 1641 1905 titolo
1658 1879 1686 1905 di
1703 1880 1720 1906 S
1750 1880 1895 1909 Prassede

1189 1919 1276 1952 cybo,
1299 1920 1397 1946 Pietro
1418 1921 1464 1947 del
1485 1921 1573 1948 titolo
1594 1923 1623 1948 di
1644 1923 1671 1948 S.
1693 1923 1793 1951 Marco
1809 1925 1893 1951 Otto-

1188 1963 1274 1995 bono,
1296 1963 1424 1991 Lorenzo
1449 1965 1496 1991 dol
1525 1966 1612 1992 titolo
1633 1966 1662 1992 di
1684 1967 1712 1993 S.
1735 1969 1893 2002 crisogono

1188 2007 1354 2040 Imperiale,
1375 2008 1537 2036 Fraucesco
1558 2010 1605 2036 del
1631 2010 1717 2037 titolo
1745 2011 1791 2038 dei
1813 2014 1894 2039 santi

1189 2052 1312 2084 Quattio
1334 2052 1466 2080 Coronati
1482 2054 1604 2087 Albizzi,
1623 2055 1724 2083 Flavio
1742 2058 1788 2083 del
1804 2057 1892 2084 titolo

1188 2097 1217 2122 di
1237 2096 1264 2123 S.
1287 2097 1379 2124 Maria
1401 2098 1447 2125 del
1464 2099 1572 2132 Populo
1589 2100 1680 2134 effigi,
1702 2101 1829 2128 Paluzzo
1845 2102 1893 2128 del

1188 2142 1276 2168 titolo
1298 2142 1341 2168 de'
1358 2143 1400 2169 Ss.
1422 2144 1521 2171 Dodici
1542 2145 1676 2178 Apostoli
1696 2147 1814 2180 Altieri,
1843 2148 1893 2174 Ce-

1189 2194 1256 2213 sare
1277 2187 1324 2213 del
1340 2187 1426 2214 titolo
1443 2188 1472 2214 di
1488 2188 1516 2215 S.
1534 2189 1675 2216 Giovanni
1688 2192 1789 2217 avanti
1805 2191 1894 2218 Porta

1188 2231 1293 2258 Latina
1314 2232 1459 2265 Raspono,
1491 2233 1625 2260 Giacomo
1654 2235 1702 2261 del
1731 2235 1819 2262 titolo
1845 2236 1892 2262 dei

1189 2277 1234 2303 Ss.
1266 2276 1408 2304 Giovanni
1431 2285 1446 2304 6
1467 2278 1555 2304 Paolo
1582 2279 1778 2313 Rospigliosi‚
1799 2281 1894 2307 Ludo-

1187 2320 1252 2347 vico
1270 2321 1317 2347 del
1337 2321 1425 2348 titolo
1447 2322 1474 2347 di
1495 2322 1522 2348 S.
1544 2323 1651 2357 Sabina
1673 2324 1891 2357 Portocarrero,

1189 2364 1329 2390 Giovanni
1350 2364 1398 2391 del
1422 2365 1509 2391 titolo
1532 2366 1560 2392 di
1581 2366 1608 2392 S.
1633 2367 1781 2394 Bernardo
1803 2368 1891 2399 Bona,

1186 2408 1325 2435 rederico
1347 2408 1394 2435 del
1409 2409 1496 2436 titolo
1513 2409 1540 2436 di
1558 2409 1584 2435 S.
1601 2411 1715 2444 Aqnese
1732 2411 1798 2437 fuor
1813 2411 1892 2438 delle

1188 2459 1271 2478 mura
1299 2452 1476 2486 Borromeo,
1507 2454 1634 2487 Gasparo
1667 2456 1715 2481 del
1744 2455 1833 2482 titolo
1864 2456 1892 2481 di

1188 2497 1216 2523 S.
1238 2497 1427 2530 Pudenziana
1453 2498 1602 2532 earpeqna
1616 2520 1622 2531 ‚
1639 2501 1726 2532 preti,
1754 2500 1841 2526 Decio
1863 2500 1892 2526 di

1187 2542 1216 2568 S.
1238 2531 1398 2570 Eustacli'io
1419 2544 1555 2570 Azzolino
1572 2543 1705 2576 diacono,
1727 2552 1778 2577 per
1794 2545 1822 2570 la
1839 2544 1893 2570 mi-

1187 2587 1352 2614 sericordia
1369 2587 1397 2613 di
1412 2587 1462 2613 Dio
1478 2595 1493 2614 e
1508 2588 1584 2614 della
1600 2584 1627 2614 S'.
1646 2588 1675 2614 R.
1693 2588 1719 2613 C.
1734 2587 1891 2621 cardinali,

1188 2631 1217 2657 in
1237 2633 1320 2658 tutta
1341 2632 1368 2658 la
1389 2632 1543 2665 republica
1560 2632 1705 2659 cristiana
1722 2635 1824 2659 contro
1840 2633 1891 2660 16-

1906 246 1954 272 Λη.
1971 246 2000 272 C.
2024 246 2089 272 1572
