2279 3260
135 218 184 246 An.
206 215 235 244 C.
252 216 320 244 1676

961 215 1104 242 ereneus
1125 217 1144 241 x
1168 217 1218 241 ῐψ.
1740 206 1803 239 659
1850 214 1898 240 An.
1920 213 1949 240 c.
1967 212 2034 239 ¹676

331 276 369 299 eo
405 277 476 310 ipso
509 277 656 300 revocata
694 272 726 300 et
762 266 894 310 penitus
927 266 1065 299 extincta

330 325 456 352 maneat
481 320 624 363 praefata
658 320 828 353 ordinatio.
861 320 1064 352 Declaramus

331 378 446 414 autem,
473 374 571 416 quod,
597 374 726 417 quando
752 379 817 407 tres
854 375 903 406 vel
929 378 1066 416 quatuor

331 431 437 469 partes
461 425 684 468 suffragiorum
721 428 872 469 aequales
897 436 966 459 esse
1000 435 1062 457 non

331 482 475 521 possunt,
500 489 565 511 non
599 479 791 518 attendatur,
818 490 878 512 nec
904 478 985 510 ratio
1012 478 1066 509 ha-

330 532 445 564 beatur
476 531 515 564 de
545 531 626 564 votis
661 531 1001 575 superabundantibus
1026 530 1063 562 ad

331 590 395 617 tres
421 584 470 616 vel
496 589 632 627 quatuor
656 589 762 628 partes
781 585 946 627 aequales.

374 647 403 670 v.
431 637 476 670 Ad
509 638 570 670 hoc
603 643 710 670 autem
743 643 778 670 ut
808 637 916 681 aliqua
949 637 1066 669 consti-

330 690 410 723 tutio
446 700 482 722 ex
516 701 580 723 non
606 690 805 723 confirmatis
842 690 873 723 in
910 690 1017 733 specie
1049 700 1066 721 a

330 742 410 776 Sede
437 743 622 786 Apostolica
654 743 765 786 quovis
790 743 886 775 modo
913 743 1067 775 alteretur

330 796 379 828 vel
404 795 580 838 abrogetur
613 801 644 828 et
664 796 702 828 ad
723 796 789 828 ⁴hoc
813 801 848 827 ut
871 795 925 827 fiat
950 795 1067 827 eonsti-

329 848 410 881 tntio
424 848 586 881 contraria
600 848 695 881 alicui
713 859 749 881 ex
764 848 820 888 eis,
840 848 954 880 eodem
968 847 1066 879 modo

330 902 363 934 in
393 901 497 934 tribus
529 902 679 944 capitulis
713 901 918 943 generalibus
950 899 1067 932 exami-

329 954 436 987 nanda
460 960 508 987 est
532 953 601 987 eius
627 952 852 986 convenientia
876 954 926 985 vel
956 952 1067 984 incon-

331 1007 503 1047 venientia,
529 1007 572 1038 ita
597 1011 704 1038 tamen
728 1010 763 1037 ut
787 1005 931 1047 quamvis
950 1004 982 1036 in
1002 1003 1067 1046 pri-

330 1070 382 1092 mo
408 1059 548 1102 capitulo
573 1058 752 1091 consentiat
776 1058 879 1090 maior
903 1068 977 1100 pars
1003 1057 1067 1088 sut·-

330 1112 517 1154 sragiorum,
542 1121 608 1143 non
632 1110 737 1142 statim
769 1110 947 1143 executioni
978 1120 1068 1142 man-

331 1165 433 1205 detur,
459 1175 520 1197 nec
544 1163 762 1207 suspendatur
785 1173 843 1206 per
866 1163 945 1196 illud
968 1163 1068 1195 trien-

330 1217 419 1250 nium
456 1216 642 1250 constitutio
678 1216 820 1259 antiqua.
855 1215 942 1254 Quod
972 1215 998 1248 si
1034 1216 1066 1248 in

331 1270 481 1313 sequenti
506 1269 647 1313 capitulo
665 1269 871 1302 consentiant
895 1269 976 1302 duae
998 1280 1069 1313 par-

332 1329 379 1356 tes
403 1334 440 1356 ex
457 1323 560 1355 tribus
578 1322 814 1364 suffragiorum.
838 1327 913 1355 tune
933 1333 1068 1366 suspen-

333 1377 427 1408 datur
452 1386 510 1419 per
535 1375 706 1409 triennium
724 1376 854 1418 antiqua
871 1375 1068 1415 constitutio,

333 1434 363 1461 et
388 1428 570 1462 executioni
598 1429 769 1461 mandetur
784 1438 865 1461 nova
890 1428 1066 1467 ordinatio,

332 1482 477 1525 alioquin
511 1481 569 1513 ista
594 1491 725 1524 prorsus
758 1481 896 1513 extincta
927 1486 1066 1514 maneat.

332 1534 423 1573 Quod
443 1534 468 1566 si
494 1534 526 1566 in
551 1533 646 1566 tertio
672 1534 822 1576 capitulo,
842 1544 875 1566 re
895 1534 1069 1575 diligenter

333 1588 518 1630 perpensa,
550 1586 754 1619 consentiant
790 1591 852 1619 tres
888 1591 996 1629 partes
1032 1597 1068 1618 ex

335 1645 474 1682 quatuor
498 1638 736 1682 suffragiorum,
757 1639 924 1672 aboleatur
940 1639 1070 1681 antiqua

334 1692 522 1725 constitutio
548 1693 651 1735 quoad
676 1692 709 1724 id
740 1693 773 1724 in
790 1703 853 1735 quo
874 1702 933 1735 per
956 1702 1070 1725 novam

334 1748 509 1786 alteratur,
536 1746 727 1786 innovatur,
761 1751 924 1786 mutatur,
950 1756 1006 1779 seu
1039 1747 1071 1779 in

335 1798 535 1832 contrarium
562 1798 751 1841 disponitur,
778 1809 851 1831 cum
877 1798 1003 1832 indulto
1028 1804 1072 1831 ta-

335 1863 407 1885 men
441 1852 532 1885 Sedis
559 1852 776 1895 Apostolicae·‚
803 1851 829 1884 si
853 1862 928 1884 vero
953 1852 985 1884 in
1010 1853 1072 1885 hoo

334 1905 475 1948 capitulo
489 1915 556 1938 non
570 1905 774 1938 consentiant
795 1905 896 1938 dictae
915 1910 980 1938 tres
998 1915 1072 1948 par-

336 1963 382 1990 tes
407 1957 652 2000 suffragiorum,
678 1958 822 2001 praefata
847 1958 1008 1991 ordinatio
1033 1969 1071 1991 eo

335 2011 404 2054 ipso
429 2011 520 2043 nulla
544 2010 585 2042 sit
609 2015 641 2043 et
661 2010 793 2043 omnino
818 2016 947 2043 maneat
972 2012 1072 2044 extin-

336 2069 397 2096 cta.
426 2063 473 2096 Ad
489 2063 664 2106 capitulum
683 2064 835 2105 generale
853 2064 995 2106 pertinet
1011 2065 1073 2097 dis-

337 2126 474 2159 pensare
499 2115 551 2148 in¹
576 2116 872 2154 constitutionilms,
898 2117 1072 2150 dummodo

339 2178 402 2201 non
427 2169 491 2201 sint
515 2179 551 2202 ex
577 2168 773 2202 confirmatis
798 2180 815 2202 a
839 2169 920 2202 Sede
941 2170 1074 2213 Aposto-

340 2221 419 2255 lica:
445 2222 488 2255 ita
512 2227 619 2255 tamen
645 2223 730 2266 quod
751 2223 775 2255 si
802 2233 865 2255 non
890 2224 1073 2266 pertineant

340 2276 379 2308 ad
403 2275 582 2308 universale
607 2276 736 2309 Ordinis
762 2277 920 2319 regimen,
940 2277 1076 2311 sufficiat

339 2328 444 2361 maior
473 2339 547 2371 pars
579 2330 754 2369 vocaliunr,
791 2330 817 2361 si
842 2335 946 2363 autem
974 2331 1075 2373 perti-

340 2386 439 2414 neant
456 2382 494 2414 ad
519 2382 720 2424 praedictum
739 2383 898 2425 regimen,
919 2383 993 2415 dum
1010 2393 1073 2415 non

341 2435 407 2467 sint
430 2434 638 2468 confirmatae
656 2446 673 2468 a
689 2435 771 2468 Sede
791 2435 988 2478 Apostolica,
1005 2436 1073 2468 fieri

341 2487 439 2519 debet
462 2487 742 2521 consentientibus
761 2488 885 2521 duabus
910 2498 947 2521 ex
973 2488 1075 2521 tribus

342 2539 477 2583 capituli
501 2540 658 2584 partibus.

378 2602 389 2628 t
407 2601 557 2637 Praeposit.
574 2602 605 2629 in
621 2609 669 2629 nos
685 2601 806 2630 addimus
820 2604 858 2639 (a.
874 2605 923 2638 T.).

1152 277 1195 299 Vl.
1225 265 1270 299 Ad
1297 265 1444 298 facienda
1469 276 1691 309 quaecumque
1717 269 1842 304 statuta,

1108 320 1294 351 nullatenus
1321 324 1425 351 tamen
1456 319 1574 351 nostris
1605 317 1845 350 constitutioni-

1107 371 1166 403 bus
1190 371 1455 411 contradicentia,
1488 382 1569 414 quae
1597 371 1676 402 vim¹
1702 371 1844 402 habeant

1108 423 1315 457 decretorum
1349 424 1481 467 capituli
1508 423 1680 467 generalis,
1707 422 1845 454 sufficiat

1107 477 1208 509 maior
1222 487 1296 520 pars
1314 476 1555 519 suffragiorum
1574 481 1605 507 et
1623 486 1659 507 ex
1679 480 1756 507 tune
1775 484 1845 506 exe-

1101 529 1229 563 ¹cutioni
1247 530 1449 571 mandet111‘²;
1472 531 1496 563 si
1523 535 1628 563 autem
1649 529 1680 561 in
1701 529 1843 571 capitulo

1109 583 1291 615 immediate
1324 588 1480 626 sequente
1506 592 1655 626 expresse
1680 592 1744 614 non
1772 591 1845 613 con-

1109 635 1287 677 firmentur,
1322 646 1360 669 eo
1390 636 1461 679 ipso
1498 636 1636 669 extincta
1673 639 1841 672 maneant;

1109 693 1140 720 et
1165 689 1308 731 quamvis
1340 689 1562 732 approbentur
1588 688 1704 721 nedum
1731 698 1747 719 a
1779 696 1844 719 rna-

1109 742 1179 783 iori,
1214 743 1268 775 sed
1302 743 1397 775 etiam
1428 754 1445 775 a
1477 742 1600 775 duabus
1630 740 1773 785 partibus
1805 750 1841 772 ex

1110 796 1210 828 tribus
1236 795 1472 838 suffragiorum,
1499 806 1563 828 non
1589 795 1661 827 ideo
1695 803 1845 826 censean—

1110 854 1162 882 tur
1192 851 1224 882 in
1261 850 1311 882 via
1339 849 1378 882 ad
1411 849 1674 890 constitutiones,
1711 847 1773 880 nisi
1805 846 1843 879 ab

1109 902 1200 935 initio
1227 903 1308 935 sacta
1333 902 1454 935 suerint
1482 907 1642 945 tamquam
1668 900 1845 934 ordinatio-

1109 966 1167 988 nes
1193 955 1325 998 capituli
1350 954 1383 987 in
1409 965 1482 987 eum
1515 955 1622 987 finem.

1153 1019 1208 1041 vn.
1235 1007 1355 1047 Omnia,
1377 1018 1459 1050 quae
1481 1007 1513 1040 in
1530 1008 1673 1050 capitulo
1691 1006 1845 1040 decidun-

1110 1066 1161 1093 tur
1184 1071 1242 1103 per
1266 1066 1388 1093 secreta
1405 1059 1566 1102 suffragia,
1584 1059 1845 1093 determinentur

1109 1112 1242 1146 calculis
1262 1112 1344 1145 albis
1364 1117 1395 1144 et
1412 1111 1525 1154 nigris.

1155 1177 1176 1199 1.
1204 1166 1250 1199 Ad
1269 1166 1447 1209 capitulum
1464 1168 1616 1208 generale
1635 1170 1763 1209 spectat
1783 1164 1844 1208 pri·
1857 1172 1978 1219 „.{„⁷,·h⁰⁰
1993 1177 2042 1218 ”iil

1111 1219 1214 1252 vative
1238 1219 1345 1252 faeere
1381 1228 1493 1251 omnes
1518 1218 1695 1251 electiones
1721 1219 1847 1261 praela·
1858 1205 2041 1277 fjlffi'gziecgiss-

1111 1277 1214 1304 torum
1238 1271 1376 1312 Ordinis,
1395 1271 1565 1305 admittere
1584 1272 1846 1304 renunciationes
2037 1267 2041 1270 ’

1111 1327 1328 1369 praelatorum
1357 1336 1437 1369 quae
1455 1326 1487 1358 in
1508 1325 1580 1368 ipso
1598 1325 1687 1365 siunt,
1706 1325 1846 1358 condere

1112 1379 1363 1412 constitutiones
1383 1379 1470 1411 iuxta
1485 1378 1569 1411 dicta
1589 1379 1603 1421 ἓ
1621 1379 1844 1418 antecedente,

1113 1442 1200 1464 num.
1229 1442 1270 1471 iv,
1297 1431 1471 1474 impetrare
1502 1442 1518 1463 a
1543 1430 1624 1463 Sede
1648 1431 1846 1474 Apostolioai,

1088 1521 1089 1524 Ἰ
1112 1485 1379 1517 concurrentibus
1408 1484 1558 1517 omnibus
1592 1483 1762 1527 suffragiis,
1788 1484 1847 1516 im·

1111 1538 1323 1571 mutationem
1340 1542 1468 1570 nostrae
1483 1538 1613 1580 regulae
1627 1537 1660 1569 in
1674 1548 1709 1570 re
1725 1538 1844 1581 aliqua.

1157 1602 1191 1624 u.
1220 1591 1265 1623 Ad
1290 1591 1370 1623 illud
1405 1600 1533 1634 quoque
1564 1590 1718 1633 privative
1750 1590 1849 1633 perti-

1113 1650 1176 1684 net,
1202 1645 1348 1677 consulta
1373 1643 1462 1687 prius
1485 1644 1567 1676 Sede
1591 1643 1786 1686 Apostoliea‚
1804 1643 1850 1676 di-

1112 1698 1224 1731 videre
1248 1697 1442 1741 provincias,
1462 1697 1637 1730 dummodo
1656 1707 1715 1740 pro
1740 1697 1850 1740 aliqua

1114 1751 1153 1784 de
1188 1761 1268 1784 novo
1294 1750 1522 1784 constituenda
1547 1750 1612 1782 sint
1637 1751 1750 1782 saltem
1777 1754 1849 1782 octo

1115 1810 1314 1844 conventus,
1341 1815 1395 1844 ac,
1422 1803 1532 1836 itidem
1558 1804 1705 1836 consulta
1738 1803 1850 1835 eadem

1114 1858 1228 1891 Sancta
1245 1857 1335 1897 Sede,
1364 1856 1553 1899 relinquere
1578 1861 1610 1888 et
1635 1856 1779 1889 desertas
1805 1856 1850 1888 sa-

1114 1920 1186 1942 cere
1208 1910 1414 1942 fundationes
1428 1914 1643 1942 conventuum
1660 1909 1723 1941 iam
1739 1908 1852 1940 admis-

1115 1973 1163 1996 sas
1188 1968 1220 1995 et
1243 1973 1428 2006 possessas,
1461 1973 1497 1994 ac
1530 1962 1625 1994 etiarn
1651 1962 1851 2005 dispensare,

1115 2016 1341 2050 consentiente
1366 2016 1480 2048 saltem
1506 2015 1618 2048 maiori
1644 2021 1734 2057 parte
1761 2025 1853 2047 voca-

1115 2070 1202 2111 lium,
1222 2069 1253 2102 in
1271 2069 1556 2102 constitutionibus
1575 2080 1590 2101 a
1608 2068 1689 2101 Sede
1709 2068 1852 2111 praefata

1116 2134 1179 2156 non
1216 2122 1411 2156 confirmatis
1446 2132 1506 2155 nec
1553 2121 1772 2165 spectantibus
1812 2121 1851 2153 ad

1116 2177 1297 2210 universale
1338 2176 1467 2208 Ordinis
1508 2175 1721 2217 gubernium3
1764 2174 1852 2217 quod

1118 2236 1227 2263 tamen
1251 2240 1323 2262 raro
1348 2227 1403 2261 fiat
1428 2234 1457 2261 et
1485 2234 1610 2261 maturo
1635 2228 1784 2261 consilio.

1162 2294 1210 2316 111.
1237 2282 1384 2326 Denique
1411 2282 1448 2314 ad
1475 2282 1579 2325 ipsum
1604 2281 1718 2314 attinet
1743 2282 1854 2324 dispo-

1118 2347 1203 2377 nere,
1230 2347 1337 2379 agere,
1371 2335 1516 2368 stabilire
1548 2334 1663 2374 omnia,
1701 2346 1783 2378 quae
1807 2346 1855 2367 se-

1119 2391 1260 2423 cundum
1289 2394 1431 2422 nostram
1466 2390 1610 2431 regulam
1636 2394 1667 2421 ct
1692 2389 1851 2421 constitu-

1119 2444 1221 2477 tiones
1246 2443 1305 2487 ipsi
1331 2445 1567 2476 reservantur.'

1158 2516 1168 2541 1
1192 2513 1336 2550 perperam
1356 2513 1420 2541 edit.
1446 2514 1527 2540 Main.
1550 2513 1614 2548 legit
1633 2514 1709 2541 enim
1732 2521 1781 2547 pro
1803 2513 1856 2540 vim

1121 2559 1160 2594 (a.
1178 2560 1228 2593 τ.).

1157 2603 1173 2629 2
1193 2602 1284 2630 Potius
1304 2603 1363 2638 lege
1384 2603 1562 2630 mandentur
1581 2608 1616 2636 tn.
1634 2602 1673 2631 τ.)
