2279 3260
98 261 147 288 Αη.
164 259 193 287 C.
213 257 283 287 ¹670

287 307 397 341 litibus
415 307 588 347 emineret‘,
616 307 653 339 ad
680 306 823 339 omnium
843 310 947 337 tamen
966 315 1019 347 pe-

289 360 345 393 des
366 359 504 392 mirabili
523 359 720 392 demissione
740 364 951 402 prosternens
971 367 1015 389 se.

120 427 278 458 ‚vinulam-
332 412 347 455 ἓ
371 412 402 444 5.
429 412 609 445 Praecinxit
632 411 722 453 illum
741 411 825 443 Deus
843 410 967 449 virtute,
989 414 1020 441 et

97 456 277 506 niiffieii'ffliiii’scf‘
289 465 398 508 posuit
421 465 656 497 immaculatam
681 464 764 496 viam
781 464 865 499 eius:
883 472 1021 506 pauper-

291 522 365 557 tate,
392 518 562 560 religiosae
588 517 779 560 disciplinae
804 517 923 558 rigore,
950 517 1021 547 rara

290 571 456 603 oculorum
482 570 650 608 modestia,
676 569 857 601 incredibili
879 568 929 600 siti
951 578 1022 599 cru-

291 622 431 654 ciatuum
455 632 602 664 magnam
635 622 667 654 in
701 621 852 653 omnibus
876 618 1023 651 excitavit

292 674 539 707 admirationem
565 674 626 706 sui.

128 741 281 771 mmmmm
335 727 350 768 5
373 727 405 759 6.
432 727 615 760 solemnem
629 726 877 770 professionem,
895 724 1022 766 expleto

101 768 435 815 {fil'‘'⁰‘³'¹‘⁰¹'''''tirocinii
469 791 569 819 anno,
595 780 720 819 emisit,
747 784 779 811 et
802 788 871 810 sese
896 778 1024 810 elevans

294 844 392 877 supra
416 843 461 871 se,
490 833 629 864 bumana
654 831 761 863 omnia
792 829 1024 862 transcendens

294 891 325 918 et
350 886 508 918 anhelans
534 885 572 916 ad
598 884 765 921 caelestia,
791 881 892 915 oculis
918 886 1024 912 tamen

293 939 325 970 in
351 943 466 970 terram
492 935 781 978 semperdeiectis,
801 933 971 976 ignorabat
984 943 1023 964 an

292 990 412 1022 chorus
439 988 596 1020 ecclesiae
629 987 750 1029 (quem
776 990 933 1029 perpetuo
959 984 1025 1016 adi-

292 1042 360 1083 bat)
386 1040 508 1073 fornice
524 1040 683 1071 obductus
698 1044 790 1072 esset.
809 1049 848 1070 au
865 1036 1022 1079 laqueari;

292 1104 331 1125 an
357 1093 472 1125 cellula
497 1102 552 1124 sua
577 1102 613 1123 ex
635 1090 805 1133 lapidibus,
821 1100 861 1122 an
879 1100 914 1121 ex
930 1089 1024 1131 lignis

293 1150 469 1178 constaret:
495 1150 526 1176 et
551 1144 668 1176 exactis
693 1143 724 1175 in
746 1143 884 1185 quodam
902 1141 950 1173 sui
970 1141 1026 1173 Or-

295 1197 377 1230 dinis
401 1197 556 1229 coenobio
582 1196 683 1228 tribus
709 1195 811 1233 annis,
832 1195 945 1226 fratres
960 1204 1024 1225 non

294 1261 332 1283 ex
355 1250 456 1288 vultu,
483 1249 540 1281 sed
566 1259 601 1280 ex
620 1249 687 1281 solo
705 1247 791 1279 vocis
809 1246 1027 1289 cognoscebat

293 1302 415 1334 auditu.
443 1301 568 1334 Silentii
595 1311 725 1344 quoque
751 1301 854 1342 rigore
881 1300 1023 1341 linguam

292 1355 470 1398 reprimere
496 1354 639 1392 studens,
665 1363 723 1396 per
743 1353 914 1385 triennium
933 1362 1025 1394 quos-

294 1408 366 1441 dam
391 1408 423 1439 in
447 1417 503 1439 ore
528 1407 657 1449 lapillos
682 1406 815 1445 detulit,
845 1411 880 1437 ut
904 1406 953 1437 vel
979 1405 1024 1436 sic

295 1460 449 1502 loquendi
475 1459 635 1502 pruritum
661 1461 841 1492 (cerceret.

118 1521 187 1551 ,Anno
208 1521 284 1541 aevan-
339 1514 353 1554 g
377 1511 408 1544 7.
435 1511 535 1544 Senili
561 1511 733 1553 prudentia
758 1511 956 1543 iuventutem
974 1520 1026 1542 sn-

103 1553 490 1607 {153323533'323'pergressus,
512 1564 666 1605 vigesimo
687 1563 800 1595 aetatis
817 1574 909 1602 anuo,
933 1574 1026 1605 prae-

297 1623 346 1649 ter
370 1616 451 1648 sacri
481 1616 608 1647 Ordinis
639 1626 787 1654 morem,
817 1621 921 1648 custos
952 1626 1026 1648 coe—

297 1668 384 1700 nobii
408 1667 439 1699 S.
459 1667 574 1699 Mariae
600 1668 795 1708 Angelorum
820 1668 1024 1699 renunciatus

297 1726 360 1759 ezr,
382 1720 437 1751 ubi
463 1724 507 1752 tot
530 1719 758 1751 charismatum
785 1720 867 1751 dona
892 1720 1024 1752 caelitus

296 1773 341 1805 illi
367 1772 484 1805 collata
509 1777 593 1811 sunt,
618 1776 651 1803 ut
677 1782 713 1803 ex
739 1782 776 1803 eo
798 1772 859 1803 iani
878 1777 1025 1814 tempore

295 1824 452 1867 prodigiis
476 1829 671 1856 coruscaret.
699 1823 776 1855 Cum
795 1824 881 1856 enim
899 1835 1027 1857 annona

294 1877 398 1909 omnis
423 1876 612 1915 defecisset,
647 1886 683 1908 ac
713 1876 825 1908 fratres
852 1877 963 1919 egredi
988 1877 1027 1909 ad

294 1928 465 1972 petendam
498 1929 736 1971 eleemosynam
772 1929 1028 1971 prohiberentur

294 1980 447 2013 altissima
461 1980 535 2012 nive
551 1985 744 2012 conventum
761 1980 940 2019 obsidente,
955 1991 1028 2013 con-

293 2033 384 2075 queri
409 2032 448 2064 de
474 2032 567 2064 Petro
585 2037 774 2074 coeperunt,
795 2033 848 2075 qui
868 2033 963 2066 etiam
987 2034 1028 2066 ri-

293 2090 389 2127 gente
415 2084 522 2117 hieme
552 2084 629 2127 ipsis
655 2085 796 2126 cogitare
818 2086 856 2117 de
886 2086 1026 2118 crastino

294 2138 464 2177 vetuisset,
500 2137 656 2180 quidquid
692 2148 822 2170 mensae
861 2145 1029 2181 supererat

294 2190 439 2233 quotidie
476 2190 507 2222 in
543 2200 702 2232 pauperes
734 2190 926 2223 distribuero
952 2202 1028 2224 con-

294 2249 418 2276 suetus:
444 2249 476 2275 at
498 2243 563 2281 ille,
585 2248 672 2276 certo
691 2243 795 2276 sciens
813 2245 1028 2277 enutriendos

295 2306 367 2328 esse
391 2295 444 2338 qui
470 2296 588 2327 iactant
612 2296 786 2337 cogitatum
810 2308 901 2329 suum
925 2298 956 2329 in
975 2298 1029 2331 Do-

294 2348 391 2388 mino,
410 2348 502 2380 iussit
516 2349 554 2380 ad
572 2349 691 2380 ostium
708 2350 864 2391 querulos
880 2361 1028 2392 pergere,

296 2401 362 2439 ubi,
387 2411 485 2443 super
509 2411 656 2433 acervum
681 2401 761 2433 nivis
787 2402 932 2444 postibus
954 2404 1030 2435 liae-

296 2458 429 2493 rentem,
457 2454 658 2496 praegrande
684 2455 859 2487 canistrum
879 2456 1030 2488 refertum

298 2505 435 2548 panibus
460 2505 662 2547 invenerunt,
677 2512 739 2538 tam
752 2507 938 2549 importuno
957 2513 1031 2540 tem-

298 2568 396 2600 pore,
421 2563 452 2589 et
475 2557 589 2590 itinere
615 2560 677 2591 alta
702 2560 773 2591 nire
800 2560 925 2600 obsito,
952 2571 1032 2592 non-

299 2610 361 2642 nisi
386 2610 425 2642 ab
450 2611 573 2652 angelis
600 2622 638 2643 eo
663 2612 824 2644 delatum:
858 2623 954 2655 quam
985 2614 1031 2645 di-

912 257 1055 281 CLEMENS
1077 258 1096 281 X
1120 257 1169 281 PP.

1734 248 1754 281 ‘3
1800 258 1850 284 An.
1867 256 1894 284 C.
1917 257 1987 285 ¹670

1061 304 1151 337 vinae
1175 304 1399 347 providentiae
1424 316 1531 337 curam
1563 305 1632 338 aliis
1662 315 1793 349 quoque

1061 356 1182 388 vicibus
1208 362 1258 388 est
1277 362 1439 399 expertus.

1105 410 1120 452 ἓ
1144 409 1175 441 8.
1202 409 1264 442 Sed
1289 409 1469 442 mirabilior
1497 415 1565 442 erat
1595 410 1678 443 Petri
1711 409 1990 463 vita,*‚h†]·[2‡u³gr2222

1063 473 1144 505 quae
1169 468 1204 495 ut
1227 463 1295 495 viva
1326 464 1375 496 lcx
1407 463 1618 506 perfectionis
1651 464 1847 497 alumnosffl·

1064 515 1264 557 provocabat
1287 515 1326 547 ad
1351 515 1563 547 sanctitatem.
1588 515 1665 548 ¹Pro
1683 516 1796 558 quovis

1065 567 1238 609 praeconio
1264 567 1427 600 sufficeret
1451 568 1574 599 referre
1604 567 1678 607 illa,
1716 577 1798 610 quae

1066 620 1103 651 de
1129 620 1192 652 boc
1208 620 1275 652 viro
1289 620 1491 653 sanctissimo
1509 620 1588 653 dixit
1601 620 1801 653 sanctissima

1066 672 1190 715 pariter
1214 672 1304 714 virgo
1329 673 1460 705 Teresia
1480 672 1726 706 carmelitarum
1747 673 1804 705 Re-

1067 725 1277 756 formatorun]
1303 735 1442 766 parens,
1468 724 1641 763 videlicet,
1670 734 1710 756 ne
1735 734 1803 758 mo-

1067 782 1177 809 mento
1203 777 1333 819 quidem
1358 777 1420 810 diei
1443 788 1477 809 ac
1495 777 1597 810 noetis
1614 778 1745 809 Petrum
1763 777 1803 808 ab

1067 829 1211 862 oratione
1237 840 1397 869 cessasse·‚
1417 835 1456 869 et,
1479 840 1518 861 ne
1545 840 1676 862 somnus
1695 829 1802 862 oranti

1068 883 1260 925 obreperet,
1286 882 1375 915 flexis
1413 883 1568 925 genibus,
1602 893 1674 914 cum
1699 881 1801 925 quieti

1068 939 1189 966 tautum
1213 935 1381 976 indulgere
1417 936 1613 977 cogebatur,
1645 935 1683 967 ad
1720 935 1800 976 ligni

1067 987 1211 1029 stipitem
1233 987 1348 1029 parieti
1373 987 1503 1019 infixum
1529 993 1625 1030 caput
1649 987 1801 1019 admove-

1067 1038 1148 1071 ret‘2.
1175 1039 1261 1071 illius
1286 1039 1387 1078 cella,
1414 1040 1527 1071 eadem
1552 1040 1681 1072 Teresia
1708 1044 1801 1079 teste,

1067 1092 1182 1133 pedum
1209 1097 1348 1134 quatuor
1365 1092 1598 1134 longitudinem
1619 1103 1688 1124 cum
1711 1092 1804 1125 dinti-

1068 1143 1120 1175 dio
1145 1153 1210 1176 non
1240 1142 1439 1184 excedeba't;
1471 1145 1617 1187 adeoque
1647 1145 1804 1187 depressa

1068 1201 1148 1235 erat,
1174 1201 1208 1228 ut
1232 1197 1322 1229 flexis
1348 1197 1484 1239 genibus
1503 1202 1534 1229 et
1550 1197 1655 1229 curvis
1674 1207 1803 1240 semper

1069 1249 1211 1281 humeris
1236 1248 1269 1280 in
1294 1249 1350 1281 illa
1375 1249 1511 1281 haerere
1527 1254 1722 1291 cogeretur.

1111 1301 1125 1342 g
1150 1300 1181 1333 9.
1220 1300 1280 1333 Per
1311 1301 1534 1344 quadraginta·
1555 1312 1714 1334 annorum
1746 1301 1802 1335 de-
1852 1309 1996 1348 ⁸⁰'nf'nff-‘5'

1068 1364 1197 1386 cursum
1216 1355 1444 1397 sesquilioram
1459 1360 1581 1387 tantum
1596 1365 1712 1388 somno
1727 1365 1802 1388 con·
1812 1336 1996 1384 ffis‘lmmu'w

1068 1407 1174 1439 cessit.
1200 1407 1355 1439 Ieiunium
1381 1407 1504 1446 amavit,
1531 1407 1650 1440 adeout
1677 1407 1716 1439 ad
1746 1407 1802 1439 tri-

1069 1459 1163 1491 duum
1189 1459 1372 1499 ordinarie,
1399 1465 1429 1491 et
1454 1459 1492 1491 ad
1522 1464 1594 1491 octo
1627 1459 1802 1502 aliquando

1069 1511 1138 1543 dies
1178 1511 1319 1543 inediam
1360 1511 1580 1553 protraxerit;
1621 1512 1801 1554 asperrimo
1840 1519 1910 1539 Sam
1932 1524 1996 1555 πψτη-

1069 1569 1240 1606 prxueterea
1269 1563 1375 1595 cilicio
1397 1568 1548 1602 armatus,
1580 1563 1711 1595 bractea
1742 1547 1898 1596 fer-2312}¹1²
1928 1552 1997 1565 [ΜΨ

1068 1617 1123 1647 rea
1146 1625 1206 1658 per
1230 1615 1342 1657 viginti
1367 1625 1469 1647 annos
1501 1615 1651 1657 praefixis
1681 1616 1802 1648 aculeis

1068 1678 1184 1710 corpus
1210 1668 1382 1707 dilanians,
1408 1667 1458 1699 bis
1483 1668 1515 1699 iu
1541 1668 1591 1699 die
1617 1668 1752 1710 flagellis
1769 1668 1802 1700 in

1069 1731 1101 1752 se
1128 1720 1354 1753 crudelissime
1380 1720 1652 1759 animadvertens,
1673 1720 1802 1761 itinera,

1070 1774 1211 1817 quamvis
1245 1774 1432 1816 longissima
1468 1779 1564 1816 atque
1601 1774 1803 1816 asperrima,

1069 1827 1173 1869 capite
1191 1836 1320 1869 semper
1336 1826 1463 1859 detecto
1482 1825 1641 1868 nudisque
1664 1825 1803 1868 pedibus

1070 1889 1129 1922 per
1153 1883 1259 1911 aestus
1284 1883 1315 1911 et
1340 1879 1460 1921 frigora
1492 1878 1685 1921 suscipiens,
1711 1878 1803 1918 itaut,

1070 1942 1141 1963 cum
1166 1931 1285 1963 nudum
1310 1935 1406 1973 caput
1430 1929 1587 1962 imbribus
1613 1935 1645 1962 et
1668 1930 1732 1963 nivi
1754 1941 1806 1963 ex-

1071 1989 1214 2027 poneret,
1240 1983 1400 2015 interdum
1425 1982 1534 2025 capilli
1560 1991 1635 2025 gelu
1660 1983 1804 2016 concreti

1071 2036 1272 2075 deriderent,
1299 2041 1329 2067 et
1354 2041 1473 2068 aestate
1499 2036 1703 2078 praefervida
1731 2046 1806 2068 exu-

1072 2089 1217 2121 rentibus
1250 2089 1326 2121 solis
1363 2088 1460 2121 radiis
1495 2090 1601 2132 capite
1633 2089 1807 2121 veliemen-

1073 2141 1191 2173 tissime
1217 2140 1438 2181 cruciaretur;
1464 2142 1662 2184 respondere
1695 2142 1807 2174 solitus

1071 2193 1349 2235 interrogantibus
1373 2203 1430 2225 cnr
1457 2193 1585 2226 detecto
1603 2194 1708 2237 capite
1725 2204 1809 2226 sem-

1072 2256 1131 2288 per
1155 2246 1346 2284 incederet,
1379 2246 1469 2277 nefas
1501 2256 1570 2278 esse
1604 2256 1710 2279 coram
1739 2246 1806 2278 Deo

1074 2304 1159 2330 tecto
1185 2298 1288 2340 capite
1319 2298 1497 2330 ambulare.
1535 2298 1611 2331 Cum
1647 2304 1807 2331 vetustum

1074 2361 1109 2383 ac
1126 2351 1222 2382 vilem
1235 2361 1359 2382 saccum
1375 2351 1535 2389 abluebat,
1557 2350 1720 2383 madidum
1737 2361 1809 2382 cor-

1074 2403 1145 2446 pori
1171 2403 1321 2445 aptabat,
1355 2403 1432 2445 quin
1469 2403 1565 2434 etiam
1603 2403 1635 2435 in
1668 2404 1808 2445 gelidam

1074 2466 1188 2497 acpuun
1213 2454 1340 2496 rigente
1373 2455 1480 2486 bieme
1511 2465 1583 2487 sese
1616 2456 1808 2498 plerumque

1074 2507 1253 2540 iniiciebat.
1282 2507 1413 2539 Praeter
1439 2508 1533 2546 llaec,
1572 2507 1729 2540 familiare
1762 2507 1809 2540 illi

1112 2579 1119 2604 1
1141 2577 1206 2604 Male
1221 2577 1286 2604 edit.
1298 2577 1376 2604 Μαίη.
1390 2577 1452 2612 legit
1468 2578 1651 2605 smzclilalem
1665 2585 1719 2612 pro
1730 2579 1809 2611 (afr).

1109 2623 1124 2647 Ξ
1136 2623 1228 2657 Aptius
1239 2622 1302 2649 edit.
1316 2622 1423 2648 Cherub
1447 2623 1527 2648 habet
1539 2623 1707 2650 admovebat
1719 2624 1809 2657 (nm).
