2279 3260
181 242 230 274 λη.
256 247 286 274 C.
303 241 365 274 1671

182 307 294 337 clausulae
304 312 365 333 prae-

179 336 308 355 sni-vatius.

1013 243 1155 270 CLEMENS
1176 245 1195 269 X
1219 244 1268 268 PP.

420 296 434 338 ξ
460 295 490 329 7.
517 296 706 328 Praesentes
745 305 872 337 quoque
909 298 941 326 ct
972 294 1112 335 desuper

375 348 592 381 conficiendas
618 348 748 386 litteras,
777 347 873 379 etiam
899 357 933 379 cx
961 356 999 379 co
1025 346 1110 388 quod

375 401 493 443 Singuli
529 400 684 433 nominati
728 399 885 442 praedicti
925 398 1111 442 praemissis

376 465 440 487 non
455 453 688 493 consenserint,
703 464 763 485 nec
778 453 886 485 forsan
901 453 939 485 ad
954 462 989 483 ea
1005 451 1112 483 onmia

376 513 406 540 et
429 506 554 548 singula
579 506 681 538 vocati
709 511 740 538 ct
761 505 859 538 auditi
880 505 1004 543 suerint,
1022 505 1111 536 nullo
1133 515 1134 524 ³

374 570 517 602 unquam
550 564 695 601 tempore
731 559 770 591 de
811 557 1031 600 subreptionis
1063 557 1110 589 wl

374 612 577 655 obreptionis
610 617 664 644 aut
699 611 857 644 nullitatis
880 610 957 643 vitio
982 620 1038 641 seu
1065 609 1112 641 in-

374 665 527 698 tentionis
552 671 682 698 nostrae
707 666 757 698 vel
790 665 852 697 alio
878 663 991 707 quovis
1017 662 1110 695 ctiam

373 718 576 760 quantumvis
590 728 706 760 magno
722 723 752 750 et
766 717 980 759 inexcogitato
995 721 1026 748 et
1039 715 1111 746 suli-

373 769 513 802 stantiali
540 769 678 810 defectu,
697 769 792 801 etiam
819 780 854 801 ex
882 779 919 801 eo
948 768 1033 810 quod
1060 777 1111 798 su-

373 833 432 866 per
456 821 638 866 praemissis
664 822 888 854 solemnitates
921 825 953 853 et
983 819 1110 862 quaevis

373 876 436 908 alia
460 875 617 908 servanda
638 879 670 907 et
694 874 909 917 adimplenda,
931 878 1054 905 servata
1080 877 1112 904 et

373 929 549 972 adimpleta
573 939 638 960 non
664 928 791 966 suerint,
810 933 864 959 aut
887 937 924 959 ex
945 926 1007 957 alio
1033 935 1111 967 quo-

372 982 453 1016 libet
472 982 577 1025 capite
604 992 621 1013 a
646 981 713 1013 iure
739 981 789 1013 vel
816 980 897 1011 sacto
919 983 975 1011 aut
991 982 1109 1010 statuto

370 1036 421 1067 vel
447 1034 682 1067 consuetudine
709 1033 816 1076 aliqua
838 1033 1028 1071 resultante,
1055 1041 1109 1062 seu

372 1087 471 1119 etiam
496 1086 655 1126 enormis,
681 1085 922 1118 enormissimae
948 1089 980 1116 et
1003 1083 1110 1116 totalis

370 1139 547 1179 laesionis,
583 1144 637 1171 aut
661 1148 868 1181 quocumque
902 1137 965 1169 alio
999 1136 1109 1168 colore

372 1192 470 1224 etiam
496 1191 529 1223 in
554 1201 690 1234 corpore
711 1190 789 1222 iuris
807 1191 926 1229 clauso,
945 1199 1003 1221 seu
1021 1198 1111 1221 occa-

373 1245 465 1278 sione
492 1245 542 1277 vel
565 1245 660 1276 causa
685 1242 886 1286 quantumvis
907 1242 1000 1282 iusta,
1016 1241 1110 1273 ratio-

372 1297 474 1330 nabili
496 1302 528 1330 et
552 1296 766 1340 privilegiata,
782 1296 879 1328 etiam
897 1295 951 1327 tali
971 1304 1053 1337 quae
1071 1293 1109 1325 ad

373 1349 521 1383 effectum
538 1348 714 1382 validitatis
733 1348 974 1391 praedictorum
989 1345 1110 1389 specia-

371 1403 448 1436 liter
472 1413 507 1435 ac
532 1402 695 1434 individue
714 1400 925 1444 exprimenda
946 1400 1037 1437 soret,
1058 1404 1112 1431 aut

373 1456 459 1499 quod
478 1456 516 1488 de
535 1456 699 1488 voluntate
719 1456 830 1486 nostra
853 1452 1039 1485 huiusmodi
1060 1452 1110 1483 vel

373 1509 443 1542 aliis
469 1507 618 1551 superius
643 1507 803 1551 expressis
823 1517 879 1539 seu
898 1505 1010 1539 illatis¹
1029 1505 1110 1537 niliil

371 1561 465 1595 ullibi
490 1566 671 1604 appareret,
691 1571 746 1593 seu
767 1560 861 1592 aliter
885 1558 1016 1602 probari
1041 1569 1112 1601 pos—

373 1620 429 1654 set⁷
455 1614 571 1653 notari,
598 1612 792 1656 impugnari,
811 1611 992 1651 invalidari,
1011 1616 1112 1643 retra-

374 1667 451 1700 ctari
473 1667 505 1699 in
525 1667 583 1706 ius,
602 1667 652 1699 vel
677 1665 926 1698 controversiam
951 1664 1109 1704 revocari,

374 1725 427 1752 aut
447 1719 485 1752 ad
511 1719 666 1752 terminos
690 1718 771 1750 iuris
797 1717 918 1757 reduci,
939 1718 988 1749 vel
1007 1717 1113 1749 adver-

374 1782 428 1804 sus
455 1771 524 1804 illas
551 1771 765 1804 restitutionis
791 1770 823 1802 in
849 1770 1021 1812 integrum,
1042 1779 1114 1812 ape-

374 1824 501 1856 ritionis
526 1824 601 1864 oris,
618 1823 820 1856 reductionis
841 1823 879 1855 ad
900 1822 982 1855 viam
1005 1827 1037 1855 et
1055 1827 1115 1854 ter-

373 1877 480 1909 minos
507 1876 596 1916 iuris,
618 1881 671 1908 aut
688 1876 773 1908 aliud
794 1876 995 1918 quodcumqe
1021 1874 1112 1915 iuris,

373 1929 456 1968 sacti,
475 1928 594 1971 gratiae
615 1939 671 1961 seu
697 1928 837 1961 iustitiae
856 1927 1036 1960 remedium
1055 1927 1114 1960 im-

373 1981 508 2025 petrari,
524 1992 581 2014 seu
599 1981 694 2014 etiam
710 1986 799 2013 motu
819 1987 851 2013 et
866 1981 1034 2024 potestatis
1048 1982 1117 2023 ple—

374 2034 523 2067 nitudine
542 2029 703 2067 similibus
722 2034 869 2073 concedi,
884 2038 937 2066 aut
954 2033 1000 2065 sic
1017 2033 1117 2077 impe-

375 2092 460 2121 trato
490 2092 544 2120 aut
576 2098 733 2120 concesso
763 2087 947 2130 quempiam
979 2086 1024 2118 uti
1061 2097 1116 2119 scu

376 2140 484 2176 iuvare
503 2139 535 2172 in
560 2139 678 2172 iudicio
704 2144 735 2172 et
759 2145 848 2172 extra
873 2149 985 2181 posse,
1012 2149 1116 2181 neque

376 2191 482 2236 ipsas²
499 2198 687 2236 praesentes
705 2193 764 2224 sub
782 2192 948 2235 quibusvis
966 2192 1117 2224 similium

376 2247 428 2279 vel
457 2246 664 2278 dissimilium
693 2246 872 2288 gratiarum
906 2245 1119 2278 revocationi—

376 2299 449 2338 bus,
475 2298 755 2342 suspensionibus,
780 2298 1041 2337 limitationibus,
1067 2303 1119 2329 aut
1140 2321 1142 2339 ,

379 2351 449 2384 aliis
475 2351 644 2384 contrariis
669 2351 937 2395 dispositionibus
954 2362 1013 2394 pro
1040 2357 1120 2384 tem-

379 2415 457 2447 pore
472 2405 719 2448 quomodolibet
734 2405 889 2438 faciendis
904 2405 1120 2447 comprehen-

380 2457 430 2496 di,
457 2457 512 2490 sed
533 2468 661 2500 semper
681 2458 719 2490 ab
745 2457 808 2490 illis
835 2463 984 2501 exceptas
1005 2468 1119 2500 perpe-

381 2514 500 2552 tuoque
532 2509 652 2542 validas
678 2515 710 2542 et
734 2510 879 2543 efficaces
916 2510 1053 2543 existere
1089 2514 1120 2541 et

418 2581 428 2606 1
455 2579 553 2606 Forsan
575 2579 718 2614 legendum
738 2580 836 2607 allatis
854 2581 893 2614 (11.
912 2580 959 2616 Τ.).

415 2623 433 2650 2
453 2623 523 2650 Edit.
539 2623 617 2651 Main.
635 2623 699 2660 legit.
714 2625 788 2659 ipsos
803 2627 840 2658 (11.
857 2627 905 2658 1.).

1155 293 1241 333 sore,
1268 302 1406 334 suosque
1438 292 1602 334 plenarios
1624 297 1655 323 ut
1680 291 1823 332 ints-gios
1848 291 1893 323 es-

1155 345 1256 377 sectus
1274 344 1380 377 sortiri
1408 349 1439 377 et
1464 344 1625 382 oblinere,

1155 460 1216 491 qne
1242 449 1377 488 iudices,
1411 448 1506 481 etiam
1540 448 1701 480 Romanae
1731 447 1891 479 Ecclesiae.

1155 502 1342 541 cardinales,
1370 502 1506 538 sublata,
1525 506 1600 540 etc„
1621 499 1755 531 iudicari
1783 505 1811 530 ct
1839 500 1893 530 dc-

1154 554 1238 586 ssniri
1261 554 1390 592 debere,
1410 564 1444 585 ac
1471 553 1594 584 irritum
1621 557 1652 583 et
1678 552 1771 583 inan(¹
1798 552 1821 582 si
1844 562 1893 582 se-

1154 617 1207 637 cus
1233 606 1400 648 superbis
1425 616 1442 637 a
1461 604 1761 647 quoquam,quavis
1787 609 1893 635 311010-

1153 659 1257 700 ritate,
1273 659 1412 691 scienter
1435 659 1484 689 vel
1509 656 1893 699 ignoranter,contigerit

1153 711 1302 744 attentari
1319 712 1530 754 (perpetuum
1550 710 1713 742 silentium
1733 719 1831 751 super
1856 709 1892 741 li-

1154 764 1236 796 tibus
1267 769 1298 795 et
1329 763 1557 795 controversiis
1593 763 1670 794 alias
1704 773 1763 804 per
1788 762 1890 794 dictos

1154 816 1297 848 notarios
1314 822 1424 848 contra
1443 815 1571 858 quosvis
1590 815 1671 847 alios
1698 814 1729 846 in
1748 814 1823 846 dis-ti
1844 825 1893 845 sa—

1154 870 1197 901 cri
1223 869 1331 912 palatii
1358 868 1525 911 apostolici
1563 868 1725 900 auditorio
1751 872 1804 899 aut
1830 867 1893 899 alio

1155 922 1308 954 tribunali
1334 932 1442 954 coram
1468 922 1579 964 quovis
1610 921 1715 953 iudice
1742 919 1895 963 praemis-

1153 985 1263 1007 sorum
1280 974 1450 1007 occasione
1470 974 1716 1016 quomodolibet
1736 972 1893 1004 suscitatis

1153 1028 1375 1070 imponendo),
1402 1032 1489 1059 motu
1515 1026 1623 1063 simili,
1644 1026 1821 1068 apostolica
1838 1036 1893 1056 au-

1153 1081 1309 1118 ctoritate,
1340 1072 1452 1111 tenore
1480 1078 1716 1121 praesentium,
1746 1078 1892 1109 decerni-

1152 1143 1220 1165 mus
1247 1137 1279 1165 et
1303 1132 1517 1164 declaramus.

1196 1184 1262 1227 §Q
1291 1184 1360 1216 Non
1393 1183 1596 1216 obstantibus
1628 1181 1833 1225 praemissis,
1861 1187 1892 1213 et

1153 1238 1289 1271 aliorum
1303 1238 1521 1270 Romanorum
1540 1236 1731 1269 Pontificum
1755 1236 1891 1278 praede—

1153 1301 1318 1323 cessorum
1343 1295 1529 1322 nostrorum
1547 1288 1843 1327 constitutionibus,
1862 1293 1891 1319 et

1131 1356 1133 1360 ·
1153 1343 1296 1383 indultis⁷
1314 1342 1505 1386 privilegiis,
1533 1341 1727 1384 supradictis
1753 1341 1893 1382 collegio

1153 1397 1305 1440 illiusque
1330 1397 1548 1439 singularibus
1581 1395 1730 1438 personis
1762 1404 1895 1437 quomo-

1155 1451 1279 1483 dolibet
1295 1449 1470 1489 concessis,
1486 1459 1612 1481 necnon
1628 1448 1699 1491 piae
1719 1447 1893 1479 memoriae

1155 1503 1200 1535 Pii
1218 1503 1322 1545 Papae
1337 1502 1372 1534 lv
1398 1502 1494 1534 etiam
1512 1500 1777 1544 praedecessoris
1794 1499 1893 1531 nostri

1156 1556 1273 1597 gratias
1294 1555 1462 1588 Cameram
1483 1554 1679 1596 praedictam
1697 1563 1896 1585 concernen-

1156 1616 1202 1642 tes
1223 1609 1255 1640 in
1280 1608 1395 1640 eadem
1420 1607 1552 1639 (lamera
1584 1605 1749 1648 registrari
1774 1606 1894 1637 debere

1157 1663 1372 1705 disponente,
1402 1671 1438 1692 30
1474 1662 1583 1692 nostra
1616 1665 1645 1691 et
1682 1658 1893 1691 cancellariae

1157 1714 1352 1759 apostolicae
1378 1714 1489 1755 regula
1514 1714 1552 1746 de
1578 1713 1646 1745 iure
1666 1712 1812 1755 quaesito
1831 1721 1894 1743 11011

1157 1768 1314 1807 tollendo,
1335 1766 1470 1809 aliisque
1496 1765 1780 1798 constitutionibus
1798 1769 1828 1797 et
1846 1774 1897 1796 or-

1159 1821 1376 1855 dinationibus
1403 1819 1604 1862 apostolicis,
1633 1819 1728 1851 etiam
1751 1817 1898 1850 concilia-

1159 1875 1258 1914 ribus,
1287 1874 1429 1916 desuper
1453 1872 1484 1904 in
1511 1882 1630 1914 genere
1656 1872 1704 1903 vel
1730 1871 1762 1902 in
1789 1871 1896 1913 specie

1159 1927 1264 1966 editis,
1290 1926 1385 1958 etiam
1410 1930 1497 1957 motu
1525 1924 1678 1967 proprio,
1706 1923 1840 1955 scientia
1866 1928 1898 1954 et

1159 1978 1326 2023 potestatis
1351 1977 1553 2021 plenitudine
1578 1976 1749 2013 similibus,
1777 1981 1809 2007 et
1829 1976 1899 2017 qui-

1158 2034 1357 2074 buscumque
1376 2032 1472 2063 etiam
1492 2030 1695 2073 quantumvis
1716 2029 1899 2061 01110301ςεί-

1160 2086 1220 2118 mis
1238 2084 1390 2117 clausulis
1417 2088 1448 2116 et
1473 2083 1613 2115 decretis
1633 2082 1727 2114 etiam
1745 2081 1899 2113 irritanti-

1160 2139 1218 2170 bus
1253 2137 1426 2176 roboratis,
1452 2141 1484 2167 et
1518 2136 1595 2168 alias
1635 2139 1666 2166 in
1701 2133 1897 2166 contrarium

1160 2191 1402 2235 praedictorum
1438 2188 1681 2232 quomodolibet
1720 2187 1897 2225 concessis,

1162 2243 1360 2277 confirmatis
1374 2247 1405 2275 et
1418 2242 1588 2281 innovatis,
1603 2241 1721 2284 quibus
1737 2240 1899 2278 omnibus,

1162 2296 1284 2330 etiamsi
1302 2306 1361 2339 pro
1380 2296 1508 2328 illorum
1527 2293 1699 2326 sufficienti
1718 2293 1901 2334 derogatio-

1163 2361 1201 2382 ne
1235 2350 1273 2382 de
1304 2348 1368 2381 illis
1404 2357 1581 2390 eorui‘nquc
1618 2346 1692 2379 totis
1724 2346 1899 2383 tenoribus,

1141 2403 1142 2419 ¹
1163 2402 1323 2445 specialis,
1338 2401 1495 2443 specifica,
1512 2410 1662 2442 expressa
1679 2404 1709 2430 et
1727 2398 1900 2435 individua,

1141 2468 1143 2480 ⁸
1163 2466 1198 2488 ac
1222 2456 1261 2488 de
1286 2455 1383 2487 verbo
1404 2454 1441 2486 ad
1463 2454 1609 2492 verbum,
1631 2462 1694 2484 non
1713 2456 1818 2483 autem
1844 2460 1902 2493 per

1162 2510 1320 2542 clausulas
1354 2508 1523 2550 generales
1555 2506 1638 2537 idem
1662 2505 1875 2547 importamus
1893 2530 1900 2541 ,

1162 2560 1284 2592 mentio
1314 2570 1369 2591 seu
1396 2557 1527 2600 quaevis
1553 2556 1712 2598 exquisita
1738 2555 1838 2586 forma
1863 2554 1900 2585 ad

1138 2614 1226 2658 [hoc
1250 2612 1405 2646 servanda
1431 2611 1523 2651 soret,
1549 2615 1680 2642 tenores
1706 2607 1900 2648 huiusmodi,

1791 232 1855 266 5207
1904 242 1951 267 An.
1973 239 2083 268 c.1671

1198 397 1260 439 §8
1285 397 1401 440 Sicquc
1421 402 1452 428 ct
1469 407 1531 428 non
1551 396 1628 428 alias
1648 406 1706 438 prr
1723 406 1910 452 quoscum-l
1925 406 2030 453 ‘cumula
2042 407 2088 427 sui>-

1912 441 1922 452 '1
1934 440 1954 453 ¹1-

1971 1192 2087 1212 Contrariis

1904 1220 1999 1244 derogat.
