2279 3260
126 226 185 254 ΑΙι.
208 226 238 254 C.
257 226 326 254 ¹670

318 276 445 318 sintque
470 275 595 308 litterae
625 276 845 317 derogationis
870 276 1053 309 huiusmodi

319 327 413 361 etiam
427 338 486 370 per
504 327 622 360 dictum
640 328 826 370 magistrum
842 329 1054 372 subscriptae,
1098 341 1179 370 rem,
1197 331 1255 363 sub
1274 333 1393 364 annulo
1411 332 1593 371 Piscatoris,
1613 333 1663 365 die
1688 343 1757 365 xxm
1784 343 1840 364 au-

955 229 1096 253 CLEMENS
1119 230 1137 253 X
1161 231 1208 254 Pr.

1142 277 1253 310 Datum
1280 278 1415 318 Romae,
1438 280 1522 321 apud
1541 280 1571 311 S.
1594 279 1720 311 Mariam
1740 280 1837 311 Maio-

319 391 356 413 ac
380 379 425 412 illi
451 385 483 412 et
506 380 651 422 praefato
676 381 858 419 conventui,
881 391 938 424 per
956 381 1056 414 diver·
1099 384 1181 426 gusti
1200 394 1335 422 unctxx,
1362 384 1567 427 pontificatus
1589 385 1691 418 nostri
1711 396 1794 417 auno
1814 396 1835 418 1.

319 443 369 465 sas
401 432 431 464 in
457 432 556 465 forma
588 431 698 464 Brevis
734 438 789 465 aut
821 433 898 465 alias
933 433 1056 465 litteras

320 484 455 518 diversis
477 484 676 527 temporibus
695 496 766 517 cum
784 485 879 517 certis
906 485 1057 517 interval-

320 538 358 570 lis
384 542 617 580 praesentatas,
645 537 822 577 intimatae,
838 542 870 570 et
887 548 949 570 non
968 538 1055 577 alias,

320 602 379 624 nec
404 591 467 624 alio
492 591 599 630 modo,
624 595 655 622 et
680 601 811 633 semper
835 591 867 622 in
893 590 1055 631 omnibus,

319 654 400 686 quae
425 643 471 676 sic
493 643 580 682 fient,
606 643 702 675 etiam
728 643 766 675 de
792 643 886 675 simili
910 643 1056 681 consilio,

319 696 582 738 derogationibus
599 695 638 727 sit
652 695 799 738 apposita
812 696 957 728 clausula
971 696 1056 738 quod

319 750 445 782 illarum
471 748 617 781 effectum
643 749 822 781 sortiantur
838 749 877 781 de
895 759 1055 781 consensu

318 802 464 844 magistri
494 807 524 834 et
553 806 730 834 conventus
757 802 1008 844 praedictorum,
1024 807 1055 833 et

318 867 385 889 non
403 855 491 894 alias,
511 866 569 887 nec
590 855 652 888 alio
683 856 799 895 mod0;
819 855 971 897 quodque
992 854 1054 896 ipsi

318 913 522 941 exactoreset
531 909 748 950 appaltatores
758 907 906 946 decimas,
917 906 1054 949 pedagia

318 966 351 993 et
367 971 467 994 onera
491 959 678 992 huiusmodi
708 960 804 992 etiam
830 960 869 992 ab
895 959 1053 1001 exemptis

318 1013 460 1055 exigere,
485 1017 516 1045 et
538 1012 610 1045 illos
635 1012 674 1045 ad
700 1013 892 1045 solutionem
910 1022 964 1044 seu
983 1021 1054 1044 con-

319 1065 529 1098 tributionem
555 1075 671 1107 cogere
704 1070 736 1097 et
760 1066 958 1108 compellere
984 1074 1056 1107 pos-

318 1119 384 1152 sint
402 1129 459 1151 seu
485 1118 643 1158 debeant3
671 1118 788 1161 quibus
810 1118 971 1157 omnibus,
988 1117 1055 1149 illo-

318 1182 388 1204 rum
423 1170 567 1204 omnium
601 1176 750 1209 tenores,
778 1181 812 1203 ac
837 1171 862 1203 si
894 1171 932 1203 de
956 1170 1055 1202 verbo

319 1225 359 1257 ad
383 1224 518 1256 verbum
555 1222 803 1263 insererentur,
830 1223 1056 1267 praesentibus

318 1287 378 1321 pro
404 1276 561 1320 expressis
580 1276 747 1315 habentes,
766 1276 828 1309 illis
853 1275 930 1308 alias
948 1275 979 1307 in
998 1286 1055 1308 suo

318 1330 437 1363 robore
456 1329 688 1372 permansuris,
710 1329 770 1361 hac
788 1329 855 1361 vice
882 1329 1055 1368 dumtaxat,

319 1382 352 1415 in
371 1392 490 1425 genere
507 1386 539 1414 et
554 1381 587 1413 in
606 1381 723 1424 specie,
742 1382 781 1414 ad
800 1381 947 1414 effectum
968 1391 1057 1424 prae-

318 1435 456 1468 sentium
479 1434 675 1467 sufficienter
699 1439 730 1466 et
750 1444 901 1477 expresse
928 1434 1056 1475 deroga-

318 1498 389 1520 mus
422 1498 458 1520 ac
497 1488 688 1529 derogatum
725 1498 794 1520 esse
831 1486 1054 1525 decernimus,

298 1540 471 1584 ‘quodque
504 1550 560 1572 vos
592 1539 728 1582 primam
760 1550 824 1572 non
859 1539 998 1572 feceritis
1024 1539 1056 1571 in

319 1592 465 1625 ecclesiis
487 1591 672 1625 huiusmodi
691 1593 896 1635 personalem
917 1592 1057 1624 residen-

318 1645 396 1678 tiam
431 1650 640 1685 consuetam;
678 1646 861 1688 ceterisque
887 1644 1056 1677 contrariis

320 1698 592 1742 quibuscumque.

364 1752 378 1795 5
403 1751 456 1784 19.
476 1751 628 1784 Volumus
646 1757 751 1784 autem
770 1751 866 1794 quod,
886 1756 1057 1794 antequam

320 1803 422 1847 gratia
436 1804 609 1837 creationis
627 1804 659 1836 in
677 1809 803 1839 nostros
825 1810 855 1837 et
872 1804 962 1837 Sedis
977 1805 1058 1847 Apo-

319 1856 449 1890 stolicae
479 1857 622 1889 notarios
659 1857 748 1889 vobis
779 1862 814 1888 ut
846 1868 944 1899 supra
979 1857 1058 1889 sacta

319 1909 441 1954 perfrui
458 1909 602 1950 valeatis,
621 1909 655 1941 in
675 1910 822 1942 manibus
837 1910 973 1942 alicuius
991 1920 1059 1952 per

320 1973 418 1996 sonae
442 1962 475 1994 in
500 1962 657 2004 dignitate
690 1962 909 1995 ecclesiastica
940 1963 1058 1995 consti-

322 2020 406 2047 tutae
432 2014 675 2058 professionem
695 2014 769 2047 tidei
795 2015 880 2047 iuxta
906 2016 1057 2048 articulos

321 2067 448 2111 pridem
472 2078 489 2100 a
513 2067 595 2100 Sede
621 2067 784 2110 praedicta
802 2069 987 2111 propositos
1008 2079 1059 2101 ex-

322 2131 432 2164 presse
450 2120 599 2153 emittere
625 2126 657 2153 et
680 2121 811 2153 solitum
832 2120 997 2153 fidelitatis
1017 2121 1059 2153 iu·

322 2178 502 2206 ramentum
528 2178 691 2216 praestare
718 2174 849 2206 omnino
877 2174 1057 2214 teneamini3

323 2227 474 2270 quodque
492 2227 712 2270 praesentium
732 2228 948 2271 transumptis,
966 2229 1059 2261 etiam

323 2279 499 2323 impressis,
519 2291 614 2313 manu
640 2280 772 2313 alicuius
799 2281 916 2313 notarii
937 2282 1059 2323 publici

323 2332 520 2375 subscriptis,
547 2338 579 2365 et
603 2333 709 2376 sigillo
734 2344 892 2376 personae
911 2334 942 2366 in
961 2334 1061 2377 digni-

325 2390 389 2418 tate
421 2386 640 2419 ecclesiastica
673 2387 866 2420 constitutae
902 2387 1058 2428 munitis,

325 2438 438 2470 eadem
455 2449 589 2481 prorsus
619 2438 699 2471 fides
722 2439 841 2483 ubique
867 2439 1062 2472 adhibeatur

324 2490 357 2523 in
384 2491 502 2524 iudicio
535 2497 566 2524 et
596 2497 699 2533 extra,
727 2503 806 2535 quae
837 2493 1061 2536 praesentibus

325 2543 404 2586 ipsis
421 2544 634 2577 adhiberetur
651 2545 677 2577 si
706 2546 813 2578 forent
830 2546 991 2579 exhibitae
1012 2548 1060 2580 vel

326 2601 488 2629 ostensae.

428 2659 506 2689 Ball.
524 2660 602 2690 Rom.
620 2676 653 2681 —
674 2662 731 2689 Vol.
749 2662 854 2691 XVIII.
1002 2663 1033 2691 13

1133 445 1192 473 Dat.
1208 445 1251 474 die
1266 446 1300 472 20
1314 446 1420 481 augusti
1439 446 1517 478 1670,
1534 446 1633 481 pontif.
1654 454 1724 473 anno
1741 453 1759 472 1.

1410 588 1541 633 xxvii.-

1101 668 1274 705 Concessio,
1299 672 1334 700 u!
1358 669 1393 700 in
1420 673 1481 700 toto
1506 667 1577 699 orbe
1604 671 1766 700 terrarum
1792 678 1838 700 ce-

1144 721 1265 752 lebrari
1288 721 1389 763 possit
1409 721 1509 752 missa
1534 721 1571 752 B.
1601 721 1702 753 Rosae
1719 731 1757 752 ecc
1772 725 1838 752 volo

1143 773 1191 805 vel
1215 774 1388 806 devotione.

1141 851 1314 885 Crescente
1332 853 1363 884 in
1383 853 1450 885 dies
1476 852 1615 885 mirabili
1637 853 1830 895 populorum

1097 904 1268 937 devotione
1294 916 1371 946 erga
1397 905 1429 937 B.
1458 905 1575 937 Rosam
1606 906 1644 938 de
1665 905 1695 937 S.
1723 905 1829 945 illaria,

1095 956 1250 999 virginem
1268 956 1444 995 Limanam,
1462 969 1498 990 ex
1518 958 1611 990 tertio
1628 958 1746 991 Ordine
1764 969 1835 991 san-

1098 1009 1138 1042 cti
1157 1009 1323 1049 Doininici,
1344 1020 1380 1042 ac
1404 1011 1556 1043 virtutum
1581 1010 1666 1043 illius
1693 1012 1836 1053 fragran-

1098 1063 1141 1095 tia
1165 1073 1236 1095 sese
1262 1062 1355 1095 latius
1384 1074 1626 1106 quaquaversus
1653 1063 1837 1096 diffunden-

1099 1120 1138 1154 te,
1160 1115 1379 1148 sanctissimus
1401 1115 1436 1148 D.
1463 1115 1498 1148 N.
1526 1115 1674 1148 Clemens
1700 1116 1785 1159 Papa
1812 1116 1836 1148 X

1099 1169 1244 1201 admissis
1270 1169 1535 1201 excellentissimi
1556 1169 1677 1202 domini
1700 1169 1836 1202 oratoris

1100 1221 1298 1254 marchionis
1324 1221 1362 1254 de
1385 1221 1520 1264 Astorga
1543 1221 1703 1254 instantiis
1730 1232 1766 1254 ex
1785 1233 1838 1254 no-

1099 1274 1185 1306 mine
1204 1274 1382 1306 catholicae
1397 1274 1574 1306 maiestatis
1593 1275 1654 1307 sibi
1669 1275 1838 1318 porrectis,

1100 1327 1250 1360 universo
1284 1332 1347 1359 tam
1382 1327 1539 1360 saeculari
1571 1338 1669 1370 quam
1697 1327 1838 1370 regulari

1101 1381 1187 1413 clero
1212 1391 1269 1423 per
1294 1385 1396 1413 totum
1422 1385 1583 1413 terrarum
1609 1382 1721 1414 orbem
1747 1381 1839 1414 beni-

1100 1444 1161 1475 gne
1186 1433 1323 1466 indulsit
1346 1444 1405 1476 pro
1431 1434 1546 1466 futuris
1572 1434 1740 1477 perpetuis
1762 1440 1840 1467 tem-

1100 1486 1247 1529 poribus,
1264 1486 1349 1529 quod
1368 1486 1406 1519 de
1427 1486 1593 1529 praedicta
1611 1488 1646 1520 B.
1665 1487 1749 1520 Rosa
1766 1498 1841 1531 pos-

1101 1539 1141 1571 sit
1164 1538 1286 1582 ubique
1318 1539 1351 1571 in
1377 1539 1525 1572 ecclesiis
1551 1550 1839 1583 quorumcumque,

1101 1596 1166 1623 tum
1190 1591 1388 1634 regularium
1415 1596 1482 1624 tum
1507 1592 1732 1631 saecularium,
1756 1593 1841 1625 cele-

1101 1644 1208 1676 brari'
1234 1644 1363 1677 missam
1388 1655 1448 1688 per
1473 1645 1548 1677 anni
1573 1645 1748 1686 circulum,
1775 1645 1839 1678 sive

1102 1708 1138 1730 ex
1163 1703 1246 1737 voto,
1267 1698 1333 1730 sive
1359 1708 1396 1730 ex
1423 1698 1525 1730 libera
1551 1698 1731 1737 devotione,
1753 1698 1840 1730 iuxta

1100 1750 1245 1783 rubricas
1279 1761 1315 1782 ac
1347 1751 1592 1794 dispositionem
1625 1751 1763 1784 missalis
1788 1762 1840 1784 ro-

1101 1804 1197 1845 mani,
1219 1804 1346 1837 tametsi
1362 1805 1504 1838 nondum
1520 1805 1686 1848 praedicta
1706 1806 1740 1837 B.
1757 1805 1840 1838 Rosa

1102 1857 1238 1890 solemni
1273 1857 1528 1890 canonizationis
1565 1858 1625 1890 ritu
1662 1857 1758 1890 suerit
1800 1857 1840 1890 ab

1102 1911 1273 1943 universali
1294 1910 1437 1943 Ecclesia
1462 1911 1545 1943 inter
1570 1910 1700 1943 Sanctas
1725 1911 1837 1943 relata.

1102 1964 1139 1996 Et
1163 1964 1200 1996 ad
1227 1964 1313 1996 hunc
1338 1963 1485 1996 effectum
1507 1964 1694 2007 specialiter
1712 1964 1842 2008 dispen-

1103 2016 1184 2048 savit
1201 2016 1232 2048 in
1248 2016 1387 2049 decretis
1406 2022 1470 2048 tum
1491 2016 1591 2049 felicis
1605 2016 1840 2049 recordationis

1103 2068 1222 2101 Urbani
1247 2068 1308 2100 wll
1322 2095 1330 2108 ,
1358 2073 1423 2100 tum
1444 2079 1552 2101 sacrae
1571 2068 1840 2111 Congregationis

1103 2121 1243 2161 Rittium,
1265 2126 1297 2154 et
1321 2120 1578 2164 quibuscumque
1598 2121 1669 2154 aliis
1696 2121 1771 2153 huic
1795 2121 1842 2153 in—

1103 2175 1193 2207 dulto
1219 2174 1525 2217 quomodocumque
1545 2175 1760 2207 obstantibus.
1776 2175 1842 2207 Hac

1104 2227 1154 2260 die
1179 2237 1266 2260 xxvu
1291 2227 1417 2270 augusti
1444 2237 1582 2260 MDCLxx.

1342 2297 1381 2330 M.
1405 2299 1576 2340 episcopus
1603 2297 1797 2339 Portuensis,

1385 2351 1559 2384 cardinalis
1581 2351 1751 2384 GmETTus.

1192 2422 1275 2455 Loco
1299 2422 1324 2464 -ξ-
1348 2421 1458 2464 sigilli.

1325 2492 1551 2526 Bssnmnmxcs
1575 2492 1733 2533 Casinus,

1208 2556 1316 2578 sacrae
1335 2545 1398 2578 Rit.
1418 2545 1684 2588 Congregationis
1701 2550 1818 2578 secret.

1142 2609 1151 2634 1
1177 2606 1246 2633 Edit.
1265 2607 1343 2633 lllain.
1361 2606 1441 2634 habet
1456 2608 1600 2635 celebrare
1615 2607 1653 2641 (R.
1670 2608 1718 2643 τ.).

1760 222 1800 255 97
1847 231 1896 257 An.
1918 230 1946 256 c.
1963 230 2032 256 1⁶71)

1871 867 1988 888 Conna-<io
2007 870 2030 889 ul

1842 890 1863 914 *n
1880 894 1977 915 rubrica.
