2279 3260
172 219 220 246 An.
239 217 267 245 C.
290 218 357 245 1673

201 277 273 299 Robur
284 279 351 300 addit.

991 213 1133 239 emmens
1155 215 1172 238 x
1197 214 1246 238 vv.
1780 201 1863 234 1152·
1891 209 1939 236 An.
1956 208 1983 235 c.
2005 207 2074 234 1673

414 268 429 311 ἓ
458 267 510 300 24.
530 268 745 300 Decernentcs
766 264 896 297 easdem
916 267 1105 307 praesentes
1148 261 1190 294 sis
1215 271 1272 305 per
1298 271 1523 303 quoscumque
1541 261 1665 292 iudices
1696 259 1881 291 ordinarios

372 320 505 361 litteras,
524 325 555 352 et
579 320 610 352 in
636 319 681 352 eis
702 323 852 351 contenta
873 325 1105 359 quaecunnpie,
1149 319 1182 347 et
1213 315 1378 356 delegatos
1400 340 1407 353 ,
1434 313 1530 345 etiam
1568 323 1738 344 causarum
1771 311 1881 354 palatii

372 373 467 407 etiam
486 384 522 406 ex
541 383 579 405 eo
599 372 685 415 qnod
709 371 845 414 quilibet
860 369 954 401 etiam
970 368 1107 400 cuiusvis
1150 366 1320 409 apostolici
1343 366 1530 403 auditores,
1563 376 1597 396 :u-
1622 366 1652 396 S.
1678 364 1713 395 tt.
1737 364 1769 395 ti.
1799 374 1886 406 prae·

373 431 484 465 status,
513 425 641 467 gradus,
671 423 805 463 ordinis,
835 420 1108 466 praeeminentiae
1151 420 1231 451 satae
1250 418 1442 457 cardinales,
1461 417 1557 449 etiam
1578 418 1616 448 ‹le
1642 418 1741 448 latet-e
1760 417 1884 456 legatos

374 483 405 511 et
428 477 605 520 dignitatis,
625 487 681 508 scu
707 476 785 508 alias
811 474 946 518 speciali
973 479 1004 505 et
1029 471 1109 504 indi·
1152 478 1183 505 et
1207 471 1411 515 Apostolicae
1448 470 1537 502 Sedis
1577 468 1732 507 nuntios,
1768 467 1885 500 aliosve

374 531 468 563 vidua
492 529 657 562 mentione
676 534 708 561 et
726 527 934 571 expressione
961 524 1058 567 «ligni,
1077 524 1125 556 in‘
1153 525 1315 567 quoslibet
1326 520 1772 567 quaetunquepraeminentia
1786 526 1817 552 et
1834 531 1888 563 po-

374 582 561 627 praemissis
576 583 732 614 interesse
748 582 903 613 babentes
918 590 972 611 seu
989 578 1110 610 babere
1154 582 1266 609 testate
1285 578 1452 617 fungentes
1464 580 1494 607 et
1512 576 1687 613 iuncturos,
1705 573 1829 604 sublata
1844 573 1888 604 eis

221 2583 320 2604 clausula
337 2582 381 2603 sutr-

198 2610 247 2632 lata.

375 636 621 679 quomodolibet
653 634 924 678 1‘›1·aeten‹lentes,
952 632 1014 664 illis
1047 640 1111 662 non
1155 635 1312 662 eteorum
1338 628 1473 661 cuilibet
1490 627 1600 670 quavis
1615 627 1707 658 aliter
1724 625 1887 657 iudicandi

376 689 615 728 consenserint,
636 699 695 720 1100
720 687 758 718 ad
784 697 821 718 ea
842 685 953 724 vocati,
979 683 1065 716 citati
1083 688 1114 715 et

377 741 488 780 auditi,
505 751 611 783 neque
629 750 753 779 causae,
773 744 907 781 propter
928 747 1006 780 quas
1024 736 1113 779 ipsae

378 800 567 838 praesentes
594 791 992 831 emanarint,sufficienter
1017 789 1116 821 addu-

379 853 468 887 ctae,
494 846 674 879 veriticatae
709 851 740 877 et
769 843 958 876 iustificatae
989 842 1116 881 suerint,

381 905 436 932 aut
470 909 507 931 ex
540 898 601 931 alia
633 897 777 940 qualibet
801 894 1003 939 quantumvis
1024 894 1115 932 iusta,

382 952 535 991 iuridica,
563 951 725 993 legitima,
760 950 809 992 pia
849 954 880 981 et
915 947 1117 991 privilegiata

383 1007 487 1044 causa,
513 1005 633 1043 colore,
647 1007 813 1046 praetextu
839 1007 869 1034 et
889 1001 1001 1044 capite,
1022 999 1116 1031 etiam

384 1057 416 1089 in
441 1067 576 1099 corpore
602 1055 680 1087 iuris
705 1055 827 1094 clauso,
847 1054 942 1086 etiam
968 1051 1116 1089 enormis,

385 1108 624 1141 enormissimae
649 1111 681 1140 et
706 1107 814 1140 totalis
839 1105 1003 1145 laesionis,
1030 1105 1118 1136 nullo

384 1172 525 1204 unquam
565 1165 712 1203 tempore
747 1160 786 1192 de
819 1157 1037 1200 subreptionis
1071 1157 1120 1189 vel

386 1213 589 1257 obreptionis
619 1217 674 1245 aut
698 1211 852 1244 nullitatis
877 1211 963 1251 vitio,
989 1221 1044 1243 sen
1074 1209 1121 1241 in-

388 1267 539 1300 tentionis
567 1271 697 1298 nostrae
729 1271 782 1297 aut
818 1265 975 1296 interesse.
1000 1263 1021 1296 11
1036 1263 1122 1295 iben-

388 1320 466 1352 tium
501 1329 695 1358 consensus,
724 1318 825 1350 aliove
859 1317 1003 1359 quolibet
1027 1315 1122 1348 etiam

389 1372 594 1416 quantumvis
626 1382 744 1413 magno
771 1377 802 1403 et
841 1370 964 1403 formali
990 1380 1026 1402 ac
1051 1368 1124 1401 sub-

388 1425 530 1458 stantiali
556 1430 587 1457 et
609 1424 786 1466 incogitato
816 1422 1124 1464 inexcogitabilique

390 1479 515 1511 defectu
540 1478 665 1517 notari,
692 1476 883 1519 iml‘iugnari,
910 1475 1052 1517 infringi,
1078 1485 1126 1506 re-

390 1531 528 1571 tractari,
554 1530 694 1570 limitari,
719 1529 912 1568 modificari,
940 1529 972 1561 in
997 1533 1127 1561 contro-

389 1584 526 1616 versiam
561 1583 684 1622 vocari,
711 1588 765 1614 aut
795 1582 833 1614 ad
867 1582 1020 1614 terminos
1052 1581 1126 1613 iuris

389 1636 524 1676 reduci,
552 1646 608 1668 seu
634 1636 785 1668 adversus
818 1635 889 1668 illas
916 1634 1126 1667 restitutionis

391 1691 424 1722 in
448 1690 633 1731 integrum,
658 1688 846 1732 aperitionis
880 1688 965 1728 oris,
999 1687 1126 1720 aliudve

392 1745 622 1787 quodcumque
645 1743 734 1782 iuriis,
762 1742 836 1774 sacti
862 1742 910 1774 vel
936 1741 1057 1783 gratiae
1082 1752 1127 1774 re1

391 1797 533 1830 medium
559 1796 711 1829 intentari
728 1796 777 1827 vel
799 1794 975 1838 impetrari,
999 1805 1054 1827 seu
1072 1794 1130 1827 im-

391 1854 540 1893 petrato,
567 1854 621 1881 aut
654 1847 748 1880 etiam
785 1852 896 1886 motu,
930 1847 1064 1879 seientia
1099 1853 1130 1879 et

391 1902 561 1945 potestatis
575 1901 778 1945 plenitudine
798 1900 957 1933 similibus
975 1910 1128 1933 concesso

390 1957 439 1988 vel
465 1959 628 1993 emanato,
655 1954 839 1996 quempiam
871 1954 903 1985 in
934 1953 1054 1985 iudicio
1079 1955 1128 1986 vel

392 2013 480 2040 extra
501 2007 582 2040 illud
608 2006 653 2038 uti
683 2017 739 2038 seu
761 2016 793 2038 se
818 2006 927 2038 iuvare
948 2006 1015 2038 11110
1034 2006 1128 2038 modo

391 2071 496 2104 posse,
515 2060 569 2092 sed
596 2059 680 2102 ipsas
699 2063 888 2101 praesentes
914 2064 946 2091 et
969 2058 1129 2101 praeliatas

391 2113 565 2146 Alexandri
591 2117 623 2144 et
647 2111 819 2144 Clementis
840 2111 1129 2153 praedecessorum

391 2166 516 2199 litteras
541 2175 671 2207 semper
696 2164 813 2203 sirmas,
840 2163 961 2196 validas
980 2163 1131 2195 010111011-

393 2229 445 2252 005
463 2218 602 2251 existere
628 2223 659 2249 et
684 2218 773 2256 sore,
799 2226 941 2259 suosque
968 2216 1149 2258 plenarios

393 2277 426 2304 et
453 2271 598 2313 integros
624 2270 755 2303 ell'ectus
780 2269 889 2302 sortiri
916 2274 947 2301 et
971 2269 1130 2309 obtinere,

393 2335 430 2357 ac
453 2323 578 2356 vicariis
604 2323 793 2366 apostolicis
818 2322 971 2365 praefatis
1003 2332 1132 2354 eorum—

394 2388 455 2420 que
479 2376 692 2409 missionariis
712 2376 744 2407 111
763 2375 913 2408 omnibus
935 2380 967 2407 et
987 2385 1046 2418 per
1067 2385 1132 2407 om-

393 2430 447 2463 nia
464 2428 652 2473 plenissime
677 2428 853 2470 suffragari,
873 2438 908 2460 ac
933 2428 971 2460 ab
997 2427 1068 2467 illis,
1092 2427 1130 2459 ad

394 2493 477 2526 quos
509 2486 634 2525 spectat
659 2486 687 2513 et
707 2492 765 2524 pro
794 2487 939 2524 tempore
964 2479 1130 2523 spectabit,

394 2534 624 2568 inviolabiliter
653 2539 684 2566 et
717 2533 906 2566 inconcusse
946 2532 1130 2573 observari,

439 2588 520 2633 §25
539 2588 656 2631 Sicque
674 2592 706 2620 et
730 2598 794 2620 non
817 2587 909 2620 aliter
931 2587 962 2619 in
977 2585 1133 2630 praemis-

1156 688 1187 714 et
1211 681 1445 724 interpretandi
1473 681 1619 713 facultate
1638 685 1670 711 et
1689 677 1888 716 auctoritate,

1156 735 1292 767 iudicari
1320 739 1352 767 et
1384 733 1512 766 deliniri
1539 733 1678 772 debere,
1705 742 1740 763 ac
1761 730 1890 762 irritum

1159 792 1190 820 et
1223 788 1318 819 inane
1353 787 1378 818 si
1411 797 1506 818 secus
1549 795 1650 828 super
1689 784 1738 816 liis
1769 794 1785 815 a
1811 793 1893 825 quo-

1159 851 1265 883 quam,
1293 838 1406 882 quavis
1439 838 1653 876 auctoritate,
1678 836 1822 869 scienter
1842 835 1892 867 vel

1159 893 1359 935 ignoranter,
1386 891 1563 933 contigerit
1588 889 1753 923 attentari.

1204 946 1218 988 g
1243 945 1295 977 026.
1322 944 1508 976 Mandantes
1534 948 1705 986 propterea
1729 940 1895 974 venerabi·
1918 949 2090 970 11.1η,1,1111.,,».«.

1906 984 1958 996 vait.

1161 997 1242 1030 libus
1264 997 1426 1035 fratribus,
1449 995 1651 1038 primatibus,
1678 993 1897 1036 archiepisco-

1162 1050 1210 1093 pis
1237 1054 1269 1081 et
1293 1047 1455 1091 episcopis
1483 1052 1514 1079 et
1539 1047 1608 1079 aliis
1634 1047 1796 1079 lndiarum
1824 1044 1899 1077 alia-

1162 1111 1296 1144 rumque
1326 1100 1464 1143 partium
1482 1099 1687 1131 orientalium
1713 1097 1897 1135 Ordinariis,

1164 1160 1196 1188 et
1220 1164 1330 1187 00111111
1355 1153 1545 1185 otl'icialibus
1565 1153 1615 1184 vel
1633 1151 1757 1183 vicariis
1779 1151 1811 1182 in
1836 1150 1901 1192 spi-

1163 1207 1330 1240 ritualibus
1345 1205 1696 1248 gcneralibus,necnon
1714 1202 1901 1246 quorumvis

1165 1260 1330 1299 Ordinum,
1356 1258 1657 1300 congregatiomim,
1678 1256 1900 1288 institutorum

1167 1319 1198 1346 et
1222 1313 1434 1351 societatum,
1462 1311 1556 1343 etiam
1582 1310 1667 1348 10511,
1693 1308 1900 1351 generalibus

1167 1366 1273 1399 aliisve
1289 1364 1511 1408 superioribus
1525 1362 1741 1405 regularibus,
1760 1366 1794 1393 ut
1810 1370 1903 1403 prae-

1167 1425 1273 1452 sentes
1307 1418 1454 1457 litteras,
1481 1427 1536 1449 5011
1570 1413 1704 1448 earum¹
1731 1415 1877 1456 exempla
1894 1440 1901 1454 ,

1169 1472 1262 1505 etiam
1286 1472 1457 1514 impressa,
1472 1469 1503 1501 in
1529 1469 1593 1501 suis
1619 1468 1755 1511 quisque
1778 1466 1904 1510 provin-

1169 1525 1249 1564 ciis,
1276 1523 1467 1561 civitatibus,
1490 1520 1708 1560 dioecesibus,
1741 1519 1903 1562 capitulis,

1169 1576 1392 1615 monasteriis,
1426 1574 1639 1607 conventibus
1672 1578 1704 1606 et
1735 1571 1904 1613 collegiis,

1171 1629 1385 1668 districtibuS,
1419 1625 1696 1659 iurisdictionibus
1717 1624 1907 1667 respective,

1171 1683 1256 1715 omni
1281 1683 1372 1715 mora
1407 1691 1443 1712 ac
1467 1680 1622 1712 dilatione
1654 1678 1808 1720 omnique
1846 1682 1908 1708 ter-

1171 1734 1386 1778 giversatione
1410 1732 1612 1777 postpositis,
1636 1730 1824 1764 solemniter
1849 1739 1908 1772 pu-

1171 1788 1292 1827 blicari,
1315 1798 1350 1819 ac
1376 1798 1393 1818 a
1418 1786 1483 1818 suis
1502 1784 1684 1827 respective
1702 1782 1840 1816 subditis
1860 1781 1908 1814 in-

1171 1840 1368 1874 violabiliter
1391 1837 1556 1871 observari
1581 1842 1694 1869 curent
1719 1841 1750 1869 et
1775 1834 1905 1868 saciant.

1215 1895 1228 1937 ξ
1250 1893 1301 1925 ⁶27.
1321 1892 1391 1925 Non
1415 1890 1618 1924 obstantibus
1636 1889 1708 1932 piae
1731 1887 1907 1920 memoriae

1172 1949 1236 1980 Bon
1254 1946 1268 1978 s
1288 1946 1325 1977 ‹·ii
1344 1945 1402 1977 ΡΙ).
1422 1944 1495 1984 Vlll,
1509 1941 1768 1986 praedecessoris
1790 1941 1909 1983 pariter

1173 2000 1283 2037 nostri,
1309 2000 1347 2031 de
1372 2000 1443 2037 una,
1471 2002 1501 2029 et
1526 1995 1653 2029 concilii
1683 1994 1843 2037 generalis
1869 1994 1907 2026 de

1174 2053 1297 2086 duabus
1323 2051 1426 2089 dietis,
1446 2050 1489 2082 ita
1506 2054 1540 2081 ut
1558 2048 1665 2090 vigore
1690 2047 1909 2090 praesentium

1174 2106 1269 2139 etiam
1299 2106 1383 2137 ultra
1408 2104 1487 2136 duas
1511 2104 1689 2146 pluresque
1715 2101 1816 2133 dietas
1841 2100 1911 2142 qui-

1173 2161 1253 2193 libet
1272 2160 1303 2191 in
1329 2157 1482 2190 iudicium
1509 2155 1593 2188 trabi
1620 2155 1736 2198 possit,
1763 2165 1811 2194 ae,
1832 2164 1909 2196 qua-

1175 2219 1266 2245 tenus
1291 2222 1372 2254 opus
1407 2210 1468 2249 sit,
1494 2211 1602 2242 nostra
1636 2214 1668 2240 et
1696 2206 1909 2240 cancellariae

1174 2265 1367 2309 apostolicae
1393 2264 1505 2305 regula
1526 2262 1564 2294 de
1590 2261 1660 2293 iure
1682 2260 1827 2304 quaesito
1846 2269 1910 2291 non

1175 2319 1330 2357 tollendo,
1357 2316 1490 2359 aliisque
1516 2314 1716 2358 apostolicis,
1738 2324 1773 2345 ac
1793 2313 1825 2344 in
1843 2311 1912 2344 uni-

1173 2372 1349 2405 versalibus
1375 2369 1692 2413 provincialibusque
1722 2371 1754 2399 01
1778 2365 1913 2409 synoda-

1174 2426 1257 2458 libus
1292 2422 1437 2456 conciliis
1481 2421 1587 2461 editis,
1616 2419 1821 2463 generalibus
1859 2418 1910 2450 vel

1175 2477 1379 2520 specialibus,
1406 2473 1690 2508 constitutionibus
1715 2477 1747 2505 et
1781 2471 1912 2503 ordina-

1178 2530 1330 2568 tionibus,
1355 2539 1481 2561 necnon
1501 2535 1776 2571 quorumcumque
1798 2534 1912 2566 regno-

1214 2594 1223 2619 t
1248 2591 1317 2618 Edit.
1336 2590 1414 2617 Main.
1432 2590 1497 2625 legit
1511 2598 1609 2617 corum
1626 2596 1673 2623 pro
1688 2596 1788 2614 carum
1808 2589 1846 2620 (R.
1863 2586 1910 2620 T.).

1946 1897 2019 1918 01111111
2031 1900 2051 1917 et
2061 1897 2102 1917 ‹in-

1920 1925 1967 1949 gnta
1983 1931 2001 1944 tu
2021 1927 2103 1944 contia-

1920 1958 1971 1971 rium
2004 1950 2102 1970 facientia

1920 1977 2004 1997 mandat
2019 1977 2103 2001 pratuli-

1920 2005 1958 2023 ctis
1973 2004 2048 2023 littei-ts
2063 2009 2103 2022 11011

1921 2030 2013 2050 obstare.
