2279 3260
146 249 196 276 An.
212 248 242 275 C.
267 248 333 276 ¹670

340 307 404 338 quo
424 295 484 339 ipsi
502 296 643 337 religiosi
661 297 722 329 iam
749 296 874 328 fuerant
891 295 1071 338 approbati.

337 349 375 381 Et
398 350 594 390 generaliter
618 350 815 393 approbatos
849 349 888 381 ab
920 348 1073 391 episcopo

338 401 375 434 ad
401 412 611 444 personarum
629 402 839 434 saecularium
857 400 1073 433 confessiones

337 454 515 486 audiendas
540 465 744 497 nequaquam
762 453 887 487 censeri
914 453 1073 495 approba-

338 513 386 539 tos
404 507 443 539 ad
460 507 638 540 audiendas
647 507 867 539 confessiones
884 505 1072 537 monialium
1092 541 1095 554 λ

336 559 396 591 sibi
421 559 654 598 subiectarum
677 559 732 591 sed
751 569 856 601 cgere,
877 558 980 601 quoad
998 557 1070 597 hoc,

335 611 467 655 speciali
504 611 648 654 episcopi
684 611 938 654 approbatione;
975 615 1070 652 atque

335 664 532 707 approbatos
550 674 609 706 pro
627 663 795 696 audiendis
814 661 1070 695 confessionibus
1091 669 1093 679 ²

334 715 526 749 monialium
540 716 633 748 unius
650 715 833 748 monasterii
852 715 984 747 minime
999 724 1070 756 pos-

334 779 369 801 se
383 768 494 801 audire
506 768 724 801 confessiones
735 767 922 800 monialium
939 765 1069 798 alterius

333 821 536 855 monasterii.
556 821 735 863 Itidemque
747 820 950 853 confessores
968 823 1070 851 extra-

334 874 515 908 ordinarios
545 875 644 907 semel
674 874 845 916 deputatos
862 899 869 913 ,
896 877 991 914 atque
1016 882 1070 914 ap-

334 926 497 970 probatos¹
512 926 552 959 ab
566 926 722 969 episcopo
737 925 776 958 ad
793 924 982 957 monialium
998 934 1070 956 con·
1089 930 1091 933 ’

332 979 492 1012 sessiones
517 989 575 1022 pro
599 980 663 1010 una
685 977 752 1010 vice
773 977 960 1016 audiendas,
982 976 1068 1009 haud

332 1043 440 1075 posse,
459 1033 585 1074 expleta
602 1030 820 1074 deputatione,
835 1030 868 1062 in
882 1029 943 1061 vim
957 1039 1069 1071 appro-

332 1084 471 1117 bationis
496 1083 680 1117 huiusmodi
697 1083 825 1116 illarum
849 1081 1068 1114 confessiones

332 1136 463 1176 audire;
490 1136 547 1169 sed
572 1136 665 1168 toties
689 1136 727 1167 ab
753 1135 906 1177 episcopo
925 1143 997 1166 esse
1015 1144 1069 1176 ap-

331 1189 542 1232 probandos,
570 1187 697 1231 quoties
731 1196 822 1220 casus
847 1185 1067 1228 deputationis

331 1241 516 1284 contigerit.
547 1241 697 1274 Ceterum
726 1240 759 1273 in
790 1238 1004 1278 monasteriis,
1031 1249 1067 1271 ac

332 1295 428 1327 etiam
451 1294 599 1337 collegiis
632 1293 686 1326 ubi
718 1293 805 1326 iuxta
829 1291 988 1334 regularia
1019 1291 1067 1323 in-

331 1347 442 1380 stituta
464 1346 593 1386 vivitur,
619 1356 715 1389 posse
747 1351 810 1378 tam
835 1345 995 1388 praelatos
1019 1354 1069 1376 re-

332 1401 461 1442 gulares
499 1410 596 1442 quam
632 1399 834 1431 confessores
868 1397 1068 1439 regularium

332 1453 523 1486 eorumdem
542 1452 810 1485 monasteriorum
834 1461 891 1484 seu
916 1450 1069 1492 collegio-

331 1516 403 1538 nnn
427 1505 538 1538 audire
563 1504 784 1538 confessiones
807 1504 939 1537 illorum
959 1513 1069 1535 saecu-

330 1559 472 1599 larium,
499 1559 554 1602 qui
578 1558 658 1591 inibi
684 1563 761 1590 sunt
784 1567 859 1590 vere
885 1557 924 1589 de
950 1555 1069 1588 familia

332 1618 364 1646 et
388 1612 531 1645 continui
557 1611 802 1650 commensales,
823 1620 887 1642 non
904 1615 1010 1641 autem
1031 1609 1069 1642 il-

330 1665 439 1698 lorum
453 1665 508 1708 qui
532 1669 654 1697 tantum
679 1663 758 1706 ipsis
776 1662 974 1695 deserviunt.
994 1662 1068 1695 Illos

331 1722 437 1750 autem
465 1716 654 1758 religiosos,
689 1715 742 1758 qui
775 1715 814 1747 ad
848 1714 1069 1747 confessiones

331 1768 508 1801 audiendas
521 1768 632 1801 idonei
649 1767 844 1810 generaliter
867 1767 988 1810 reperti
1005 1768 1069 1800 sue-

330 1821 405 1861 rint,
427 1822 466 1854 ab
492 1820 652 1864 episcopis
670 1821 865 1863 generaliter
890 1830 1018 1863 quoque
1038 1825 1070 1852 et

330 1874 520 1908 indistincte
534 1875 660 1917 absque
675 1873 782 1916 aliqua
793 1873 984 1905 limitatione
997 1878 1068 1905 tcm-

331 1927 421 1971 poris
439 1932 665 1970 certorumque
690 1927 839 1959 locorum
863 1932 917 1958 aut
940 1927 1069 1968 generis

331 1991 547 2024 personarum
571 1980 604 2012 in
629 1980 770 2012 dioecesi
795 1979 928 2022 propria
955 1979 1070 2012 admit-

331 2033 464 2073 tendos;
492 2033 598 2076 quoad
632 2038 758 2065 ceteros
790 2042 883 2072 vcro,
918 2031 970 2074 qui
1002 2043 1069 2065 non

330 2085 411 2118 adeo
436 2085 547 2118 idonei
571 2085 789 2128 reperiuntur,
806 2085 830 2117 si
855 2085 1013 2128 petierint
1034 2096 1068 2118 se

330 2137 466 2178 admitti,
492 2137 627 2171 arbitrio
651 2137 897 2170 Ordinariorum
929 2138 1068 2181 relinqui

330 2190 419 2234 ipsos
445 2201 518 2223 cum
542 2189 677 2223 limitata
702 2190 864 2230 facultate,
889 2196 986 2234 prout
1009 2191 1068 2223 eis-

331 2244 406 2276 dem
419 2242 598 2275 Ordinariis
609 2243 709 2285 magis
723 2243 876 2286 expedire
895 2243 1067 2284 videbitur,

332 2296 470 2339 probare
481 2301 512 2328 et
525 2296 706 2337 admittere,
719 2297 819 2328 semel
831 2302 937 2329 autem
948 2296 1070 2339 simpli-

332 2349 412 2381 citer
437 2349 635 2391 approbatos
660 2359 754 2392 posse
780 2349 812 2381 in
838 2349 978 2382 dioecesi
1003 2349 1070 2393 epi-

332 2401 422 2444 scopi
447 2401 657 2444 approbantis
682 2401 792 2445 quovis
818 2402 892 2434 anni
915 2407 1068 2445 tempore,

333 2453 428 2487 etiam
452 2454 608 2496 paschali,
631 2459 661 2487 et
679 2465 953 2498 quorumcumque
974 2455 1071 2487 etiam

332 2506 535 2540 infirmorum
568 2507 788 2541 confessiones
815 2508 925 2541 audire
950 2508 1094 2552 absque*

964 248 1045 271 CLE'll
1052 248 1106 271 ENS
1128 249 1146 272 Χ
1172 249 1219 271 ΡΡ.

1770 239 1810 272 57
1857 248 1904 274 An.
1924 247 1953 274 c,
1977 247 2046 273 mo

1117 296 1243 334 conten
1264 296 1302 327 de
1326 306 1386 339 qua
1411 301 1514 328 tamen
1531 296 1734 329 confessione
1750 297 1851 329 teucri

1118 349 1219 382 dictos
1246 349 1415 391 religiosos·
1440 352 1627 381 eommulem
1654 350 1853 382 infirmorum

1116 402 1292 443 paroclium
1318 402 1404 435 illico
1436 402 1608 434 certiorem
1640 402 1788 433 reddere.
1818 402 1854 433 tit

1116 453 1179 486 hoc
1202 465 1297 497 posse
1322 454 1385 487 illis
1409 453 1447 486 al»
1471 454 1637 496 episeopo,
1665 453 1723 484 sub
1749 455 1852 495 poem}

1115 506 1335 549 suspensionis
1356 518 1372 538 a
1395 507 1542 538 facultate
1561 505 1713 537 audiendi
1732 509 1853 537 contes-

1114 558 1234 608 sioncs,
1253 558 1414 601 praecipi:
1436 558 1585 590 sufficere
1613 563 1718 589 tamen
1737 562 1771 588 ut
1788 567 1852 588 eer-

1092 607 1094 613 ’
1115 610 1243 643 tioratio
1269 610 1453 643 huiusmodi
1480 610 1533 642 fiat
1558 610 1670 642 saltem
1693 620 1750 652 per
1773 608 1851 641 scri-

1113 669 1238 705 pturam
1256 663 1338 706 apud
1363 663 1467 706 ipsum
1485 661 1647 695 infirmum
1665 662 1850 704 relinquen-

1113 716 1197 748 dam.

1155 768 1170 810 ξ
1194 768 1225 800 5.
1251 768 1288 800 Et
1312 779 1378 808 eos,
1400 769 1453 811 qui
1480 768 1572 801 dietis
1589 768 1751 810 religiosis
1772 768 1849 800 sim-
1893 778 2041 808 consanum

1111 820 1240 863 pliciter
1253 821 1438 863 approbatis
1451 821 1596 863 paschali
1612 826 1756 863 tempore
1774 831 1850 853 con-
1861 805 2041 857 ἓῖἶῖ”ιζῖωῗῖἷ”ἶ”ιῖζ

1112 873 1186 905 fessi
1211 874 1345 912 suerint,
1370 873 1607 914 constitutioni,
1629 885 1711 917 quac
1737 860 2042 916 incipit332¹'ff-23112ts52'51‘

1113 925 1226 958 Omnis
1249 926 1418 968 utriusque
1447 936 1557 965 semus,
1592 927 1698 969 quoad
1723 913 1897 958 confes-⁵¹¹¹
1913 910 2042 932 ‘³“'‘'¹'““²⁰''

1111 977 1236 1010 sionem
1252 978 1425 1018 dumtaxat,
1441 979 1635 1011 satisfecisse
1652 978 1846 1010 censendos.

1111 1030 1286 1072 Regulares
1301 1041 1375 1063 vero
1393 1031 1432 1063 ad
1451 1030 1611 1063 eiusmodi
1630 1030 1850 1063 confessiones

1111 1083 1286 1116 audiendas
1317 1083 1447 1126 praevio
1480 1083 1627 1116 examine
1660 1083 1852 1125 simpliciter

1112 1141 1143 1168 et
1164 1135 1285 1178 absque
1304 1137 1369 1168 ulta
1388 1135 1544 1178 temporis
1562 1134 1790 1178 praefinitione
1812 1136 1851 1168 ab

1110 1189 1251 1232 ipsomet
1264 1188 1419 1231 episcopo
1433 1188 1539 1230 (secus
1556 1193 1665 1220 autem
1683 1188 1709 1220 si
1727 1189 1766 1220 ab
1783 1187 1850 1220 eius

1111 1240 1231 1274 vicario
1253 1246 1306 1273 aut
1331 1242 1369 1273 ab
1391 1241 1648 1274 antecessoribus
1669 1240 1849 1283 episcopis)

1110 1294 1307 1338 approbatos
1339 1304 1405 1327 non
1437 1304 1532 1337 posse
1558 1294 1597 1326 ab
1623 1294 1758 1333 eodem,
1794 1294 1848 1336 qui

1111 1347 1156 1380 sic
1173 1346 1372 1389 approbavit,
1388 1346 1507 1379 iterum
1525 1345 1718 1385 examinari,
1737 1351 1789 1378 aut
1808 1346 1848 1378 ab

1111 1399 1255 1432 eiusdem
1286 1399 1546 1432 confessionibus
1577 1399 1747 1431 audiendis
1785 1409 1851 1430 sus-

1111 1452 1219 1496 pendi,
1238 1463 1295 1485 seu
1313 1452 1460 1485 licentias
1478 1450 1542 1485 illi¹
1570 1461 1741 1484 concessas
1760 1462 1852 1484 revo-

1112 1505 1188 1545 cari,
1203 1504 1265 1538 nisi
1286 1507 1369 1538 nova
1387 1505 1636 1548 superveniente
1653 1505 1747 1536 causa
1767 1515 1851 1547 quae

1111 1558 1198 1601 ipsas
1233 1557 1457 1590 confessiones
1491 1562 1677 1590 concernat.
1712 1557 1755 1589 De
1789 1567 1851 1599 qua

1112 1616 1221 1644 tamen
1242 1610 1328 1643 haud
1346 1610 1563 1642 necessarium
1582 1620 1652 1642 esse
1671 1614 1706 1641 ut
1723 1609 1754 1641 in
1774 1609 1851 1641 actis

1112 1668 1253 1703 constet3
1272 1673 1333 1696 nec
1350 1673 1421 1695 eam
1439 1662 1541 1695 teneri
1560 1663 1748 1705 episcopum
1769 1662 1849 1705 ipsis

1111 1715 1315 1758 regularibus
1342 1714 1547 1757 significare;
1577 1715 1633 1747 sed
1666 1715 1738 1747 Sedi
1771 1716 1852 1757 Apo-

1112 1769 1248 1801 stolicae
1274 1768 1446 1808 dumtaxat,
1472 1767 1526 1800 ulii
1552 1778 1622 1800 eam
1648 1767 1708 1799 sibi
1730 1766 1849 1810 aperiri

1112 1821 1336 1865 postulaverit.

1155 1875 1170 1917 ἓ
1194 1874 1225 1907 6.
1252 1874 1351 1907 Porro
1369 1874 1394 1906 si
1422 1875 1587 1916 regulares
1605 1884 1677 1906 cum
1697 1874 1849 1907 scandalo
1930 1884 2045 1907 neunt-was

1112 1934 1166 1961 aut
1189 1928 1268 1961 alias
1292 1928 1466 1960 inhoneste
1491 1927 1619 1967 vivant,
1644 1928 1692 1959 vel
1718 1928 1850 1970 aliquod
1862 1911 1989 1956 fffl‘lt'iffi'ls
2000 1911 2046 1961 psssb·

1112 1981 1265 2014 delictum
1289 1980 1500 2020 committant,
1526 1990 1586 2023 per
1606 1980 1691 2023 quod
1714 1964 2031 2012 rationa-<u1nsquna..

1112 2033 1169 2066 bili
1194 2033 1337 2076 episcopi
1355 2033 1475 2066 iudicio
1495 2033 1663 2065 videantur
1687 2043 1705 2065 a
1729 2034 1853 2065 confes-

1112 2086 1259 2119 sionibus
1285 2085 1519 2128 suspendendi,
1547 2085 1579 2118 in
1604 2096 1669 2128 quo
1696 2086 1795 2128 ipsius
1822 2096 1854 2118 e-

1112 2138 1238 2181 piscopi
1251 2138 1482 2171 conscientiam
1495 2144 1663 2171 oneratam
1678 2149 1748 2171 esse
1764 2139 1854 2170 volu-

1113 2202 1199 2231 mus,
1217 2202 1290 2224 cum
1307 2192 1482 2234 praecipua
1500 2191 1639 2223 ministri
1659 2191 1853 2224 sacramenti

1113 2244 1333 2288 poenitentiae
1359 2245 1494 2288 qualitas
1529 2245 1571 2277 sit
1605 2244 1688 2277 vitae
1720 2243 1854 2286 integri-

1114 2303 1160 2331 tas
1197 2308 1234 2331 ac
1262 2308 1389 2330 morum
1426 2298 1579 2330 honestas
1596 2324 1603 2337 ,
1637 2298 1749 2340 utique
1782 2308 1853 2330 eam

1114 2362 1242 2384 causam
1261 2352 1300 2384 ad
1317 2351 1529 2384 confessionis
1555 2350 1766 2383 ministerium
1784 2361 1852 2394 per-

1115 2404 1228 2445 tinere,
1248 2415 1283 2437 ac
1304 2404 1442 2447 proinde
1463 2404 1546 2437 nihil
1570 2404 1698 2436 obstare
1727 2403 1837 2446 quemi

1114 2467 1173 2489 nus
1199 2457 1240 2489 ob
1266 2467 1337 2489 eam
1362 2455 1467 2499 possit
1491 2456 1662 2499 episcopus
1688 2456 1851 2497 regulares

1115 2520 1132 2542 a
1155 2510 1328 2553 semetipso
1353 2510 1551 2552 approbatos
1576 2508 1776 2551 suspendere
1799 2512 1853 2539 aut

332 2561 398 2593 utta
422 2560 640 2603 parochorum
664 2561 714 2594 vel
739 2560 838 2604 ipsius
869 2561 1013 2606 episcopi
1038 2562 1072 2595 li·
1114 2563 1276 2606 repellere
1294 2574 1312 2595 a
1328 2561 1586 2595 confessionibus
1602 2560 1781 2594 audiendis.
1801 2561 1854 2592 At-

368 2623 381 2650 1
402 2621 469 2649 Male
484 2622 549 2648 edit.
567 2621 646 2648 Main.
662 2621 726 2656 legit
740 2623 916 2657 approbatus
933 2624 972 2659 (n.
989 2624 1038 2658 τ.).

419 2676 498 2707 Bull.
520 2677 602 2705 Rom.
646 2677 704 2705 Vol.
726 2677 830 2705 XVIII.
887 2692 897 2715 ,¹⁴
1010 2678 1026 2705 8

1151 2626 1162 2651 1
1182 2623 1273 2651 Potius
1287 2623 1346 2659 lege
1362 2623 1423 2651 illis
1439 2623 1478 2658 (n.
1494 2624 1543 2657 τ.).
