2279 3260
198 212 245 238 An.
268 211 294 236 C.
321 211 380 237 to7t

218 1425 299 1445 lnhibet
320 1424 373 1444 iudi-

192 1452 251 1470 cibus
300 1453 373 1470 eontra

191 1477 299 1502 prandiola
323 1476 372 1502 quul

192 1509 297 1523 nummum
307 1506 373 1522 alten-

191 1532 242 1549 tare.

217 2104 328 2124 oneratum
348 2105 374 2124 ir·

189 2134 262 2150 vitan».

430 202 494 234 esa

389 259 549 302 positione
576 258 633 301 ipsi
661 263 692 291 et
720 268 831 291 eorum
853 257 989 301 quilibet
1013 266 1122 298 respe-

390 312 471 343 ctive
497 311 601 343 ubivis
620 312 775 350 locorum,
794 311 825 343 in
848 311 993 353 qualibet
1009 307 1120 340 mundi

389 370 501 407 parte,
531 369 596 396 tam
625 364 778 396 continua
808 373 904 406 quam
928 361 1123 403 interpolata

389 417 519 448 illorum
547 415 622 448 inibi
649 415 825 454 mansione,
848 425 882 446 ac
912 413 1009 445 etiam
1035 416 1123 443 extra

390 470 457 501 loca
483 469 609 501 debitae
638 467 850 505 residentiae,
882 477 917 498 ac
942 465 1036 497 etiam
1062 464 1123 495 iter

389 522 525 563 agendo,
540 522 579 553 ab
597 520 744 553 humanis
763 518 932 559 decedant)
947 516 1120 553 molestari,

389 573 571 617 perturbari
594 579 649 605 aut
664 571 832 614 inquietari
851 570 1033 602 nullatenus
1053 578 1123 611 pos-
1142 594 1144 614 Σ

389 626 465 667 sint,
490 636 548 658 nec
573 626 722 662 debeant,
753 624 830 655 itaut
854 623 892 655 de
918 621 1067 654 omnibus
1091 625 1144 664 et¹

389 678 643 721 quibuscumque
677 675 771 707 rebus
796 680 827 707 et
850 674 942 706 bonis
973 673 1056 711 suis,
1086 683 1122 704 36
1143 671 1144 694 1
1165 673 1259 705 inane
1279 673 1304 704 si
1319 683 1412 705 secus
1427 682 1523 715 super
1541 672 1590 704 liis
1606 683 1622 704 a
1637 683 1809 715 quoquam,
1828 683 1901 715 qua-

388 741 447 773 per
467 740 520 762 eos
539 735 570 761 et
587 739 700 761 corum
720 727 898 770 quemlibet
910 725 1074 768 acquisitis
1092 730 1123 756 et

388 781 602 824 acquirendis,
622 786 684 812 tam
703 791 738 811 ex
758 779 910 822 praefatis
932 778 993 810 iam
1012 778 1122 810 obten-

389 834 427 865 tis
447 840 478 865 et
503 833 686 866 obtinendis
711 831 891 870 beneficiis,
911 841 1006 873 quam
1024 829 1120 862 etiam

388 897 424 917 ev
451 886 602 928 praefatis
629 886 673 917 cis
699 885 759 917 iani
787 883 958 916 reservatis
986 893 1042 914 seu
1073 892 1121 914 re-

388 938 553 971 servandis
572 949 607 969 36
627 938 659 969 111
677 948 732 969 605
750 936 913 968 translatis
940 940 971 967 et
987 934 1122 966 transfe-

387 992 496 1024 rendis
521 990 743 1034 pensionibus,
770 995 803 1021 ut
829 989 1030 1032 praefertur,
1058 992 1120 1018 tam

387 1044 472 1076 inter
497 1043 582 1076 vivos
608 1054 702 1086 quam
740 1045 836 1075 causa
867 1041 1005 1079 mortis,
1033 1045 1064 1072 et
1088 1040 1120 1071 in

387 1097 499 1129 ultima
524 1097 700 1134 voluntate,
717 1095 796 1127 acin
816 1096 953 1126 favorem
973 1104 1120 1136 quorum-

386 1160 521 1192 cumque
548 1149 626 1191 (non
654 1153 756 1179 tamen
785 1157 996 1190 personarum
1016 1156 1033 1177 a
1050 1145 1119 1177 iure

386 1202 622 1245 prohibitarum
644 1206 675 1232 et
696 1199 909 1243 incapacium)
938 1199 1118 1241 disponere,

385 1265 440 1286 seu
466 1254 521 1286 illa
545 1254 639 1286 etiam
661 1254 700 1285 ab
726 1253 877 1285 intestato
903 1251 1119 1283 transmittere

385 1307 488 1339 libere
515 1311 546 1338 et
570 1306 656 1338 licite
682 1306 815 1343 valcant,
836 1310 949 1335 tenore
973 1312 1119 1345 praesen-

385 1359 461 1390 tium
487 1358 694 1391 concedimus
719 1362 749 1389 et
775 1357 991 1397 indulgemus.

428 1411 442 1453 ς’
467 1410 497 1442 2.
524 1410 704 1442 Districtius
727 1409 911 1441 inhibentes
928 1408 1050 1440 eisdem
1068 1417 1119 1439 ca-

385 1463 533 1502 merario,
556 1461 767 1501 thesaurario,
789 1460 1019 1498 commissario,
1038 1459 1119 1492 aliis-

385 1526 446 1558 que
472 1514 562 1546 Sedis
587 1520 618 1546 et
635 1513 783 1546 Camerae
809 1513 1025 1555 praefatarum
1050 1512 1118 1544 offi-

385 1568 521 1600 cialibus
536 1574 568 1599 et
585 1566 750 1605 ministris,
768 1576 823 1597 seu
845 1565 914 1597 aliis
931 1565 1117 1607 quibuscus-

384 1631 533 1664 cumque,
565 1630 605 1652 ne
630 1619 663 1651 in
687 1619 781 1650 bonis
805 1623 835 1650 et
859 1618 955 1650 rebus
981 1628 1039 1660 per
1063 1628 1116 1650 eos

383 1679 416 1705 et
431 1682 544 1705 eorum
563 1671 739 1714 quemlibet
763 1669 941 1713 respective
959 1680 1017 1712 pro
1043 1676 1116 1702 tem-

382 1735 462 1767 pore
488 1724 620 1763 relictis,
650 1723 882 1755 beneficiorum
911 1721 960 1754 vel
987 1722 1117 1764 pensio-

384 1788 460 1809 num
479 1776 663 1808 huiusmodi
691 1775 864 1808 occasione
883 1775 932 1807 vel
950 1780 1115 1817 praetextu

383 1840 497 1862 manus
515 1829 660 1867 iniicere,
679 1834 733 1860 aut
758 1828 896 1870 aliquam
919 1828 1048 1860 illorum
1066 1828 1116 1860 de-

382 1882 599 1924 scriptionem,
618 1891 674 1913 seu
698 1881 923 1919 inventarium,
942 1885 995 1912 aut
1022 1880 1116 1922 depo-

382 1935 478 1966 situm
506 1936 556 1966 vel
581 1939 791 1977 sequestrum,
814 1943 869 1965 seu
895 1933 972 1975 quid
1001 1933 1114 1971 simile,

382 1989 432 2021 vel
458 1993 615 2020 attentare
642 1987 875 2029 quoquomodo
903 1986 1041 2018 audeant
1064 1987 1115 2018 vel

383 2046 602 2084 praesumant.

428 2094 442 2136 ἓ
467 2093 498 2126 3.
527 2093 569 2125 Ac
586 2093 797 2125 decernentes
818 2096 1008 2134 praesentes
1032 2091 1116 2123 litte-

384 2157 434 2178 ras
458 2145 565 2178 firmas
580 2172 587 2184 ,
613 2145 733 2177 validas
758 2149 788 2176 et
812 2145 955 2176 efficaces
980 2144 1115 2176 existere

385 2204 416 2232 et
439 2199 528 2238 fore,
555 2198 683 2240 illisque
708 2202 739 2229 et
763 2206 875 2228 eorum
901 2195 1050 2235 cuilibet,
1081 2207 1117 2228 36

383 2251 578 2284 haeredibus
597 2255 628 2283 et
645 2249 883 2282 successoribus
897 2259 1017 2288 eorum,
1036 2249 1116 2281 aliis-

384 2315 446 2347 que
471 2303 630 2347 praefatis,
649 2302 682 2335 in
707 2302 856 2334 omnibus
875 2307 906 2333 et
926 2312 984 2344 per
1009 2303 1116 2334 omnia

382 2357 568 2400 plenissime
594 2354 778 2397 suffragari,
812 2354 920 2397 sicque
941 2364 999 2397 per
1024 2365 1115 2397 quos-

382 2419 517 2452 cumque
536 2408 659 2440 iudices
685 2407 868 2440 ordinarios
894 2412 925 2439 et
941 2407 1112 2449 delegatos,

381 2461 477 2493 ctiam
503 2471 669 2493 causarum
694 2460 804 2502 palatii
829 2459 997 2502 apostolici
1029 2460 1115 2492 audi-

383 2520 490 2554 tores,
523 2523 652 2546 necnon
682 2513 843 2555 praefatos
875 2513 1085 2545 camerarium
1105 2538 1112 2551 ,

383 2566 630 2606 thesaurarium,
651 2565 912 2606 commissarium,
934 2565 1115 2608 praesiden-

971 208 1149 233 1111111111111111
1172 207 1323 233 3611151111

1141 258 1143 274 ³
1165 261 1211 287 tes
1229 257 1372 295 clericos,
1389 260 1419 289 et
1444 255 1523 289 alios
1550 265 1770 299 quoscumque
1790 255 1899 289 Came-

1164 318 1216 340 rae
1241 313 1273 340 et
1296 308 1386 341 Sedis
1421 310 1636 351 praefatarum
1672 309 1836 341 ministros
1868 313 1900 340 et

1165 359 1326 400 officiales,
1342 372 1377 392 ac
1393 362 1520 403 quosvis
1538 362 1628 401 31105,
1645 361 1741 393 etiam
1759 360 1789 393 S.
1811 360 1847 393 R.
1862 360 1896 392 E.

1165 411 1363 451 cardinales,
1391 413 1487 445 etiam
1513 414 1552 446 de
1576 414 1677 446 latere
1703 414 1839 454 legatos,
1864 422 1901 444 ac

1164 463 1254 495 Sedis
1278 464 1441 506 praefatae
1468 465 1617 505 nuncios,
1645 466 1770 497 sublata
1796 465 1841 497 cis
1867 469 1899 497 et

1165 526 1278 548 eorum
1303 516 1435 549 cuilibet
1460 517 1572 559 quavis
1607 517 1701 550 aliter
1732 517 1896 550 iudicandi

1166 573 1198 599 et
1221 568 1454 610 interpretandi
1474 569 1624 601 facultate
1645 574 1677 601 et
1697 568 1898 608 auctoritate,

1165 620 1298 652 iudicari
1320 625 1351 652 et
1371 620 1497 652 definiri
1523 620 1654 659 debere,
1671 631 1707 652 ac
1724 621 1851 652 irritum
1870 625 1902 652 et

1165 725 1209 757 vis
1233 725 1431 765 auctoritate,
1458 724 1598 757 scienter
1620 726 1670 757 vel
1695 725 1898 766 ignoranter,

1165 777 1338 819 contigerit
1354 776 1516 809 attentari.

1208 830 1222 872 ἓ
1246 830 1277 862 4.
1305 829 1372 861 Non
1399 829 1601 861 obstantibus
1627 828 1825 872 praemissis,
1845 840 1898 870 ac,

1165 888 1325 925 quatenus
1350 893 1429 924 opus
1447 882 1496 922 sit,
1516 882 1628 924 regula
1647 883 1756 914 nostra
1777 882 1815 914 de
1833 893 1897 914 non

1165 935 1310 967 tollendo
1345 934 1412 966 iure
1445 934 1612 976 quaesito,
1639 944 1765 966 necnon
1798 935 1900 967 felicis

1165 987 1399 1019 recordationis
1425 987 1469 1018 Pii
1496 987 1599 1029 Papae
1617 986 1652 1018 lv
1670 987 1900 1029 praedecesso-

1165 1041 1207 1072 ris
1232 1040 1331 1071 nostri
1358 1040 1396 1072 de
1423 1039 1533 1081 gratiis
1559 1040 1793 1082 qualecumque
1822 1040 1898 1071 inte-

1165 1102 1250 1123 resse
1267 1092 1417 1124 Caniorae
1438 1093 1603 1134 praefatae
1629 1092 1897 1123 concernentibus

1165 1146 1195 1177 in
1221 1145 1332 1177 eadem
1357 1144 1491 1176 Camera
1526 1144 1772 1187 praesentandis
1795 1149 1826 1176 61.
1850 1155 1898 1176 re-

1164 1197 1291 1239 gistrari
1319 1197 1483 1235 faciendis,
1499 1197 1579 1228 itaut
1602 1201 1791 1239 praesentes
1817 1197 1895 1228 inibi

1164 1250 1359 1293 praesentari
1391 1256 1422 1281 et
1446 1249 1610 1291 registrari
1635 1250 1724 1281 nullo
1756 1259 1897 1291 unquam

1164 1308 1307 1344 tempore
1332 1311 1463 1333 neccsse
1488 1301 1538 1341 sit,
1567 1306 1600 1333 et
1624 1301 1693 1333 aliis
1718 1300 1813 1332 etiam
1842 1312 1898 1333 no-

1163 1354 1236 1386 stris
1258 1365 1294 1386 36
1316 1353 1480 1396 quibusvis
1506 1353 1704 1396 apostolicis,
1723 1363 1758 1384 ac
1776 1353 1807 1384 in
1826 1353 1898 1385 uni-

1162 1406 1338 1438 versalibus
1363 1406 1684 1449 provincialibusque
1710 1411 1741 1437 et
1765 1406 1897 1448 synoda-

1163 1460 1246 1491 libus
1261 1458 1404 1491 conciliis
1423 1459 1525 1499 editis,
1544 1458 1748 1500 generalibus
1764 1459 1812 1491 vel
1830 1469 1896 1501 spe·

1162 1511 1304 1550 cialibus,
1331 1511 1612 1543 constitutionibus
1635 1516 1666 1543 et
1686 1510 1896 1543 ordinationi-

1162 1563 1228 1602 bus,
1243 1563 1410 1605 dictaeque
1420 1563 1581 1603 Gamerae,
1593 1563 1688 1595 etiam
1705 1563 1894 1603 iuramento,

1160 1615 1404 1647 confirmatione
1431 1616 1618 1658 apostolica,
1641 1616 1689 1647 vel
1715 1615 1825 1658 quavis
1842 1615 1894 1647 tir-

1160 1668 1268 1700 mitate
1293 1668 1354 1700 alia
1378 1668 1549 1707 roboratis,
1568 1669 1693 1700 statutis
1710 1673 1741 1700 et
1761 1678 1894 1701 consue-

1160 1720 1338 1759 tudinibus,
1358 1721 1537 1763 privilegiis
1555 1731 1693 1764 quoque,
1710 1721 1843 1753 indultis
1863 1725 1894 1753 et

1159 1773 1273 1806 litteris
1309 1773 1495 1816 apostolicis
1524 1774 1628 1806 eidem
1660 1773 1829 1813 Gamerae,
1856 1773 1894 1806 11-

1159 1826 1284 1868 liusque
1310 1826 1498 1859 officialibus
1523 1832 1555 1859 et
1577 1826 1742 1865 ministris,
1763 1837 1799 1858 ac
1823 1826 1893 1869 qui-

1158 1879 1289 1922 busquis
1315 1879 1392 1918 aliis,
1420 1880 1477 1911 sub
1497 1879 1753 1922 quibuscumque
1773 1880 1893 1912 tenori-

1159 1931 1216 1963 bus
1242 1936 1274 1963 et
1299 1931 1423 1971 formis,
1450 1942 1486 1963 ac
1509 1942 1579 1963 cum
1605 1931 1770 1973 quibusvis
1795 1932 1891 1964 etiam

1159 1983 1434 2026 derogatoriarum
1456 1983 1677 2025 derogatoriis,
1696 1982 1832 2026 aliisque
1853 1985 1892 2016 ef-

1158 2036 1385 2076 ficacioribus,
1411 2036 1660 2075 efficacissimis,
1698 2041 1729 2067 et
1753 2035 1891 2069 insolitis

1159 2089 1309 2121 clausulis
1335 2099 1370 2120 ac
1395 2089 1541 2128 decretis,
1560 2088 1656 2120 etiam
1673 2094 1769 2127 motu,
1789 2089 1892 2121 scien-

1160 2142 1218 2181 tia,
1245 2142 1478 2174 deliberatione
1504 2146 1535 2173 et
1559 2141 1726 2183 potestatis
1750 2141 1892 2183 plenitu-

1159 2194 1233 2226 dine
1258 2194 1403 2236 paribus,
1423 2194 1517 2226 etiam
1543 2193 1825 2233 consistorialiter,
1855 2205 1891 2226 ac

1159 2257 1195 2278 ex
1220 2250 1313 2279 causa
1337 2252 1367 2278 et
1392 2247 1482 2278 titulo
1513 2245 1676 2286 onerosis,
1704 2246 1735 2277 in
1769 2256 1889 2288 genere

1157 2300 1205 2331 vel
1230 2299 1263 2331 in
1288 2299 1406 2342 specie,
1432 2309 1467 2330 ac
1491 2299 1569 2331 alias
1594 2299 1840 2341 quomodolibet
1856 2299 1888 2331 in

1157 2352 1353 2384 contrarium
1366 2351 1615 2395 praemissorum
1627 2351 1802 2391 concessis,
1817 2361 1890 2383 con-

1156 2404 1297 2445 firmatis,
1315 2415 1350 2436 ac
1367 2404 1488 2447 pluries
1506 2404 1666 2436 innovatis
1686 2409 1717 2437 et
1732 2405 1890 2447 approba-

1156 2457 1214 2497 tis3
1234 2457 1350 2500 quibus
1367 2457 1518 2489 omnibus
1545 2462 1575 2489 et
1599 2456 1741 2501 singulis,
1764 2457 1887 2489 etiamsi

1156 2521 1216 2554 pro
1253 2510 1425 2543 sufficienti
1450 2511 1580 2543 illorum
1607 2511 1818 2552 derogatione
1849 2511 1887 2543 de

1156 2565 1219 2598 illis
1238 2574 1412 2607 eorumque
1441 2564 1514 2596 totis
1535 2563 1703 2596 tenoribus
1725 2562 1884 2606 specialis,

1906 207 1955 234 Α11.
1972 207 2000 233 C.
2024 208 2085 234 to7t

1980 844 2095 868 θυι-11113116

1910 871 2072 890 isonti-ariorum.
