2279 3260
184 242 234 269 An.
251 239 280 269 C.
302 240 370 268 1676
1009 240 1151 266 emmens
1172 240 1191 264 x
1215 241 1264 265 1³1³.

378 294 442 323 tam
474 294 704 334 accepturum,
730 289 792 322 nisi
819 295 992 334 praecepto
1026 290 1114 331 eius,

379 343 433 387 qui
445 343 525 376 mihi
538 343 730 386 praecipere
746 343 874 386 poterit,
890 344 1071 386 adstringar
1084 355 1114 375 n.

423 406 471 429 111.
490 395 619 429 Fratres
637 395 708 429 laici
728 395 881 439 (quando
908 396 1029 429 faciunt
1045 406 1118 439 pro-

379 448 572 490 fessionem,
599 460 694 493 quam
720 451 844 493 vulgari
879 450 988 493 lingua
1013 450 1117 482 facere

379 501 522 546 debent),
537 508 611 546 post
626 503 833 536 emissionem
851 503 946 536 trium
966 503 1118 536 essentia-

377 555 454 588 lium
480 562 649 597 votorum,
680 556 834 589 continuo
859 556 1006 590 emittant
1030 566 1119 599 quar-

378 613 446 641 tum
471 619 535 642 non
562 610 754 643 transeundi
780 611 818 642 ad
845 614 962 642 statum
987 609 1120 641 clerica-

380 661 452 703 lem,
467 673 528 695 nec
541 673 649 697 sacros
664 663 794 696 ordines
809 662 1018 706 suscipiendi,
1032 662 1119 694 iuxta

380 720 591 759 praeceptum
627 715 730 749 felicis
768 714 1000 748 reeordationis
1045 714 1118 746 Ale-

380 769 494 801 xandri
518 769 582 802 vltl
607 780 668 813 per
699 780 773 802 suas
797 769 921 802 litteras
951 768 983 801 in
1016 768 1119 800 forma

382 822 502 863 Brevis,
521 823 687 866 expeditas
715 824 765 855 die
790 832 846 856 x111
871 821 1007 855 ianuarii
1035 832 1119 854 anno

381 885 545 915 tunctxm,
573 875 767 919 incipientes
795 875 978 909 pastoralis
1009 874 1120 916 officii,

382 934 451 969 etc„
485 929 602 973 fiatque
639 928 787 972 sequenti
820 928 918 961 modo
950 933 981 961 et
1012 928 1121 970 lingua

383 983 479 1016 etiam
503 983 649 1025 vulgari:

271 1045 370 1067 formum
431 1048 444 1067 α
476 1036 648 1069 Praeterea
679 1034 834 1078 promitto
868 1045 919 1067 me
952 1044 1119 1076 nunquam

187 1073 314 1120 ffiffiulfft
330 1078 370 1119 ¹¹35:
381 1089 591 1122 transiturum
617 1090 656 1122 ad
681 1093 797 1121 statum
824 1088 1017 1127 clericalem,
1040 1087 1120 1120 reei-

157 1130 159 1132 ·
186 1128 264 1146 statum
279 1125 370 1145 clei-tca-

187 1151 227 1173 iem
242 1157 280 1178 pro
295 1151 362 1172 tait-is.
381 1141 501 1186 piendo
526 1142 661 1185 primam
686 1147 862 1180 tonsuram,
889 1151 949 1174 nec
972 1145 1122 1184 receptu-

381 1205 451 1228 rum
478 1195 610 1228 ordines
644 1195 784 1228 maiores
815 1196 864 1227 vel
889 1193 1044 1234 minores,
1076 1194 1122 1226 vi-

383 1249 503 1283 delicet
527 1249 660 1290 ostiarii,
681 1249 823 1289 lectoris,
843 1249 1032 1288 exorcistae,
1053 1257 1122 1280 aco-

383 1302 474 1346 lythi,
495 1303 700 1343 subdiaconi,
721 1302 846 1336 diaconi
873 1307 904 1335 et
928 1301 1120 1345 presbyteri,

383 1360 630 1399 praetensurum
656 1366 768 1389 omnes
793 1366 852 1388 nec
888 1355 1066 1399 quemlibet
1089 1355 1123 1387 in

382 1410 584 1453 particulari,
611 1420 671 1443 nec
696 1410 792 1442 etiam
809 1414 1059 1453 praetensurum
1076 1408 1124 1441 di-

384 1468 472 1496 recte
489 1465 540 1497 vel
558 1463 715 1496 indirecte
735 1463 855 1496 dictum
873 1462 1054 1501 transitum,
1073 1462 1124 1494 vel

384 1517 605 1560 receptionem
631 1516 789 1550 dictorum
809 1515 959 1549 ordinum
980 1515 1123 1548 omnium

385 1572 436 1603 vel
461 1571 635 1603 cuiuslibet
652 1570 684 1602 in
703 1569 890 1613 particulari
909 1581 939 1601 ».

431 1633 479 1656 111.
498 1622 663 1656 Professio
682 1623 772 1663 facta,
794 1622 957 1655 scribatur
982 1622 1016 1654 in
1042 1622 1124 1654 libro

386 1676 644 1719 professionum,
662 1675 807 1708 notando
830 1675 916 1718 quod
942 1675 1002 1706 fuit
1028 1674 1122 1714 sacta,

386 1730 531 1773 praevisa
564 1737 595 1763 et
619 1731 799 1774 approbata
825 1730 1052 1763 informatione
1079 1730 1125 1762 iu-

387 1784 488 1817 ridica
512 1784 551 1817 de
578 1794 706 1827 genere,
727 1783 871 1816 moribus
897 1788 927 1816 et
945 1782 1019 1821 vita,
1040 1783 1126 1815 iuxta

388 1841 496 1870 tamen
520 1837 696 1870 Bullarium
714 1836 918 1869 Summorum
933 1836 1125 1869 Pontificum

388 1894 420 1922 et
443 1895 631 1923 nostrarum
647 1890 926 1930 constitutionum,
946 1889 1126 1922 etsubscri-

386 1941 482 1976 hatur
506 1954 523 1976 a
553 1942 710 1985 religioso
736 1942 789 1986 qui
822 1942 1057 1986 professionem
1083 1943 1127 1975 fe-

388 1997 439 2038 cit,
466 2007 483 2029 a
507 1997 652 2040 praelato
689 1996 817 2033 domus,
843 2006 859 2027 a
883 1996 1036 2038 magistro
1069 2006 1127 2028 no-

389 2049 541 2084 vitiorum
573 2055 605 2082 et
634 2050 673 2082 ab
699 2049 769 2082 aliis
795 2049 920 2082 duobus
954 2048 1127 2091 religiosis,

390 2103 443 2146 qui
476 2107 666 2146 praesentes
702 2101 898 2145 professioni
929 2101 1069 2141 fuerunt,
1097 2107 1129 2134 et

390 2156 429 2188 ab
454 2156 510 2190 illo
536 2156 644 2195 etiarn,
671 2155 703 2187 in
733 2154 824 2187 euius
857 2154 1007 2187 manibus
1039 2154 1127 2187 illam

391 2208 466 2241 fecit
488 2208 653 2252 profitens,
679 2207 705 2239 si
732 2207 812 2240 forte
839 2207 1008 2239 distinctus
1035 2207 1127 2239 suita

390 2262 550 2304 praelato,
581 2266 613 2294 et
637 2260 808 2294 confestim
842 2260 1028 2293 informatio
1053 2260 1127 2303 igne

392 2314 612 2347 comburatur.

434 2377 465 2400 v.
484 2366 618 2410 Insuper
634 2377 745 2400 omnes
761 2372 792 2400 et
817 2366 936 2409 singuli
955 2365 1059 2398 nostri
1078 2376 1128 2398 re-

390 2419 497 2464 ligiosi
515 2420 662 2463 professi,
678 2425 741 2453 tam
756 2421 795 2453 ad
813 2420 950 2452 chorum
967 2419 1126 2458 destinati,

392 2484 487 2518 quam
512 2473 596 2514 laici,
622 2479 683 2506 tam
708 2473 844 2517 praelati
875 2484 970 2516 quam
995 2473 1126 2513 subditi,

390 2528 491 2561 semel
516 2531 549 2560 et
573 2526 708 2569 singulis
725 2527 816 2559 annis
839 2527 870 2559 in
892 2527 943 2559 die
966 2526 1128 2569 assignato

392 2592 409 2615 a
434 2580 617 2614 definitorio
644 2580 786 2623 generali
805 2586 955 2624 repetant
972 2586 1003 2613 et
1020 2581 1128 2613 denuo

1161 301 1223 334 que
1255 289 1370 322 iterum
1407 288 1593 332 singillatim
1628 289 1763 322 faciente
1790 294 1822 322 et
1847 299 1897 321 re-

1160 348 1298 377 novante
1335 348 1474 387 quatuor
1505 347 1577 375 vota
1614 354 1696 386 quae
1728 343 1834 386 primo
1866 342 1896 373 iu

1161 399 1217 430 sua
1256 397 1457 440 professione
1495 396 1620 436 emisit,
1648 396 1733 428 iuxta
1766 396 1898 428 formam

1161 450 1395 493 praescriptam
1420 449 1451 481 in
1478 450 1538 482 hac
1563 449 1589 491 ξ,
1617 459 1792 491 omnesque
1812 449 1897 481 illam

1162 508 1313 546 repetant
1337 513 1445 536 coram
1471 502 1700 535 communitate
1733 501 1763 533 iu
1798 501 1901 533 mani-

1161 556 1219 588 bus
1237 557 1371 599 praelati
1396 567 1452 589 scu
1477 554 1635 599 praesidis
1660 553 1900 587 communitatis

1162 608 1276 651 ipsius,
1304 614 1335 641 et
1359 614 1431 641 ante
1458 619 1571 641 omnes
1598 607 1665 650 ipse
1693 616 1822 650 praeses
1848 617 1901 638 eo—

1163 672 1230 693 ram
1256 661 1325 704 ipsa
1349 661 1590 694 communitate.
1619 660 1712 692 Initio
1738 670 1813 692 vero
1840 659 1902 691 sor—

1163 725 1233 747 mae
1251 726 1348 758 supra
1365 715 1488 757 positae
1502 718 1629 747 mutent
1645 712 1776 745 verbum
1792 712 1900 749 Facio,

1163 768 1195 800 in
1220 769 1354 800 verbum
1379 768 1511 810 Repeto,
1547 772 1578 799 et
1603 772 1696 810 pater
1718 766 1898 809 generalis,

1163 822 1235 853 loco
1255 821 1429 853 verborum
1448 821 1486 853 ad
1509 821 1613 863 ipsum
1635 819 1850 858 attinentium,
1871 818 1900 850 iu

1164 874 1276 906 eadem
1302 874 1404 906 forma
1429 873 1532 906 dicat:
1560 873 1687 905 Necnon
1719 877 1903 905 sanctorum

1163 927 1291 959 domino
1304 933 1412 959 nostro
1426 927 1538 970 Papae
1551 926 1605 963 N„
1624 926 1756 969 eiusque
1772 930 1798 958 et
1821 925 1905 957 beati

1164 979 1256 1012 Petri
1286 978 1436 1022 Apostoli
1467 979 1624 1022 legitimis
1657 977 1902 1011 successoribus.

1164 1031 1253 1070 Quod
1292 1033 1317 1065 si
1359 1032 1476 1076 aliquis
1516 1038 1652 1076 propter
1686 1031 1904 1064 infirmitatem

1165 1085 1299 1118 aliamve
1324 1086 1499 1128 legitimam
1518 1096 1647 1117 eausam
1665 1085 1818 1118 assistere
1840 1094 1905 1117 non

1172 1140 1271 1172 valuit
1297 1139 1452 1172 functioni
1479 1138 1531 1171 isti
1548 1166 1555 1179 ,
1582 1143 1707 1182 repetat
1733 1138 1908 1182 professio-

1164 1204 1238 1226 nem
1263 1193 1500 1236 quamprimum
1521 1192 1623 1235 possit
1639 1202 1747 1224 coram
1769 1201 1907 1224 commu-

1165 1247 1265 1280 nitate
1291 1247 1401 1280 etiam,

1211 1312 1232 1334 1.
1268 1300 1301 1333 In
1334 1300 1480 1343 qualibet
1504 1299 1669 1343 provincia
1694 1299 1735 1331 sit
1758 1309 1833 1339 una,
1854 1300 1904 1332 vel

1167 1355 1248 1388 duae
1279 1354 1401 1395 domus,
1418 1354 1472 1387 ubi
1499 1358 1649 1387 recenter
1673 1353 1812 1397 professi
1834 1364 1904 1385 cum

1167 1419 1225 1441 suo
1250 1408 1402 1451 magistro
1428 1408 1460 1440 in
1487 1407 1688 1440 habitatione
1708 1408 1856 1449 separata
1876 1412 1907 1440 et

1167 1463 1277 1495 clausa
1302 1462 1430 1501 vivant,
1456 1466 1488 1493 et
1523 1465 1755 1504 perseverent,
1792 1461 1905 1493 saltem

1168 1526 1226 1559 per
1261 1515 1433 1548 triennium
1474 1520 1549 1558 post
1583 1514 1819 1558 professionem
1856 1515 1906 1547 vel

1169 1581 1338 1613 quousque
1373 1570 1411 1602 ad
1437 1574 1575 1601 aetatem
1613 1568 1710 1601 sacris
1737 1568 1907 1601 ordinibus

1169 1623 1384 1656 sufficientem
1416 1621 1646 1665 pervenerint,
1673 1621 1705 1653 in
1731 1621 1909 1664 spirituali-

1169 1677 1227 1709 bus
1254 1675 1428 1715 exercitiis,
1459 1675 1576 1717 quibus
1606 1674 1754 1707 instructi
1781 1674 1909 1706 fuerunt.

1168 1730 1201 1762 in
1222 1740 1308 1762 anno
1334 1728 1554 1772 probationis,
1574 1728 1699 1760 interea
1716 1738 1792 1761 vero
1811 1728 1907 1760 etiam

1169 1782 1283 1815 studiis
1309 1782 1490 1815 litterarum
1516 1791 1650 1824 operam
1684 1781 1759 1813 dare
1784 1780 1910 1823 possint

1170 1841 1201 1869 et
1225 1835 1365 1868 debeant
1388 1834 1475 1867 iuxta
1498 1834 1738 1877 praescriptum
1764 1834 1911 1866 decreto-

1171 1899 1240 1921 rum
1265 1893 1392 1921 sanctae
1417 1887 1596 1920 memoriae
1633 1887 1807 1920 Clementis
1832 1886 1908 1919 Vllt.

1215 1953 1250 1975 11.
1276 1942 1352 1975 Cum
1370 1941 1526 1985 magistro
1542 1941 1777 1985 professorum,
1803 1941 1911 1984 quoad

1172 1994 1241 2027 eius
1257 1993 1512 2036 assignationem
1530 1998 1561 2025 et
1578 1992 1703 2036 reliqua
1722 1992 1839 2032 omnia,
1859 1993 1912 2024 ob-

1171 2052 1317 2080 servetur
1341 2051 1443 2079 totum
1469 2046 1556 2089 quod
1592 2046 1624 2078 in
1651 2046 1786 2078 diversis
1811 2045 1912 2089 parti-

1171 2101 1231 2133 bus
1257 2101 1371 2133 harum
1404 2101 1671 2133 constitutionum
1705 2100 1826 2131 dictum
1860 2110 1912 2132 ex-

1172 2163 1384 2197 pressumque
1410 2159 1520 2186 manet
1541 2154 1578 2186 de
1597 2153 1751 2196 magistro
1777 2152 1910 2185 novitio-

1173 2218 1255 2247 rum,
1281 2212 1313 2239 et
1338 2207 1423 2250 quod
1450 2206 1588 2238 ministri
1621 2205 1703 2238 nihil
1738 2205 1915 2249 disponant

1172 2271 1249 2303 erga
1264 2260 1430 2303 professos
1444 2260 1629 2292 inconsulto
1646 2259 1731 2292 dicto
1747 2258 1909 2291 ministro.

1216 2324 1261 2347 111.
1294 2314 1374 2346 Dicti
1406 2318 1558 2346 recenter
1590 2313 1727 2356 professi
1761 2312 1913 2345 destinati

1172 2368 1211 2400 ad
1237 2368 1385 2406 chorum,
1411 2367 1515 2399 donec
1549 2376 1669 2399 annum
1700 2366 1914 2409 professionis

1173 2420 1429 2464 adimpleverint,
1458 2429 1524 2452 non
1551 2424 1668 2451 exeant
1693 2419 1731 2450 ad
1758 2417 1914 2461 oppidum

1173 2483 1232 2506 nec
1249 2473 1405 2506 aliorsum
1424 2472 1485 2504 nisi
1503 2482 1576 2505 cum
1593 2471 1836 2509 communitate,
1855 2481 1913 2502 nec

1172 2526 1339 2570 propriam
1363 2526 1500 2569 patriam
1525 2525 1643 2558 adeant
1667 2524 1749 2566 (nisi
1776 2523 1819 2555 ibi
1837 2533 1914 2555 con-

1170 2586 1285 2613 ventus
1317 2580 1368 2620 sit,
1393 2585 1426 2612 et
1449 2590 1508 2623 pro
1534 2577 1800 2611 conventualibus
1828 2577 1912 2609 eius-

392 2634 583 2670 confirment
606 2644 694 2667 suani
721 2634 966 2676 professionem,
984 2645 1129 2677 unoquo·
1173 2634 1244 2667 dem
1267 2633 1495 2676 designentur)
1514 2632 1618 2664 donec
1634 2630 1819 2664 sacerdotes
1837 2629 1911 2675 sint,

1794 230 1858 264 683
1903 239 1952 266 An.
1970 238 1999 266 c.
2022 237 2090 265 1676

1943 1309 1952 1335 ᾖ
1974 1310 1994 1330 2.
2017 1309 2046 1330 De
2068 1314 2101 1329 re-

1917 1339 1989 1356 center
2000 1336 2100 1361 professis

1917 1366 1937 1382 et
1953 1369 2025 1383 eorum
2036 1363 2101 1383 domi-

1917 1390 1962 1410 bus.
