2279 3260
164 251 215 277 An.
233 251 262 278 C.
287 252 353 278 1672

165 312 225 331 int-:1
246 314 303 337 parte
326 312 345 332 in

164 344 205 363 qna
214 344 252 357 non
264 338 346 358 sut-runt

163 364 298 389 adimpletae.

188 1202 299 1221 Dori-aium
316 1202 341 1222 ii·-

160 1231 232 1248 ritan-¹

156 2359 268 2380 obstant-a
281 2361 339 2381 tollit.

989 251 1130 275 cisum-s
1153 252 1170 274 x
1196 251 1242 274 pn.
1764 244 1827 277 335
1875 252 1926 279 An.
1944 251 1970 278 c.
1998 252 2063 279 102

357 300 388 331 in
415 300 452 332 ea
483 304 574 343 parte
600 299 632 331 in
657 309 719 341 qua
745 309 807 331 non
834 298 949 331 suerint
978 299 1008 330 in
1040 300 1094 330 de-
1114 305 1116 330 .’
1138 298 1291 337 tollendo,
1310 298 1446 340 aliisque
1465 298 1746 332 constitutionilnis
1772 306 1801 332 et
1819 312 1870 332 or-

357 363 451 385 cursu
470 352 674 396 quadriennii
692 352 877 384 liuiusmodi
892 352 1094 395 adimpletae,
1137 351 1354 383 dinationibus
1380 351 1587 394 apostolicis,
1614 362 1740 384 necnon
1765 353 1870 385 dietae

356 404 499 446 rigorose
525 404 640 447 exequi
662 404 823 443 debeant;
844 405 929 447 quod
950 404 976 435 si
996 404 1094 436 abbas
1136 403 1401 445 Congregationis
1426 404 1559 446 eiusque
1580 405 1817 447 provinciarum
1838 411 1870 437 et

355 457 517 499 generalis
536 456 567 488 in
586 457 723 489 termino
742 457 788 488 sui
815 458 1022 498 generalatus
1045 468 1094 488 or·
1136 456 1403 488 monasteriorum
1429 467 1731 499 quoi·uuu:umque,
1759 457 1869 489 aliisve

355 509 537 541 dinationes
559 509 719 552 praefatas
739 509 778 541 ad
796 508 944 541 ell'ectuni
960 520 1024 541 non
1040 509 1095 541 de·
1115 522 1117 531 ι
1134 508 1311 551 quibusvis,
1328 508 1423 540 etiam
1441 508 1634 549 iuramento,
1653 508 1870 541 confirmatio-

354 562 493 601 duxerit,
514 562 598 594 idem
619 561 718 594 abbas
745 562 906 604 generalis
932 567 963 594 et
987 561 1094 594 visita·
1114 539 1117 611 l
1136 571 1175 593 ne
1201 561 1394 603 apostolica,
1422 562 1470 593 vel
1496 561 1607 602 quavis
1633 560 1782 593 firmitate
1808 562 1870 594 alia

355 619 441 647 tores
468 614 555 647 illius
581 614 778 657 provinciae,
798 614 829 646 in
849 625 912 657 qua
932 614 1094 647 desectum
1114 616 1116 636 l
1136 613 1308 653 roboratis,
1336 613 1460 645 <inuitis
1501 618 1531 645 et
1567 614 1867 654 consuetudinibus,

355 666 462 705 suerit,
483 672 673 699 remaneant
691 667 722 698 in
740 666 886 709 proxime
912 667 1018 700 futuro
1044 678 1095 699 ca·
1115 697 1116 700 ,
1136 666 1231 697 etiam
1252 665 1580 705 innnemorabilibus,
1601 665 1778 709 privilegiis
1796 677 1870 709 quo-

354 719 459 762 pitulo
478 719 620 761 generali
639 719 753 762 privati
773 730 849 752 voce
865 719 964 752 activa
980 725 1010 752 et
1024 731 1095 762 pas-
1114 708 1116 719 ¹
1136 729 1208 760 que,
1229 718 1361 751 indultis
1379 724 1410 750 et
1427 718 1543 751 litteris
1563 719 1749 761 apostolicis
1766 719 1870 751 eidem

356 772 421 804 siva
441 782 476 803 ac
501 782 703 814 quacumque
722 773 944 815 praerogativa
970 778 1002 805 et
1024 783 1094 815 gra·
1114 762 1115 837 ἰ
1135 769 1396 812 Coiigmgatioiii,
1413 771 1545 813 eiusque
1564 771 1737 813 provinciis
1752 776 1784 803 et
1803 782 1871 803 mo-

357 825 408 863 du,
435 835 517 867 quos
541 825 649 866 vigore
674 824 942 857 constitutionum
966 835 1022 857 seu
1047 836 1095 857 re·
1114 838 1115 867 ι
1136 823 1308 862 nasteriis,
1333 834 1368 855 ac
1394 824 1618 865 superioribus
1655 829 1685 856 et
1723 824 1871 866 personis

357 879 504 919 gularuin
523 879 571 909 vel
593 877 865 910 consuetudinum
884 878 987 910 dietae
1013 877 1094 910 Con·
1112 870 1115 924 J
1135 875 1309 917 quibusvis,
1328 875 1385 907 snb
1411 876 1666 918 ‹·1i1ibiisciin]qiie
1696 877 1869 909 verborum

355 930 554 971 gregationis
579 929 610 961 in
637 929 730 961 dietis
760 935 792 962 et
821 929 1004 962 definitorio
1036 941 1094 972 per
1137 927 1303 959 tenoribus
1328 933 1360 959 et
1385 928 1518 967 formis,
1546 939 1580 960 ac
1606 939 1678 960 cum
1704 928 1871 971 quibusvis

353 982 543 1014 sexennium
565 982 766 1024 subsequens
786 983 933 1014 obtinere
951 987 1091 1025 possent,
1113 1015 1114 1031 ¹
1136 979 1231 1011 etiam
1249 980 1529 1020 derogatoriarum
1546 981 1769 1022 derogator-iis,
1785 981 1871 1013 aliis-

353 1044 530 1076 eorumque
559 1035 629 1066 loco
661 1034 714 1066 alii
744 1034 923 1076 eligantur,
955 1040 1051 1077 prout
1076 1047 1093 1067 a
1136 1044 1195 1075 que
1222 1032 1468 1072 efficacioribus,
1491 1033 1722 1066 efficacissimis
1740 1040 1772 1067 et
1788 1035 1871 1067 inso-

353 1086 538 1118 delinitorio
571 1086 646 1128 eligi
672 1087 790 1119 debere
816 1088 963 1120 volumus
989 1092 1019 1120 et
1043 1098 1093 1120 or·
1135 1085 1199 1117 litis
1225 1085 1384 1125 clausulis,
1403 1097 1439 1117 ac
1464 1086 1666 1118 irritantibus
1684 1092 1715 1118 et
1732 1087 1803 1120 aliis
1821 1088 1872 1120 de-

355 1139 513 1170 ‹linamus
1134 1138 1251 1177 eretis,
1289 1138 1320 1170 in
1346 1133 1465 1180 genere
1491 1140 1540 1171 vel
1563 1138 1594 1170 in
1620 1138 1747 1181 specie,
1774 1140 1870 1172 etiam

398 1194 412 1234 ξ
449 1192 479 1223 ,4,
518 1192 739 1225 Deeernentes
780 1192 864 1235 ipsas
901 1198 1091 1236 praesentes
1134 1190 1410 1229 consistorialiter,
1430 1196 1462 1222 et
1477 1190 1554 1223 alifis
1576 1191 1823 1233 quomodolibet
1839 1192 1871 1224 in

356 1245 479 1277 imeras
504 1255 633 1288 semper
657 1244 776 1284 firmas,
794 1245 915 1278 validas
940 1251 971 1278 et
990 1246 1093 1279 effica-
1135 1244 1331 1276 contrarium
1348 1243 1599 1286 praemissorum
1613 1244 1785 1284 concessis,
1801 1255 1872 1277 con-

355 1308 406 1329 ces
433 1298 573 1330 existere
600 1302 631 1329 et
657 1298 736 1336 fore,
763 1307 903 1341 suosque
925 1299 1091 1341 plenarios
1113 1320 1114 1333 ι
1135 1296 1277 1335 firmatis,
1300 1307 1335 1328 ac
1360 1296 1484 1339 pluries
1510 1297 1700 1339 approbatis
1725 1302 1756 1329 et
1780 1297 1872 1331 inno-

353 1355 384 1382 et
407 1349 550 1392 integros
575 1349 709 1382 effectus
736 1350 845 1383 sortiri
871 1357 902 1383 et
926 1351 1090 1391 obtinere,
1134 1349 1230 1389 ratis,
1249 1361 1284 1381 ac
1309 1349 1460 1382 onmibus
1479 1355 1510 1382 et
1527 1350 1662 1392 singulis
1688 1351 1762 1391 illis,
1789 1362 1870 1394 quae

352 1413 387 1433 ae
413 1401 485 1441 illis,
504 1402 542 1434 ad
569 1412 649 1444 quos
676 1407 800 1445 spectat
817 1408 847 1435 et
867 1413 926 1446 pro
945 1409 1091 1446 tempore
1133 1402 1166 1433 in
1203 1402 1316 1434 litteris
1355 1407 1387 1434 et
1422 1402 1641 1445 chirographo
1674 1403 1870 1446 supradictis

352 1455 626 1497 quandocumque
648 1455 816 1498 spectabit,
832 1455 863 1487 in
888 1456 1036 1488 omnibus
1061 1463 1093 1490 et
1134 1465 1284 1487 concessa
1302 1460 1375 1486 sunt
1392 1465 1456 1486 non
1475 1456 1618 1494 obstare3
1635 1455 1750 1497 quibus
1769 1455 1871 1487 omni-

351 1517 409 1549 per
433 1507 542 1539 omnia
565 1507 756 1550 plenissime
782 1508 969 1551 sull‘ragari,
995 1514 1027 1542 et
1051 1510 1090 1541 ab
1134 1508 1192 1539 bus
1217 1512 1247 1539 et
1265 1507 1412 1549 singulis,
1432 1507 1556 1540 etiamsi
1578 1518 1638 1551 pro
1656 1508 1789 1541 illorum
1805 1509 1871 1540 sus-

350 1559 414 1592 illis
432 1560 607 1602 respective
626 1560 858 1593 inviolabiliter
875 1567 906 1594 et
923 1561 1092 1595 inconcus·
1134 1559 1263 1592 ficiente
1289 1559 1501 1602 derogatione
1538 1561 1576 1593 de
1602 1561 1665 1593 illis
1691 1572 1869 1604 eorumque

351 1623 383 1645 se
401 1613 577 1652 observari,
598 1613 707 1655 sicque
724 1619 756 1645 et
772 1624 835 1646 non
853 1613 931 1646 alias
949 1615 981 1646 in
999 1626 1091 1657 prae-
1135 1612 1207 1645 totis
1235 1612 1402 1645 tenoribus
1427 1612 1585 1655 specialis,
1608 1613 1760 1656 specifica
1777 1619 1808 1646 et
1827 1614 1870 1646 in-

350 1665 455 1698 missis
481 1675 539 1708 per
564 1676 784 1708 quoscumque
809 1666 932 1699 iudices
962 1667 1092 1700 ordina-
1111 1676 1113 1716 ξ
1133 1665 1263 1697 dividua
1284 1665 1417 1704 mentio,
1437 1676 1493 1697 seu
1512 1666 1642 1708 quaevis
1659 1666 1722 1699 alia
1740 1677 1870 1710 expres-

351 1718 417 1751 rios
436 1724 467 1750 et
488 1718 667 1760 delegatos,
686 1719 780 1751 etiam
796 1730 963 1753 causarum
980 1721 1090 1764 palatii
1133 1718 1180 1750 sio
1195 1719 1233 1751 ad
1253 1718 1283 1750 id
1301 1719 1458 1751 servanda
1475 1719 1565 1759 soret,
1578 1719 1707 1752 illorum
1726 1720 1868 1752 onmium

350 1770 517 1813 apostolici
543 1771 718 1811 auditores,
745 1782 780 1803 ac
805 1771 835 1804 S.
856 1772 892 1804 R.
913 1773 946 1805 E.
966 1774 1091 1816 praesa·
1111 1790 1112 1797 ι
1133 1776 1164 1803 et
1189 1771 1392 1813 singulorum
1419 1778 1567 1812 tenores,
1595 1773 1726 1812 Formas,
1754 1783 1867 1805 causas

350 1828 399 1855 tae
425 1823 615 1862 cardinales,
642 1824 738 1856 etiam
764 1825 802 1856 de
828 1826 929 1857 latere
955 1826 1088 1868 legatos,
1133 1829 1164 1856 et
1195 1824 1384 1857 occasiones
1421 1825 1649 1868 praesentibus
1673 1835 1734 1868 pro
1771 1826 1867 1868 plene

349 1881 379 1909 et
410 1876 489 1909 alios
514 1877 678 1919 quoslibet
703 1888 903 1921 quacumque
935 1879 1091 1922 praeemi-
1133 1882 1162 1909 et
1188 1876 1386 1909 sufficienter
1411 1878 1571 1920 expressis
1593 1888 1629 1909 ac
1648 1878 1784 1917 insertis,
1804 1889 1869 1910 ser-

349 1929 461 1961 nentia
477 1934 508 1961 et
526 1934 688 1971 potestate
715 1930 886 1972 fungentes
913 1937 944 1963 et
968 1932 1091 1965 fnnctu-
1133 1929 1209 1961 vatis
1230 1933 1263 1961 et
1282 1929 1474 1972 specitieatis
1498 1931 1677 1974 respective
1698 1932 1866 1971 babentes,

348 1992 413 2021 ros,
441 1982 565 2014 sublata
591 1982 636 2014 eis
662 1987 694 2013 et
719 1993 833 2015 eorum
855 1983 987 2016 cuilibet
1012 1996 1090 2028 qua·
1133 1983 1196 2014 illis
1232 1983 1310 2015 alifis
1345 1982 1377 2014 in
1407 1993 1463 2015 suo
1495 1984 1612 2016 robore
1637 1985 1867 2027 permansuris,

348 2035 393 2066 vis
418 2035 512 2067 aliter
537 2034 699 2067 iudicandi
725 2040 756 2067 et
779 2036 1019 2078 interpretandi
1051 2038 1090 2070 sa-
1133 2036 1191 2067 bac
1212 2035 1279 2068 vice
1298 2036 1468 2076 dumtaxat,
1488 2037 1526 2069 ad
1551 2037 1807 2080 praemissorum
1828 2038 1867 2069 es-

349 2088 465 2120 cultate
491 2093 522 2120 et
542 2087 746 2128 auctoritate,
774 2088 907 2121 iudicari
926 2095 957 2122 et
982 2090 1090 2123 defini·
1132 2090 1259 2128 sectum,
1284 2089 1469 2131 plenissime
1496 2095 1527 2122 et
1544 2090 1754 2133 amplissime,
1777 2096 1866 2122 motu

349 2141 375 2172 ri
402 2142 538 2181 debere,
558 2152 593 2173 ae
612 2141 738 2173 irritum
763 2146 794 2173 et
827 2142 919 2175 inane
945 2143 970 2175 si
995 2154 1088 2177 secus
1110 2151 1111 2157 ¹
1132 2142 1210 2183 pari,
1226 2141 1416 2183 derogamus
1435 2147 1467 2174 et
1483 2142 1673 2185 derogatum
1692 2153 1763 2175 esse
1781 2144 1868 2175 volu-

348 2204 445 2237 super
469 2194 518 2225 liis
544 2205 560 2225 a
581 2204 752 2236 quoquam,
784 2195 894 2237 quavis
919 2197 1089 2229 auctorita·
1132 2206 1221 2234 mus,
1249 2194 1431 2238 ceterisque
1457 2196 1625 2229 contrariis
1658 2196 1866 2240 quibuscum-

349 2253 391 2286 te,
411 2247 549 2279 scienter
566 2247 613 2278 vel
632 2247 830 2288 ignoranter,
853 2248 1027 2291 contigerit
1043 2255 1088 2282 at-
1108 2244 1110 2277 2¹
1131 2259 1205 2291 que.

352 2299 480 2332 tentari.
1173 2302 1187 2344 ἓ
1218 2301 1249 2333 6.
1282 2301 1436 2334 Volumus
1471 2308 1578 2335 autem
1611 2308 1646 2335 ut
1677 2304 1864 2336 earumdem

395 2354 409 2395 ξ
434 2353 462 2385 5.
489 2352 558 2385 Non
584 2353 786 2386 obstantibus
815 2354 885 2396 piae
911 2356 1087 2389 memoriae
1108 2362 1109 2376 ³
1130 2354 1349 2397 praesentium
1371 2355 1552 2389 litterarum
1572 2357 1790 2400 transumptis,
1809 2368 1865 2390 seu

352 2405 440 2438 Pauli
462 2405 485 2437 ll
511 2410 542 2438 et
567 2405 702 2437 alioruin
722 2406 941 2440 Romanorum
958 2408 1087 2440 Pontin—
1130 2407 1298 2450 exemplis,
1316 2408 1411 2440 etiam
1430 2409 1608 2452 impressis,
1622 2420 1718 2442 manu
1733 2410 1865 2443 alicuius

351 2470 422 2490 cum
444 2458 732 2501 praedecessorum
757 2459 881 2501 pariter
901 2466 1086 2493 nostrorum
1130 2459 1246 2492 notarii
1260 2459 1382 2503 publici
1400 2462 1601 2505 subscriptis,
1619 2467 1650 2495 et
1668 2462 1777 2504 sigillo
1794 2474 1867 2505 per-

350 2512 388 2544 de
417 2511 513 2544 rebus
538 2511 698 2543 Ecclesiae
723 2522 789 2544 non
814 2512 1011 2553 alienandis,
1038 2525 1085 2554 ac,
1129 2523 1228 2545 sonae
1252 2513 1286 2545 in
1312 2514 1531 2547 ecclesiastica
1563 2515 1718 2557 dignitate
1749 2516 1867 2548 consti-

350 2570 509 2608 quatenus
527 2574 609 2607 opus
627 2565 675 2603 sit,
695 2567 808 2597 nostra
826 2571 858 2598 et
874 2567 1086 2600 cancellariae
1130 2571 1215 2599 tutae
1240 2567 1383 2607 munitis,
1409 2568 1521 2601 eadem
1546 2579 1677 2612 prorsus
1702 2569 1781 2601 fides
1804 2575 1865 2601 tam

350 2617 545 2661 apostelicae
572 2618 683 2659 regula
708 2617 746 2650 de
771 2618 838 2651 iure
858 2620 1005 2661 quaesito
1023 2630 1086 2652 non
1130 2620 1159 2651 in
1186 2620 1306 2653 iudicio
1332 2632 1426 2663 quam
1446 2627 1534 2654 extra
1563 2622 1640 2654 illud
1659 2621 1861 2660 adhibeatur,

1911 2313 2061 2339 Tmmumpio-

1877 2345 1920 2360 rum
1937 2340 1996 2360 tide».
