2279 3260
256 258 297 283 An
326 257 352 282 c..
374 257 441 284 1670
486 248 526 282 80

448 306 555 339 missis
579 318 639 350 per
664 319 885 352 quoscumque
911 310 1034 342 iudices
1059 310 1187 342 ordina-

448 358 515 392 rios
541 365 573 394 et
593 361 771 404 delegatos,
792 362 888 396 etiam
915 373 1082 395 causarum
1100 362 1186 404 pala-

449 410 482 444 tii
508 414 679 455 apostolici
705 415 881 453 auditores,
906 413 1041 447 iudicari
1059 418 1090 446 ct
1108 413 1186 445 defi-

448 462 510 496 niri
547 465 684 506 debere,
723 477 759 499 ac
797 466 923 499 irritum
959 470 990 498 et
1026 465 1121 497 inane
1158 465 1183 497 si

448 526 541 549 secus
566 528 663 560 super
688 518 738 551 his
762 529 779 554 a
800 528 973 561 quoquam,
997 516 1108 560 quavis
1132 528 1186 549 au-

449 568 607 608 ctoritate,
624 570 764 604 scienter
789 571 836 602 vel
862 570 1063 612 ignoranter,
1083 568 1186 602 conti-

450 621 533 663 gerit
556 622 718 655 attentari.

493 673 508 715 ἓ
532 673 563 706 5.
591 673 660 706 Non
686 674 890 706 obstantibus
926 673 1185 706 costitutionibus

449 730 481 758 et
505 725 764 758 ordinationibus
784 726 983 769 apostoIIcis,
1004 726 1184 768 ceterisque

449 778 618 811 contrariis
645 778 913 821 quibuscumque.

491 830 505 872 ς’
526 829 557 862 6.
578 830 729 863 Volumus
748 836 854 863 autem
882 836 914 863 ut
933 831 1075 874 ipsarum
1093 841 1186 874 prae-

280 686 437 707 Contrariorum

253 711 331 735 deroga
337 715 373 732 tto.

287 841 436 868 Trana-impio-

252 874 297 888 rum
313 868 372 889 aeos.

447 935 573 977 emptis,
591 935 688 968 etiam
713 935 891 979 impressis,
923 946 1020 969 manu
1049 936 1184 969 alicuius

446 988 562 1021 notarii
581 989 704 1032 publici
722 989 922 1032 subscriptis,
942 994 974 1022 et
991 990 1099 1032 sigillo
1117 999 1184 1032 per-

445 1051 542 1074 sonae
568 1042 599 1075 in
625 1042 841 1076 ecclesiastica
877 1042 1034 1085 dignitate
1065 1042 1184 1075 consti-

447 1098 533 1129 tutae
558 1095 712 1135 munitis,
738 1095 852 1128 eadem
889 1105 1021 1138 prorsus
1047 1095 1126 1128 fides
1151 1096 1183 1128 in

444 1146 562 1180 iudicio
587 1153 619 1180 et
643 1153 732 1180 extra
757 1148 837 1181 illud
875 1148 1057 1189 habeatur,
1099 1159 1181 1191 quac
1203 1170 1205 1181 1

445 1198 620 1232 haberetur
645 1199 721 1242 ipsis
755 1200 977 1242 praesentibus
1012 1200 1039 1232 si
1077 1201 1184 1234 forent

443 1251 606 1284 exhibitae
626 1252 674 1284 vel
700 1256 859 1284 ostensae.

487 1304 599 1337 Datum
626 1304 764 1343 Romae,
796 1305 880 1347 apud
907 1305 937 1337 S.
965 1304 1093 1338 Mariam
1121 1305 1182 1338 Ma-

443 1356 555 1397 iorem,
587 1358 645 1390 sub
676 1358 797 1390 annulo
824 1358 1004 1397 piscatoris,
1043 1358 1093 1391 die
1130 1369 1180 1391 xiv

442 1410 570 1452 augusti
596 1420 734 1450 nnetxx,
763 1410 970 1453 pontificatus
993 1411 1095 1443 nostri
1127 1421 1182 1443 an-

442 1471 484 1495 no
509 1472 531 1495 1.

475 1522 533 1550 Dat.
552 1523 596 1550 die
614 1524 646 1550 14
661 1525 768 1559 augusti
788 1524 864 1557 1670,
881 1524 980 1559 pontif.
997 1532 1069 1552 anno
1084 1531 1102 1551 1.

756 1663 863 1697 XXIII.

438 1742 612 1777 Indultum
630 1743 668 1776 de
686 1743 785 1775 missa
802 1747 831 1776 et
847 1743 948 1786 officio
966 1743 1001 1776 in
1022 1744 1174 1785 Ροὶοηία,

482 1795 667 1829 Lilhuania
691 1800 719 1828 el
744 1796 826 1828 alibi
850 1806 870 1828 a
892 1797 1044 1839 patribus
1074 1798 1177 1831 Socie-

484 1849 560 1881 tutis
586 1849 659 1881 Iesu
683 1853 711 1881 et
736 1849 822 1887 aliis,
851 1850 886 1881 in
915 1849 1069 1882 honorem
1093 1851 1179 1883 beati

481 1901 643 1934 Slum'slaz'
666 1901 808 1934 Koslkae
839 1902 892 1934 die
915 1913 974 1936 xm
998 1903 1177 1936 novembris

481 1954 670 1987 recitandis.

670 2033 802 2060 clemens
820 2033 898 2068 Papa
911 2035 945 2066 X,

555 2079 592 2105 ad
611 2081 787 2111 perpetuam
807 2079 852 2106 rei
872 2080 1054 2107 memoriam.

480 2147 515 2180 In
540 2147 742 2191 apostolicae
768 2148 935 2190 dignitatis
961 2150 1107 2192 fastigio,
1135 2151 1174 2184 ad

436 2201 525 2244 quod
542 2200 714 2234 ineffabilis
732 2201 858 2235 divinae
871 2203 1063 2236 clementiae
1078 2204 1175 2236 abun·

436 2254 546 2288 dantia
570 2254 786 2290 humilitatem
804 2260 949 2288 nostram
971 2257 1060 2289 nullo
1079 2258 1174 2290 meri-

435 2312 542 2341 torum
566 2312 755 2343 nostrorum
779 2307 931 2350 suffragio
961 2309 1101 2342 evehere
1127 2310 1173 2342 di-

433 2366 530 2402 gnata
547 2364 613 2400 est,
632 2362 828 2403 pastoralem
846 2361 1100 2395 sollicitudinem
1116 2363 1172 2395 Ec-

434 2413 552 2450 clesiae
577 2412 757 2448 catholicae
789 2413 886 2449 nobis
918 2415 1058 2447 creditae
1083 2416 1172 2448 omni

432 2466 560 2506 studio,
588 2470 743 2509 quantum
774 2466 868 2499 nobis
900 2477 937 2499 ex
965 2468 1030 2500 alto
1055 2478 1171 2501 conce-

434 2519 533 2558 ditur,
560 2524 810 2561 repraesentare
830 2519 948 2561 ingiter
973 2525 1169 2563 satagentes,

432 2573 487 2616 pia
507 2570 659 2611 fidelium,
674 2571 867 2614 praesertim
883 2572 1069 2605 sublimium
1083 2574 1171 2617 prin-

434 2624 543 2672 cipum
562 2623 739 2668 praeclaris
767 2623 800 2656 in
827 2624 1003 2657 Ecclesiam
1024 2625 1080 2658 Dei
1102 2637 1170 2660 me-

267 2157 390 2178 Exordium.

1035 262 1212 286 Bruttium
1237 263 1387 288 ntristttx‘tlit

447 882 588 915 sentium
614 883 795 916 litterarum
815 883 1038 927 transumptis,
1056 894 1112 916 seu
1132 895 1185 917 ex-
1204 906 1205 909 =

1975 265 2023 292 An.
2043 266 2060 290 C
2092 267 2158 293 ¹070

1228 310 1297 342 ritis
1324 311 1535 353 fulgentium,
1563 318 1593 345 et
1627 314 1854 355 religiosorum
1881 314 1966 348 viro-

1228 372 1298 395 rum
1323 364 1474 406 propriae
1501 364 1691 408 alienaeque
1709 366 1802 399 saluti
1825 366 1964 399 laudabi-

1227 414 1301 446 liter
1324 415 1579 450 incumbentium
1605 423 1688 458 vota,
1715 419 1754 451 ad
1781 419 1965 461 augendam

1227 466 1258 498 in
1285 468 1378 500 terris
1404 469 1573 502 beatorum
1592 469 1624 502 in
1641 471 1739 503 caelis
1759 471 1966 513 regnantium

1229 519 1471 553 venerationem
1498 522 1676 563 tendentia,
1704 522 1844 555 libenter
1869 534 1966 555 exau-

1228 571 1340 611 dimus,
1378 572 1462 604 sicut
1496 573 1535 606 ad
1572 574 1804 617 omnipotentis
1842 575 1899 608 Dei
1936 580 1968 608 et

1228 623 1329 656 Patris
1354 624 1482 657 Domini
1507 626 1611 659 nostri
1637 626 1707 660 Iesu
1731 627 1875 668 Christi,
1909 628 1965 671 qui

1228 676 1347 709 electos
1373 687 1449 709 suos
1475 677 1645 711 devotione
1663 689 1761 722 supra
1777 684 1917 712 aetatem
1935 684 1969 712 et

1229 728 1342 761 virtute
1367 739 1464 772 supra
1487 734 1633 763 naturam
1655 731 1792 772 instruit,
1817 732 1965 774 gloriam,

1227 785 1422 824 sanctaeque
1448 781 1609 815 Ecclesiae
1631 783 1738 823 decus,
1761 788 1794 816 et
1817 784 1967 827 spiritua-

1226 834 1289 866 lem
1320 833 1464 866 fidelium
1499 834 1758 868 aedificationem
1790 836 1966 869 salubriter

1226 886 1379 930 expedire
1403 887 1435 919 in
1461 886 1596 920 Domino
1621 887 1829 921 arbitramur.

1269 939 1283 982 ἓ
1310 938 1340 971 02.
1375 939 1484 982 Itaque
1516 939 1659 981 gloriosa
1690 940 1777 972 beati
1810 940 1963 974 Stanislai
2001 952 2158 982 inanimum.

1225 991 1362 1024 Kostkae
1381 991 1494 1024 Poloni
1516 991 1683 1024 Societatis
1697 992 1766 1025 Iesu
1780 992 1896 1025 merita
1911 982 1997 1026 de-'¹l
2012 985 2031 999 '¹³
2045 980 2137 1000 mm*

1226 1046 1296 1076 vota
1319 1043 1578 1076 consideratione
1595 1054 1779 1087 magnoque
1800 1055 1873 1077 cum
1898 1045 1965 1088 spi-

1226 1096 1334 1129 rituali
1358 1095 1457 1129 animi
1481 1096 1585 1128 nostri
1611 1097 1729 1138 gaudio
1755 1097 1939 1130 recolentes
1954 1124 1962 1138 ,

1225 1159 1261 1180 ac
1286 1148 1347 1191 piis
1373 1147 1540 1191 enixisque
1578 1148 1736 1180 carissimi
1768 1149 1800 1181 in
1833 1148 1963 1183 Christo

1225 1200 1282 1234 filii
1308 1200 1410 1234 nostri
1435 1200 1602 1233 Michaelis
1626 1200 1780 1234 Poloniae
1806 1201 1892 1244 regis
1926 1202 1965 1234 il-

1225 1253 1334 1286 lustris
1360 1258 1392 1286 et
1416 1252 1609 1285 dilectorum
1626 1253 1768 1286 filiorum
1784 1254 1964 1296 praepositi

1224 1305 1388 1347 generalis
1415 1309 1446 1336 ct
1477 1305 1744 1347 presbyterorum
1778 1305 1882 1338 dietae
1907 1305 1965 1339 So-

1225 1357 1348 1390 cietatis
1376 1356 1531 1400 precibus
1562 1357 1658 1390 nobis
1691 1357 1859 1391 humiliter
1892 1369 1966 1401 por-

1223 1409 1318 1442 rectis
1355 1409 1566 1442 l'avorabilem
1605 1420 1771 1442 assensum
1803 1410 1964 1453 praebere

1223 1462 1403 1505 cupientes,
1429 1462 1636 1505 ipsorumque
1661 1462 1842 1506 praepositi
1867 1473 1965 1506 gene-

1220 1514 1299 1548 ralis
1325 1520 1357 1548 et
1380 1516 1648 1559 presbyterorum
1679 1515 1858 1558 singulares
1887 1526 1963 1559 per-

1219 1578 1318 1613 sonas
1344 1578 1361 1600 a
1387 1567 1556 1611 quibusvis
1591 1568 1960 1610 excommunicationis,

1220 1619 1444 1664 'suspensionis
1468 1625 1500 1652 et
1524 1620 1709 1660 interdicti,
1743 1620 1878 1664 aliisque
1911 1632 1963 1654 ec-

1220 1672 1410 1706 clesiasticis
1424 1672 1606 1712 sententiis,
1622 1672 1766 1705 censuris
1783 1678 1816 1705 et
1835 1673 1960 1716 poenis,

1220 1736 1238 1758 a
1263 1725 1332 1758 iure
1355 1725 1405 1757 vel
1423 1724 1462 1757 ab
1491 1725 1632 1765 homine,
1653 1725 1763 1768 quavis
1788 1725 1961 1759 occasione

1220 1779 1270 1811 vel
1295 1779 1390 1810 causa
1414 1777 1497 1817 latis,
1522 1777 1547 1809 si
1573 1778 1690 1821 quibus
1716 1778 1963 1821 quomodolibet

1220 1831 1393 1864 innodatae
1418 1830 1580 1872 existunt,
1613 1831 1652 1863 ad
1681 1829 1831 1864 effectum
1863 1842 1961 1875 prae-

1219 1884 1360 1918 sentium
1371 1884 1534 1917 dumtaxat
1547 1884 1822 1927 consequendum,
1843 1884 1961 1917 harum

1218 1937 1301 1970 serie
1325 1937 1534 1969 absolventes
1560 1941 1592 1969 et
1609 1936 1775 1969 absolutas
1796 1937 1865 1969 sore
1883 1947 1959 1969 cen-

1218 1995 1338 2030 sentes,
1359 1990 1397 2022 de
1421 1989 1657 2022 venerabilium
1675 1989 1809 2021 fratrum
1826 1995 1959 2023 nostro-

1218 2053 1288 2075 rum
1313 2043 1344 2076 S.
1372 2042 1410 2075 R.
1444 2042 1480 2074 E.
1510 2041 1723 2074 cardinalium
1755 2042 1855 2074 sacris
1889 2042 1959 2074 riti-

1217 2096 1276 2129 bus
1293 2095 1557 2139 praepositorum
1581 2094 1733 2135 consilio,
1755 2100 1790 2127 ut
1811 2095 1850 2128 de
1870 2095 1957 2129 dicto

1216 2149 1311 2181 beato
1325 2147 1486 2180 Stanislao
1500 2147 1620 2179 Kostka
1634 2147 1811 2190 quotannis
1834 2147 1885 2180 die
1897 2158 1957 2181 x111

1216 2201 1401 2234 novembris
1433 2201 1464 2232 in
1490 2200 1640 2232 universo
1667 2210 1768 2243 regno
1800 2201 1956 2235 Poloniae

1217 2262 1249 2288 ct
1265 2265 1383 2297 magno
1403 2255 1520 2287 ducatu
1548 2253 1747 2293 Litlitianiac,
1767 2265 1897 2287 necnon
1922 2255 1956 2288 in

1215 2308 1248 2340 in
1273 2306 1413 2340 ecclesia
1437 2306 1467 2338 S.
1496 2306 1644 2338 Andreae
1671 2306 1704 2338 in
1730 2306 1835 2339 Monte
1852 2306 1955 2345 Quiri-

1215 2361 1280 2393 nali
1302 2360 1398 2392 huius
1416 2360 1517 2392 almae
1536 2359 1629 2391 Urbis
1647 2365 1777 2392 nostrae
1795 2361 1850 2393 ubi
1871 2361 1954 2394 cius-

1215 2415 1288 2447 dem
1312 2413 1398 2446 beati
1429 2412 1576 2446 Stanislai
1601 2424 1719 2456 corpus
1751 2414 1951 2457 requiescit,

1214 2478 1251 2500 ac
1275 2466 1425 2500 omnibus
1451 2471 1482 2499 et
1507 2466 1644 2508 singulis
1672 2467 1819 2499 ecclesiis
1849 2467 1952 2501 dictae

1213 2520 1381 2554 Societatis
1405 2519 1486 2560 Iesu,
1511 2519 1607 2552 missa
1632 2520 1727 2552 etiam
1751 2532 1767 2552 a
1784 2521 1952 2554 sacerdoti-

1213 2575 1273 2607 bus
1290 2585 1328 2607 eo
1354 2574 1405 2608 die
1431 2575 1470 2607 ad
1492 2574 1646 2607 ccclesias
1665 2575 1847 2607 huiusmodi
1873 2586 1952 2608 con-

1212 2627 1386 2661 fluentibus
1413 2633 1444 2661 et
1461 2640 1478 2660 a
1495 2628 1657 2672 religiosis
1679 2629 1824 2662 eiusdem
1843 2628 1952 2665 Socie-
