2279 3260
228 254 277 280 Αῐι.
298 252 328 280 C.
347 252 408 279 ¹671

252 1204 347 1224 metm-,t
359 1207 379 1224 u!
391 1205 410 1224 in

228 1235 321 1251 rubrica.

258 2360 341 2381 minam
355 2361 374 2380 vt
384 2359 413 2380 es·

231 2388 299 2407 fictum
310 2388 413 2407 cuum-«tit.

459 243 523 277 158

463 302 478 344 ἓ
496 301 526 334 ⁶2.
546 302 608 334 Nos
623 313 707 341 vero,
723 303 907 336 eorumdem
924 303 1152 346 exponentium

420 353 584 388 desiderio
611 358 743 398 paterna
769 356 939 389 clenentia
964 361 1153 393 annuentes,

420 407 678 440 commissionem
706 419 821 441 causae
852 408 1032 441 huiusmodi
1060 418 1153 440 manu

419 512 551 544 culiaris
577 523 747 555 processus
766 513 796 544 in
822 512 908 544 curia
934 513 1065 544 servatis
1091 522 1155 543 scr-

419 565 531 597 vandis
558 565 728 596 fabricatus
752 565 857 603 suerit,
875 575 977 607 eoque
1003 574 1060 607 per
1078 563 1155 596 dile-

420 622 506 649 ctum
531 616 630 649 silium
658 622 803 649 nostrum
831 617 861 648 in
886 616 970 649 Urbe
992 615 1154 659 praedicta

414 667 574 701 ‘vicarium
600 669 631 701 in
657 670 876 712 spiritualibus
902 670 1085 711 generalem
1107 679 1154 701 re-

421 720 572 763 cognito¹
599 722 793 753 emanaverit
828 721 866 753 ab
898 721 1010 753 codem
1035 720 1153 753 vicario

421 773 579 806 sententia
605 785 703 816 super
719 785 790 806 casu
809 779 956 817 excepto,
976 784 1011 806 ac
1036 774 1152 807 deindev

423 827 582 869 praedicta
607 826 818 859 cardinalium
853 826 1086 869 congregatio,
1120 836 1153 858 re

421 879 539 911 acriter
569 884 600 911 et
625 884 746 910 mature
773 879 935 917 discussa,
961 879 1152 912 sententiam

421 931 604 964 huiusmodi
644 931 898 972 confirmaverit,
925 943 958 964 ac
995 932 1033 964 de
1066 933 1151 964 cultu

420 983 666 1016 immemorabili
699 984 801 1016 dictae
832 985 943 1016 bealae
977 984 1151 1017 Ludovicae

420 1041 451 1068 et
476 1046 549 1068 casu
567 1041 699 1079 excepto
720 1047 737 1068 a
762 1037 899 1068 decretis
926 1036 1027 1069 felicis
1047 1047 1149 1069 recor-

422 1089 560 1121 dationis
584 1088 703 1121 Urbani
724 1090 826 1132 Papae
843 1090 905 1121 Vlll
927 1090 1150 1132 praedecesso-

423 1141 465 1173 ris
492 1142 592 1174 nostri
617 1148 765 1174 constare
791 1143 1018 1175 declaraverit:

465 1194 529 1237 §.⁶31
547 1195 626 1227 Hinc
645 1195 795 1237 estquod
816 1206 886 1234 nos,
907 1194 966 1237 piis
985 1195 1152 1237 euixisque

421 1252 550 1280 senatus
579 1253 609 1280 et
641 1248 752 1290 populi
785 1247 1020 1290 praedictorum
1050 1247 1152 1290 preci-

422 1301 479 1332 bus
494 1300 698 1332 favorabilem
716 1310 890 1339 assensum,
911 1306 1063 1342 quantum
1082 1312 1152 1333 cum

423 1353 555 1385 Domino
580 1363 761 1396 possumus,
791 1353 948 1395 praebere
977 1354 1151 1396 cupientes,

422 1411 453 1437 et
477 1415 587 1438 eorum
613 1406 792 1447 singulares
818 1416 974 1447 personas
993 1417 1009 1438 a
1028 1406 1154 1448 quibus-

422 1458 467 1490 vis
493 1457 849 1497 excommunicationis,
876 1458 1098 1500 suspen-:ionis
1124 1464 1153 1490 et

421 1510 596 1549 interdicti,
624 1510 759 1552 aliisque
782 1511 1003 1542 ecclesiasticis
1028 1516 1154 1543 senten-

421 1562 473 1595 tiis
489 1589 496 1602 ,
523 1562 666 1594 censuris
691 1568 723 1594 et
746 1562 882 1604 poenis,
907 1573 923 1594 a
949 1562 1015 1594 iure
1042 1564 1089 1594 vel
1115 1564 1153 1595 ab

421 1614 565 1654 bomine,
584 1614 695 1657 quavis
710 1615 878 1646 occasione
896 1616 942 1647 vel
958 1617 1054 1647 causa
1071 1616 1152 1655 latis,

420 1668 444 1699 si
471 1667 588 1710 quibus
618 1667 862 1709 quomodolibet
892 1667 1064 1700 innodatae
1091 1669 1155 1701 exi-

420 1725 517 1759 stunt,
534 1720 571 1752 ad
590 1719 736 1752 effectum
758 1720 976 1763 praesentium
995 1721 1156 1754 dumtaxat

420 1773 693 1815 consequendum,
710 1773 822 1804 harum
848 1773 928 1805 serie
953 1774 1155 1807 absolventes

421 1830 453 1858 et
476 1825 638 1858 absolutas
665 1826 733 1858 sore
756 1832 938 1865 censentes,
964 1827 1156 1860 declaratio-

420 1888 495 1910 nem
513 1889 530 1910 a
546 1881 723 1910 memorata
747 1878 958 1910 cardinalium
978 1889 1156 1922 congrega-

421 1931 509 1964 tione
536 1932 647 1963 factam
665 1937 697 1962 ut
716 1932 908 1973 praesertur,
929 1933 1014 1974 quod
1033 1933 1156 1965 scilicet

422 1985 461 2017 de
481 1985 565 2016 cultu
585 1984 834 2016 immemorabili
853 1985 941 2017 dicae
959 1985 1070 2018 beatae
1096 1986 1155 2018 Lu-

422 2036 551 2069 dovicae
573 2041 604 2068 et
627 2046 700 2068 casu
719 2042 852 2078 excepto
870 2048 886 2068 a
904 2037 1043 2070 decretis
1062 2049 1155 2081 prac-

423 2089 497 2121 dicti
516 2088 632 2121 Urbani
651 2089 908 2131 praedecessoris
926 2096 1058 2129 constet,
1078 2102 1155 2133 apo-

423 2141 536 2173 stolica
560 2141 767 2178 auctoritate,
792 2147 902 2173 tenore
928 2143 1154 2184 praesentium,

423 2193 648 2226 confirmamus
675 2199 706 2225 ct
730 2195 956 2236 approbamus,
974 2195 1084 2238 illique
1109 2197 1157 2228 in-

423 2246 583 2279 violabilis
600 2246 773 2289 apstolicae
792 2247 947 2279 firmitatis
964 2249 1062 2280 robur
1079 2250 1157 2281 adii-

423 2300 535 2332 cimus.

468 2353 482 2395 ἓ
510 2353 536 2384 κἰ.
566 2353 735 2385 Praeterea
752 2358 786 2385 ut
804 2353 842 2385 de
861 2353 973 2385 eadem
992 2354 1082 2387 beata
1101 2355 1159 2387 Lu-

426 2406 536 2438 (lovica
570 2407 741 2448 quotannis
774 2405 824 2437 die
863 2416 932 2437 xxm
967 2406 1099 2439 ianuarii
1126 2408 1158 2440 in

425 2458 593 2501 pravdicta
619 2458 756 2490 ecclesia
773 2459 804 2491 S.
826 2458 983 2490 Francisci
1010 2460 1048 2492 de
1075 2460 1157 2493 Urbe

426 2512 564 2544 otlicium
589 2510 716 2543 recitari
745 2516 776 2543 et
793 2511 890 2543 missa
908 2511 1002 2544 ctiam
1021 2523 1036 2544 a
1054 2524 1159 2545 sacor-

464 2582 471 2606 l
494 2580 612 2607 Pessime
627 2580 690 2606 edit.
708 2580 785 2607 Main.
802 2581 864 2616 legit
880 2582 1037 2616 rccoynilio
1054 2591 1100 2617 pro
1117 2592 1160 2611 re-

427 2626 539 2661 coqnim
557 2627 591 2661 (a.
606 2626 656 2661 r).

997 255 1174 280 Butuntum
1191 255 1349 281 ROMANUM

1934 252 1983 282 Ᾰιι.
2005 256 2035 284 C.
2054 252 2119 283 ¹671

1197 304 1324 337 dotibus
1350 315 1388 337 eo
1407 304 1457 337 die
1483 305 1521 337 ad
1547 305 1715 338 ecclesiam
1741 303 1928 338 huiusmodi

1196 357 1431 390 confluentibus
1452 359 1608 391 celebrari
1627 359 1665 391 de
1684 357 1845 391 communi
1871 365 1930 389 nec

1175 444 1177 451 Ι
1199 409 1359 451 Virginum
1378 421 1438 442 nec
1464 411 1647 454 Martyrum,
1674 411 1758 443 iuxta
1785 410 1930 443 rubricas

421 462 530 493 nostra
555 460 798 502 signaverimus,
816 467 847 493 et
864 461 894 493 in
921 460 1004 493 illius
1021 460 1082 492 vim
1100 471 1155 503 pe-
1174 468 1176 478 ¹

1196 462 1345 494 breviarii
1379 467 1410 495 et
1434 462 1572 496 missalis
1598 463 1742 503 romani,
1771 463 1874 496 libere
1899 467 1930 495 et

1197 513 1283 545 licite
1309 514 1433 556 possint
1457 520 1488 547 et
1511 516 1658 555 valeant,
1685 516 1873 548 auctoritate
1898 520 1929 548 et

1196 571 1308 597 tenore
1334 566 1516 608 praedictis,
1543 572 1699 610 perpetuo
1724 567 1928 600 concedimus

1196 622 1226 649 et
1250 617 1465 659 indulgemus.

1239 670 1253 711 ἓ
1277 670 1307 702 5.
1331 670 1399 703 Non
1418 671 1623 704 obstantibus
1638 671 1927 705 constitutionibus

1196 727 1227 754 et
1241 722 1504 755 ordinationibus
1525 724 1729 766 apostolicis,
1751 724 1928 766 ceterisque

1195 773 1365 807 contrariis
1390 774 1658 818 quibuscumque.

1238 826 1307 869 56.
1346 826 1499 859 Volumus
1532 833 1640 860 autem
1671 833 1707 860 ut
1741 827 1928 860 earumdem
1971 840 2122 865 nan-ummo-

1195 879 1412 924 praesentium
1438 879 1616 913 litterarum
1636 880 1857 922 transumptis,
1874 889 1929 912 seu
1939 871 1983 885 ‘⁸¹¹¹
2000 865 2059 886 ⁵³⁰⁸

1195 931 1362 975 exemplis,
1377 932 1471 964 etiam
1487 932 1664 975 impressis,
1684 943 1780 964 manu
1797 932 1930 965 alicuius

1195 985 1312 1016 notarii
1350 985 1470 1027 publici
1507 985 1725 1028 subscriptis,
1759 991 1790 1017 et
1821 984 1930 1027 sigillo

1195 1047 1354 1079 personae
1372 1037 1405 1069 in
1424 1036 1643 1069 ecclesiastica
1668 1036 1825 1079 dignitate
1855 1046 1931 1069 con-

1195 1089 1324 1121 stitutae
1346 1089 1486 1129 munitis,
1506 1090 1619 1122 eadem
1642 1100 1775 1132 prorsus
1800 1089 1880 1122 fides
1897 1089 1929 1122 in

1196 1141 1314 1174 iudicio
1332 1147 1364 1174 et
1380 1148 1468 1174 extra
1485 1142 1563 1174 illud
1582 1142 1752 1182 habeatur,
1772 1152 1853 1186 quae
1874 1142 1931 1174 ha-

1196 1195 1326 1226 beretur
1340 1194 1418 1236 ipsis
1432 1194 1656 1237 praesentibus
1671 1194 1696 1226 si
1722 1194 1830 1226 forent
1846 1194 1931 1226 exhi-

1196 1247 1279 1280 bitae
1306 1248 1353 1280 vel
1373 1252 1533 1279 ostensae.

1239 1301 1349 1333 Datum
1376 1300 1516 1341 Romae,
1543 1301 1628 1343 apud
1654 1299 1685 1333 S.
1713 1300 1843 1333 Mariam
1868 1300 1932 1333 Ma-

1196 1353 1309 1393 iorem,
1329 1355 1388 1386 sub
1406 1355 1527 1387 annulo
1554 1354 1738 1394 piscatoris,
1765 1354 1816 1387 die
1833 1363 1931 1387 xxvm

1196 1406 1327 1439 ianuarii
1354 1416 1500 1447 nociixxi,
1516 1405 1720 1450 pontificatus
1749 1405 1851 1439 nostri
1877 1416 1932 1438 an-

1197 1469 1238 1491 no
1266 1469 1287 1491 1.

2010 683 2123 707 Dora-natio

1939 710 2100 730 contrat-lumin.

1233 1521 1288 1546 Dat.
1313 1521 1355 1546 die
1377 1521 1409 1546 ⁹28
1430 1520 1544 1548 ianuarii
1566 1521 1643 1554 1671,
1665 1521 1758 1555 pontif.
1777 1529 1846 1547 anno
1865 1526 1885 1547 1.

1542 1662 1589 1694 Ll.

1197 1740 1369 1774 Indullum
1395 1741 1433 1773 de
1457 1741 1646 1773 celebranda
1670 1742 1769 1773 ‘misssi
1786 1745 1815 1774 et
1831 1741 1934 1784 officio

1242 1795 1277 1826 in
1304 1794 1455 1826 honorem
1478 1793 1685 1826 Ferdimmdi
1703 1793 1763 1826 III
1775 1795 1859 1836 reyis
1877 1794 1935 1827 Ca-

1240 1846 1350 1879 stellae
1363 1850 1391 1879 et
1404 1847 1555 1889 Leqionis
1570 1856 1627 1889 per
1639 1856 1740 1889 νίψαι
1753 1846 1934 1888 Hispaniae

1241 1905 1269 1932 cl
1295 1909 1403 1931 omnes
1427 1900 1494 1931 vias
1519 1899 1668 1938 ditiones,
1695 1899 1745 1931 uti
1769 1903 1797 1931 et
1821 1900 1857 1930 in
1881 1909 1931 1931 ec-

1241 1953 1339 1985 clesici
1352 1953 1400 1985 Ss.
1421 1951 1527 1984 lacobi
1543 1956 1571 1984 el
1588 1952 1778 1994 llcleplzonsz·
1795 1952 1832 1984 de
1853 1952 1934 1984 Urbe

1241 2006 1384 2038 nationis
1396 2005 1631 2047 Hispanormn,
1648 2005 1700 2037 die
1715 2015 1772 2038 xxx
1788 2005 1866 2037 maii
1878 2004 1934 2037 sub

1242 2059 1309 2090 ritu
1329 2057 1454 2100 duplici
1479 2056 1670 2089 recitando'.

1419 2136 1550 2163 Clemens
1572 2137 1650 2170 Papa
1671 2137 1716 2169 lx,

1342 2181 1377 2208 ad
1397 2181 1528 2208 futuram
1547 2181 1591 2208 rei
1610 2181 1789 2208 memoriam.

1243 2250 1500 2283 Gloriosissiuzos
1519 2250 1663 2283 caelestis
1680 2251 1880 2284 Hierusalem
1896 2252 1935 2285 ci·
2003 2250 2114 2281 'nemum-

1200 2315 1265 2344 ves,
1283 2304 1356 2336 illos
1382 2303 1585 2346 pracsertim,
1609 2303 1660 2346 qui
1683 2304 1714 2335 in
1741 2304 1853 2337 diebus
1879 2315 1935 2348 pe—

1200 2355 1429 2398 regrinationis
1454 2367 1537 2395 suae,
1557 2356 1681 2388 tametsi
1700 2356 1731 2388 in
1749 2367 1856 2389 rerum
1876 2357 1935 2389 hu—
1955 2366 1958 2372 ’

1201 2419 1365 2441 manarum
1390 2408 1585 2440 sublimitate
1611 2409 1707 2451 positi
1733 2415 1849 2449 essent,
1869 2420 1935 2442 non

1202 2466 1374 2504 sperarunt
1398 2461 1427 2493 in
1455 2461 1579 2493 lubrico
1605 2461 1795 2501 divitiarum,
1818 2472 1878 2494 nec
1903 2462 1935 2495 in

1202 2513 1308 2555 regiae
1340 2514 1484 2556 potentia
1517 2513 1705 2556 diguitatis,
1731 2515 1786 2547 scd
1820 2517 1936 2558 magna

1240 2585 1248 2609 1
1272 2583 1367 2610 Simile
1388 2583 1520 2610 indultum
1542 2592 1588 2619 pro
1613 2584 1693 2611 beata
1718 2584 1851 2612 Ludovica
1875 2585 1936 2612 vide

1203 2628 1228 2654 in
1249 2627 1337 2655 Const.
1359 2628 1471 2663 praeced
1490 2649 1495 2660 ,
1517 2629 1627 2663 Agrum
1648 2629 1792 2656 Ecclesiae
1812 2630 1851 2666 (n.
1868 2630 1916 2665 T.).
