2279 3260
548 248 609 281 714
1096 253 1270 277 nrttitmrit
1298 252 1447 276 nomisma

500 311 614 343 Mariae
640 309 704 352 (B.)
731 308 770 341 de
796 308 900 341 Monte
925 307 1069 340 Carmelo
1094 305 1191 345 Ordo,
1220 304 1290 338 ride
1314 305 1400 339 Ordo
1424 305 1679 340 carmelitarum.

498 362 657 397 Marianna
693 361 917 406 Hispaniarum
948 359 1055 403 regina
1090 359 1245 393 catholica
1262 386 1269 400 ‚
1305 358 1370 391 164
1401 370 1436 400 α;
1466 360 1532 394 eius
1556 362 1717 405 praeclara
1742 361 1876 402 merita,
1902 360 1968 395 262
1992 371 2038 401 α;

587 414 653 449 395
676 415 693 447 b
709 426 716 455 ζ,

499 468 728 502 Maronitarum
756 466 925 510 collegium
951 466 981 498 in
1007 466 1099 501 Urbe,
1125 466 1194 498 ride
1218 465 1347 509 Collegii
1374 466 1580 508 Graecorum,
1603 473 1661 501 etc.
1703 487 1706 492 -

496 522 694 556 Matrimonia
721 522 751 554 in
777 519 929 563 gradibus
955 519 1140 562 prohibitis,
1167 519 1272 563 primo
1297 526 1447 563 excepto,
1476 526 1638 554 contracta
1665 521 1695 554 in
1721 521 1914 566 quibusdam
1940 521 2036 566 parti·

585 575 644 607 bus
670 573 848 607 infidelium
873 572 1064 612 validantur‚
1091 571 1152 605 447
1175 583 1193 605 α
1219 578 1250 606 et
1276 573 1302 605 b.

498 627 734 662 Matrimonium
772 626 961 659 contrahere
993 625 1168 659 volentium
1194 632 1295 659 status
1329 626 1410 659 liber
1434 627 1598 670 quomodo
1624 627 1904 672 comprobandus,
1931 626 1966 661 81
1998 628 2035 668 b;

586 680 755 713 instructio
782 679 916 712 retertur
941 689 999 723 pro
1024 678 1169 711 examine
1195 678 1323 712 testium
1349 679 1388 712 ad
1415 681 1475 713 hoc
1507 680 1788 721 adhibendorum,
1815 680 1856 715 82
1881 692 1901 714 α
1921 686 1951 715 et
1976 692 2035 725 seq.

497 734 673 768 Matthaeus
697 733 868 774 Orlandus,
897 732 986 776 prior
1010 731 1168 776 generalis
1189 731 1315 765 Ordinis
1341 732 1372 765 B.
1401 733 1516 767 Mariae
1540 735 1578 768 de
1605 734 1708 768 Monte
1732 734 1888 774 Carmelo,
1915 733 1975 767 ⁴37
1998 734 2035 774 b;

585 787 648 820 308
674 787 711 827 (13
736 786 795 819 401
827 786 856 819 b.

497 840 640 873 Matthias
665 840 703 873 de
728 839 872 873 Cardoua
897 839 1034 884 ricarius
1059 845 1087 872 et
1114 845 1302 883 procurator
1327 840 1484 884 generalis
1509 839 1635 874 Ordinis
1660 840 1692 874 B.
1711 840 1824 874 Mariae,
1848 840 2038 885 redemptio-

585 893 636 925 nis
659 893 866 937 captivorum.
892 891 955 925 ⁹286
981 904 1017 933 (23
1043 891 1106 925 578
1131 893 1168 937 bg,
1195 892 1259 925 508
1283 904 1312 926 a.

499 946 744 981 Mediolanensis
768 947 1049 990 archiepiscopus,
1074 945 1158 987 569;
1191 946 1230 979 ad
1268 946 1373 991 ipsum
1408 957 1558 980 recursus
1590 947 1727 980 habetur
1751 952 1862 981 contra
1887 952 2039 981 attentata

587 1000 728 1044 episcopi
754 999 939 1041 laudensis,
964 1000 1054 1040 ibid.;
1082 1001 1120 1033 ad
1145 1000 1249 1044 ipsum
1274 1006 1418 1045 spectare
1442 1001 1628 1035 decernitur
1652 999 1833 1034 iurisdictio
1854 1000 1888 1034 in
1905 1000 2036 1035 ecclesia

585 1054 769 1087 monasterii
798 1053 1024 1094 Laudiveteris,
1051 1054 1116 1088 570
1142 1054 1211 1087 bet
1238 1066 1298 1099 seq.

497 1108 689 1142 Mercaturas
714 1114 745 1141 et
770 1107 963 1141 commercia
988 1114 1170 1141 exercentes
1194 1107 1317 1142 nobiles
1342 1108 1475 1142 Romani
1498 1114 1529 1142 et
1553 1108 1658 1142 Status
1677 1107 1889 1142 Ecclesiastici
1914 1108 2038 1142 incolae

584 1161 708 1194 nullum
735 1161 970 1205 praeiudicium
996 1161 1152 1195 nobilitati
1176 1162 1327 1203 inierunt,
1354 1161 1418 1195 ⁶229
1439 1161 1466 1194 I).

497 1213 628 1247 Michael
652 1214 748 1247 Marta
774 1214 888 1248 Gomez
921 1219 949 1248 et
983 1214 1136 1248 Mendoza
1166 1215 1198 1247 in
1223 1215 1375 1248 vicarium
1409 1215 1620 1258 capitularem
1653 1214 1791 1248 civitatis
1822 1218 1853 1247 et
1882 1213 2038 1247 dioecesis

587 1266 899 1310 Caesaraugustanae
923 1268 1012 1301 irrita
1037 1268 1191 1301 electione
1215 1278 1232 1300 a
1256 1267 1416 1301 iudicibus
1441 1267 1528 1300 laicis
1553 1267 1735 1310 deputatur,
1759 1265 1824 1300 499
1850 1268 1865 1298 b
1888 1272 1919 1300 et
1942 1277 2004 1310 seq.

498 1321 630 1354 Michae'l
656 1332 709 1354 rex
734 1322 884 1354 Doloniae
909 1322 984 1365 petit
1011 1321 1163 1355 celebrari
1192 1321 1333 1354 osticium
1359 1321 1396 1353 de
1421 1320 1451 1352 S.
1480 1319 1639 1354 Stanisiao
1663 1320 1791 1360 Kostka,
1817 1319 1879 1352 257
1905 1331 1935 1353 α.

497 1375 699 1409 Meretricum
725 1385 852 1408 sorores
873 1381 903 1408 et
929 1381 1019 1408 natae
1045 1376 1075 1408 in
1100 1375 1236 1408 Divinae
1252 1375 1478 1408 Providentiae
1502 1373 1745 1407 Conservatorio
1769 1373 1864 1407 Urbis
1888 1373 2041 1418 degentes

586 1428 625 1460 ad
651 1428 793 1461 subsidia
819 1428 938 1462 dotalia
964 1428 1184 1465 habilitantur,
1210 1427 1272 1462 597
1299 1439 1332 1468 α,
1358 1428 1429 1460 ride
1453 1427 1656 1461 Cortesanae.

497 1481 627 1515 Militiae
653 1482 691 1514 de
716 1482 875 1515 Calatrava
901 1482 1016 1516 domus
1042 1482 1130 1526 prior
1153 1483 1249 1516 habet
1273 1493 1366 1515 usum
1392 1481 1564 1524 insignium
1582 1485 1613 1514 et
1630 1481 1892 1514 indumentorum
1918 1481 2041 1525 episco-

587 1535 721 1579 palium,
750 1536 811 1568 ‘172
838 1536 865 1568 b.

498 1589 606 1623 Militia
631 1589 662 1622 S.
691 1589 817 1622 loannis
843 1590 1122 1634 Hierosolfmitani
1156 1590 1313 1633 excipitur
1338 1600 1354 1621 a
1379 1589 1540 1624 solutione
1578 1588 1675 1622 trium
1700 1587 1911 1628 decimarum,
1928 1587 1991 1621 467
2010 1587 2036 1622 b.

498 1643 631 1676 Militum
656 1643 784 1687 piorum
810 1643 994 1685 collegium,
1024 1644 1092 1676 ride
1117 1643 1234 1677 Notarii
1262 1643 1417 1676 auditoris
1443 1642 1593 1676 samerae
1619 1642 1821 1686 apostolicae.

498 1696 624 1729 Missam
651 1696 704 1730 SS.
730 1696 853 1729 Rosarii
881 1697 1078 1731 celebrantes
1107 1703 1136 1730 et
1165 1697 1331 1730 audientes
1359 1707 1438 1740 quas
1461 1702 1700 1740 consequantur
1722 1695 1951 1740 indulgentias,
1970 1697 2042 1730 vide

587 1749 767 1782 Rosarium.
1534 1756 1535 1759 ’

496 1802 622 1836 Missam
648 1803 810 1836 celebrare
843 1814 898 1837 seu
924 1803 1077 1837 celebrari
1104 1805 1206 1838 facere
1231 1804 1262 1837 in
1288 1814 1398 1837 eorum
1425 1803 1587 1848 cappellis,
1614 1803 1888 1838 abbreviatoribus
1913 1804 2038 1838 littera-

586 1866 657 1890 rum
683 1857 932 1901 apostolicarum
959 1857 1161 1897 conceditur,
1189 1857 1252 1891 103
1277 1868 1308 1891 α.

496 1909 623 1943 Missam
649 1911 824 1943 solemnem
850 1910 888 1943 de
914 1911 1051 1944 Nomine
1077 1911 1108 1944 B.
1135 1911 1172 1944 M.
1201 1911 1235 1944 V.
1262 1921 1329 1944 xvii
1353 1910 1545 1955 septembris
1578 1911 1610 1943 in
1635 1910 1778 1944 ecclesiis
1803 1910 2040 1956 provinciarum

585 1970 615 1996 et
640 1974 813 2006 regnorum
839 1965 921 2008 regis
939 1965 1165 2009 Hispaniarum
1184 1965 1361 2006 audientes,
1378 1965 1556 2009 plenariam
1577 1964 1812 2008 indulgentiam
1833 1975 2040 2009 consequun-

587 2022 648 2056 tur,
672 2017 736 2051 262
762 2029 782 2050 a
805 2024 834 2051 et
859 2029 921 2062 seq.
1811 2018 1814 2020 ’

497 2072 685 2106 Missionaiii
712 2073 876 2116 regulares
901 2084 1010 2106 curam
1037 2073 1216 2106 animarum
1242 2078 1425 2106 exercentes
1450 2072 1534 2116 apud
1552 2071 1679 2112 Chinas,
1701 2071 1845 2115 aliasque
1869 2078 1975 2115 partes
1994 2073 2042 2106 in-

586 2126 741 2167 fidelium,
771 2127 954 2159 subduntur
978 2128 1081 2169 quoad
1108 2127 1286 2160 functiones
1312 2126 1509 2171 parochiales
1536 2125 1662 2159 vicariis
1686 2125 1886 2169 apostolicis,
1911 2125 1975 2160 448
2000 2125 2040 2167 b·,

587 2180 780 2213 missionarii
807 2180 915 2223 prelati
941 2191 1004 2213 non
1031 2181 1217 2214 exhibentes
1235 2180 1362 2214 vicariis
1378 2179 1562 2224 apostolicis
1585 2178 1705 2213 litteras
1730 2185 1888 2223 patentes,
1907 2186 2043 2223 possunt

588 2234 626 2266 ab
652 2233 764 2265 iisdem
794 2234 833 2266 ab
858 2234 964 2267 officio
990 2233 1153 2277 prohiberi
1196 2234 1271 2266 ibid.
1301 2234 1317 2266 b
1343 2240 1371 2267 et
1397 2244 1475 2277 .seq.;
1500 2233 1711 2266 missionariis
1735 2233 1909 2277 praedictis
1934 2233 2043 2277 prohi-

586 2286 679 2319 betur
704 2287 893 2319 catechistas
919 2293 991 2320 voto
1018 2286 1217 2320 obedientiae
1236 2298 1310 2330 erga
1329 2297 1361 2320 se
1380 2286 1476 2330 ipsos,
1503 2286 1653 2330 privative
1678 2286 1785 2330 quoad
1809 2286 1945 2320 vicarios
1970 2297 2044 2331 apo-

587 2341 730 2379 stolicos,
756 2339 968 2383 obstringere,
996 2340 1060 2372 41⁴.)
1085 2339 1101 2372 b
1119 2347 1150 2374 et
1165 2351 1249 2384 seq.;
1277 2340 1553 2375 missionariorum
1572 2351 1736 2374 accessum
1761 2341 1801 2374 ad
1827 2340 1989 2384 laponiam
2013 2346 2045 2374 et

586 2393 646 2427 alia
682 2404 779 2436 regna
812 2394 976 2426 Indiarum
1004 2393 1209 2427 Orientalium
1237 2392 1447 2437 impedientes
1470 2393 1799 2434 excommunicantur,
1817 2392 1880 2427 485
1905 2404 1926 2427 a.
1949 2398 1978 2426 et
2005 2393 2044 2428 b;

586 2447 778 2480 missionarii
803 2447 933 2480 Chinam
959 2453 989 2480 et
1016 2447 1121 2480 indias
1146 2447 1317 2481 orientales
1333 2445 1508 2491 profecturi
1533 2445 1609 2479 olim
1634 2445 1826 2479 tenebantur
1844 2445 2043 2480 Lusitaniam

587 2501 800 2545 pertransire,
826 2500 887 2533 [197
913 2511 932 2533 α
958 2506 986 2533 et
1012 2511 1091 2544 .<›·q.;
1121 2511 1358 2545 quamcumque
1390 2500 1471 2533 viam
1504 2505 1638 2543 possunt
1662 2499 1824 2544 suscipere
1858 2510 1894 2533 ex
1919 2499 2044 2533 indulto

588 2554 676 2587 Pauli
699 2554 734 2594 V,
756 2553 873 2587 Urbani
897 2554 962 2586 Vlll
989 2559 1017 2587 ct
1043 2554 1215 2586 Clementis
1232 2554 1269 2594 X,
1290 2553 1386 2593 ibz'tt.;
1412 2553 1631 2587 missionarios
1651 2553 1821 2599 praefatos,
1849 2552 1943 2586 aliam
1961 2553 2041 2586 viam

589 2618 685 2651 quam
712 2619 766 2652 per
791 2607 988 2641 Lusitaniam
1014 2607 1248 2651 aggredientes,
1265 2607 1318 2651 qui
1344 2606 1535 2651 impediunt,
1563 2608 1894 2648 excommunicantur,
1920 2606 1996 2640 ibid.

499 2662 657 2696 Missionis
682 2661 905 2705 Congregatim
931 2662 1003 2694 virle
1026 2661 1242 2705 Congregatio
1268 2660 1436 2694 Mis-sionis.
