2279 3260
223 252 271 279 Αη.
294 251 320 277 Γ..
343 251 409 278 1678

273 1421 336 1440 Πχῐρη
352 1424 370 1437 in
388 1425 398 1437 ιι

237 1447 288 1466 ‹iuiu
310 1448 330 1465 ut
351 1452 370 1465 in
386 1450 417 1465 ru-

238 1475 306 1493 brica.

268 2579 359 2602 numani
375 2584 425 2599 con-

456 246 517 274 -itti

416 300 509 332 nibus
535 299 642 341 reguis
668 298 891 342 Hispaniarum
919 301 950 329 et
976 294 1152 328 ditionibus

417 353 523 386 eidem
538 352 652 385 Carolo
670 352 737 394 regi
753 350 915 389 subiectis
928 348 967 381 ct⁴
979 348 1009 379 iu
1020 346 1155 379 ecclesia

418 406 464 439 Ss.
488 405 594 438 iacobi
619 410 652 437 ct
674 402 864 446 Idelplionsi
891 402 929 434 dc
951 400 1036 433 Urbe
1058 397 1156 430 natio-

419 459 468 492 nis
486 458 712 501 ilispanorum,
726 457 764 488 dc
790 465 880 487 servo
909 453 963 485 Dei
982 451 1157 485 Ferdinan-

421 513 460 545 do
479 512 514 544 lIl
535 522 611 553 rege
630 510 784 543 Castellae
806 512 835 540 ct
854 505 1014 548 Legionis,
1038 513 1158 545 cogno-

421 569 527 597 mento
545 564 669 603 Sancto,
691 562 788 593 missa
806 564 837 592 ct
857 558 997 592 officium
1016 557 1053 589 de
1072 566 1159 588 com-

421 617 510 650 muni
536 616 763 648 Conl‘essorum
797 622 860 644 non
887 609 1077 643 Pontificum
1101 608 1158 640 sub

423 670 486 702 ritu
512 667 632 711 duplici
667 666 752 698 iuxta
784 664 928 696 rubricas
953 661 1103 694 breviarii
1129 664 1182 693 et,

423 721 560 754 missalis
580 718 702 751 romani
722 715 894 760 quotannis
917 715 946 746 in
965 718 1160 757 perpetuum

424 774 474 807 die
500 783 556 805 xxx
581 771 667 810 maii,
693 781 754 813 qua
780 769 866 801 idem
892 777 1002 799 servus
1027 766 1084 798 Dei
1109 765 1183 797 ol)-v

424 824 616 859 dormivitin
635 823 781 862 Domino,
801 820 971 860 celebrari,
990 825 1021 852 ct
1039 819 1078 852 ab
1095 829 1161 851 om-

424 880 516 911 nibus
553 877 719 919 utriusque
760 886 853 908 sexus
887 872 1160 911 christifidelibus,

425 932 478 975 qui
504 931 543 963 ad
569 931 664 962 horas
695 928 869 962 canonicas
896 930 1059 965 tenentur,
1084 923 1163 957 reci-

426 984 485 1016 tari
510 983 612 1016 libere
638 988 670 1015 et
693 982 779 1014 licite
804 984 939 1024 possent
963 982 994 1012 et
1017 978 1161 1010 valerent

425 1035 613 1080 respective,
632 1033 820 1068 auctoritate
838 1031 1016 1076 apostolica
1036 1040 1163 1063 conces-

426 1090 535 1129 simus;
554 1094 584 1121 ct
598 1087 688 1127 alias,
707 1091 806 1131 prout
826 1086 859 1118 in
878 1084 997 1118 nostris
1023 1084 1164 1126 desuper

426 1143 458 1175 in
483 1142 579 1175 simili
606 1142 707 1173 forma
732 1138 839 1173 Brevis
867 1139 919 1171 die
946 1148 988 1171 vu
1010 1135 1163 1169 februarii

426 1204 564 1228 MDCLxxI
590 1192 749 1237 expeditis
775 1191 893 1224 litteris
910 1217 917 1231 ,
956 1199 1094 1233 quarum
1120 1193 1165 1221 tc-

427 1259 539 1281 norem
564 1247 793 1291 praesentibus
818 1255 878 1288 pro
903 1245 1000 1287 plene
1027 1248 1059 1275 et
1084 1242 1165 1274 suffi.

428 1302 553 1334 cienter
577 1311 733 1343 expresso
760 1304 791 1331 et
807 1298 932 1331 inserto
951 1295 1064 1329 baberi
1080 1297 1166 1328 volu-

428 1365 505 1395 mus,
532 1354 666 1387 uberius
691 1352 889 1385 continetur.

473 1407 487 1450 ἓ
512 1407 542 1439 ⁹2.
569 1405 659 1438 Nunc
689 1410 806 1445 autem,
828 1403 1021 1446 ampliorem
1046 1411 1167 1434 memo-

429 1460 506 1492 ratis
532 1459 645 1492 Carolo
671 1457 739 1500 regi
766 1462 797 1489 ct
821 1456 1004 1488 Mariannae
1034 1453 1166 1496 reginae

431 1513 564 1556 gratiam
583 1513 698 1551 facere,
718 1510 843 1554 piisque
862 1513 893 1541 et
911 1507 1035 1541 devotis
1054 1517 1166 1539 eorum

430 1564 734 1609 supplicationibuS,
750 1563 842 1596 nobis
872 1572 930 1604 per
955 1561 1107 1594 dilectum
1133 1559 1168 1590 fi-

430 1620 507 1653 lium
521 1623 666 1651 nostrum
676 1617 829 1650 Ioannem
843 1615 1037 1647 Everardum
1051 1613 1164 1646 S.R.E.

430 1673 654 1716 presbyterum
667 1669 865 1702 cardinalem
877 1667 1078 1700 Nidhardum
1092 1677 1168 1699 nun-

432 1730 595 1769 cupatum,
624 1722 700 1757 dicti
733 1722 838 1755 Caroli
872 1721 956 1764 regis
992 1721 1078 1763 apud
1111 1729 1168 1751 nos

432 1784 463 1812 et
488 1778 603 1811 Sedem
627 1776 849 1820 Apostolicam
874 1779 1050 1813 oratorem,
1070 1783 1169 1816 super

432 1832 494 1864 boc
533 1829 701 1862 humiliter
726 1827 900 1871 porrectis,
930 1825 1166 1866 favorabiliter,

432 1888 587 1927 quantum
601 1892 672 1915 cum
682 1880 817 1914 Domino
833 1890 1014 1923 possumuS,
1025 1889 1168 1912 annuere

432 1936 611 1979 cupientes,
629 1935 668 1967 de
693 1928 926 1966 venerabilium
956 1933 1088 1965 fratrum
1112 1942 1170 1964 no-

432 1993 573 2021 strorum
598 1986 741 2020 eiusdem
766 1986 797 2018 S.
825 1986 862 2018 R.
889 1985 924 2018 Ε.
959 1984 1171 2018 cardinalium

433 2042 533 2075 sacris
572 2041 687 2073 ritibus
728 2039 990 2083 praepositorum
1015 2038 1171 2084 consilio,

434 2099 468 2127 ut
487 2094 519 2126 in
537 2093 688 2127 omnibus
708 2092 935 2134 Hispaniarum
954 2092 1063 2133 regnis
1085 2102 1173 2134 prae-

434 2147 527 2179 dictis
553 2147 666 2178 l'estum
697 2144 852 2187 praedicti
871 2144 957 2176 beati
976 2143 1173 2176 Ferdinandi

434 2199 519 2243 regis
545 2199 583 2231 de
610 2202 782 2241 praecepto
814 2197 933 2230 servari
959 2202 991 2229 et
1014 2197 1173 2229 celebrari

434 2251 547 2295 possit,
575 2262 611 2283 ac
635 2250 775 2283 officium
800 2250 838 2283 de
864 2250 919 2282 illo
945 2250 1002 2282 sub
1028 2249 1090 2282 ritu
1116 2250 1174 2282 du-

435 2304 521 2348 plici,
537 2314 609 2337 cum
626 2302 821 2337 lectionibus
839 2302 980 2346 propriis
1001 2313 1018 2335 a
1039 2302 1174 2344 Congre-

435 2364 564 2401 gauone
590 2356 781 2389 eorumdem
814 2355 1026 2388 cardinalium
1058 2365 1175 2399 appro-

435 2410 562 2449 bandis2
578 2409 705 2442 recitari
730 2409 842 2448 valeat,
869 2408 1058 2441 auctoritate
1084 2418 1175 2451 prae-

436 2464 654 2501 dic.t:'1,l1arum
672 2461 766 2502 serie,
777 2461 985 2494 concedimus
1007 2461 1128 2505 pariter
1146 2466 1176 2494 et

436 2517 655 2559 indulgemus.

481 2571 495 2613 ἓ
519 2569 551 2602 3.
578 2568 646 2601 Non
665 2567 867 2601 obstantibus
890 2567 1175 2601 constitutionibus

475 2634 485 2660 1
504 2631 644 2661 Coniunct.
662 2634 688 2658 et
704 2639 752 2659 nos
767 2630 891 2658 addimus
910 2631 948 2666 (n.
961 2630 1010 2665 r.).

1007 244 1186 271 minimum
1210 243 1362 270 nouANtut

1196 295 1227 325 ct
1251 292 1509 327 ordinationibus
1536 293 1731 337 apostolicis,
1752 291 1936 335 ceterisque

1197 343 1370 376 contrariis
1388 344 1657 387 (piilmscumquc.

1242 397 1256 439 g
1280 396 1311 429 li.
1331 396 1485 430 Volumus
1510 402 1614 429 autem
1631 401 1666 429 ut
1685 396 1829 439 ipsarum
1846 405 1938 439 prae-
1982 409 2132 434 Tiamou-„10-

1949 441 1992 455 rum
2009 436 2069 456 (titan.

1198 449 1338 481 sentium
1380 449 1562 482 litterarum
1606 447 1814 492 transumptis
1830 475 1838 488 ,
1880 458 1937 481 seu

1199 502 1365 545 exemplis,
1381 502 1478 535 etiam
1492 502 1667 545 impressis,
1685 513 1782 535 manu
1800 501 1936 534 alicuius

1200 555 1315 587 notarii
1334 554 1455 598 publici
1473 555 1673 597 subscriptis,
1692 559 1723 588 et
1743 554 1850 597 sigillo
1868 564 1939 597 per-

1201 617 1298 639 sonae
1323 606 1355 638 in
1381 606 1599 639 ecclesiastica
1636 606 1793 648 dignitate
1819 605 1939 638 consti-

1203 664 1289 691 tutae
1315 659 1458 699 munitis,
1484 659 1597 692 eadem
1623 669 1756 701 prorsus
1782 658 1863 691 fides
1899 659 1938 690 ab

1202 712 1354 745 omnihus
1369 717 1400 744 et
1421 712 1542 754 ubique
1563 717 1626 743 tam
1645 711 1678 743 in
1706 710 1824 743 iudicio
1845 721 1940 753 quam

1204 770 1293 798 extra
1324 766 1403 798 illud
1442 765 1621 804 habeatur,
1645 774 1727 807 quae
1764 763 1941 796 haberetur

1204 818 1281 861 ipsis
1314 817 1544 861 praesentibus
1577 817 1603 849 si
1634 817 1741 849 forent
1778 815 1941 849 exhibitae

1204 873 1252 904 vel
1278 876 1442 904 ostensae.

1248 925 1361 957 Datum
1388 924 1515 963 Romae,
1534 923 1617 966 apud
1642 922 1672 956 S.
1692 922 1822 956 Mariam
1846 923 1944 956 Maio-

1205 988 1280 1018 rem,
1296 977 1356 1010 sub
1381 977 1501 1009 annulo
1527 975 1706 1016 piscatoris,
1721 975 1772 1009 die
1796 986 1869 1009 xxVI
1894 986 1943 1008 au-

1206 1030 1290 1074 gusti
1315 1039 1492 1070 MDCLxxnl,
1525 1028 1729 1072 pontificatus
1763 1028 1864 1061 nostri
1889 1038 1944 1061 an-

1206 1095 1247 1117 no
1273 1094 1315 1117 1v.

1646 1134 1668 1167 1.
1695 1133 1730 1167 G.
1757 1134 1896 1168 SLusms.

1243 1198 1302 1226 Dat.
1319 1198 1365 1225 die
1379 1197 1414 1225 ⁶26
1433 1196 1540 1232 augusti
1561 1196 1639 1229 1673,
1660 1196 1750 1231 pontif
1776 1204 1821 1222 an.
1837 1203 1874 1222 iv,

1243 1261 1411 1295 Reyistracu
1432 1260 1463 1287 in
1489 1259 1538 1286 lib.
1562 1265 1587 1285 tv
1606 1258 1746 1286 Brevium
1766 1257 1947 1286 diversorum

1207 1306 1257 1340 fol.
1281 1305 1340 1332 121.

1495 1443 1666 1478 CXXXVII.

1210 1525 1406 1565 Declaralz'o‚
1434 1524 1518 1567 quod
1548 1522 1698 1566 2¹6l1‘91'osi
1723 1522 1948 1565 Conqreqatio-

1254 1579 1306 1610 nis
1340 1579 1482 1620 fratrum
1512 1576 1780 1609 Eoecalceatorum
1813 1574 1948 1608 Ordinis

1254 1632 1294 1664 B.
1321 1631 1447 1664 Mariae
1483 1629 1519 1662 cle
1547 1628 1688 1661 Mercede
1718 1627 1949 1670 redemptionis

1254 1685 1454 1727 captivorum
1473 1693 1618 1726 eoepressc
1632 1682 1770 1724 professi
1787 1684 1949 1724 nequeant

1253 1746 1268 1768 e
1300 1736 1387 1767 dicut
1421 1733 1580 1777 religione
1616 1733 1659 1765 ad
1697 1733 1801 1765 aliam
1835 1742 1949 1775 quam-

1254 1798 1396 1831 cumque,
1408 1789 1505 1820 elz'am
1518 1786 1822 1825 Carilmsianorum,
1831 1785 1951 1827 absque

1254 1841 1390 1884 speciali
1414 1840 1505 1873 Sedis
1529 1838 1734 1883 Apostolz'cae
1757 1837 1896 1878 indulto,
1919 1847 1951 1868 se

1257 1894 1443 1936 transferre.

1438 1973 1569 2000 Clemens
1595 1972 1673 2005 Papa
1700 1977 1728 2004 x,

1337 2018 1374 2045 nd
1393 2020 1568 2052 perpetuam
1587 2016 1633 2042 rei
1653 2014 1831 2042 memoriam.

1258 2088 1463 2124 Sacrosancti
1489 2088 1688 2131 apostolatus
1714 2085 1868 2127 officium,
1893 2086 1953 2119 hu-

1215 2142 1341 2176 militati
1367 2146 1506 2182 nostrae,
1532 2139 1654 2172 meritis
1672 2139 1748 2172 licet
1765 2139 1952 2182 imparibus,

1216 2196 1254 2229 ab
1270 2195 1432 2228 Altissimo
1451 2192 1671 2232 commissum,
1691 2191 1863 2224 salubriter
1881 2203 1953 2225 exe-

1217 2249 1271 2294 qui
1285 2247 1455 2281 adiuvante
1470 2246 1605 2279 Domino
1624 2245 1743 2288 iugiter
1757 2249 1952 2287 satagentes,

1217 2301 1415 2346 peculiarem
1437 2298 1700 2332 christifidelium
1720 2297 1836 2330 divinis
1866 2297 1959 2330 obse-

1218 2355 1300 2399 quiis
1319 2353 1378 2386 sub
1405 2352 1494 2385 suavi
1512 2351 1662 2384 arctioris
1692 2350 1863 2393 religionis
1881 2350 1958 2393 iugo

1217 2407 1475 2450 mancipatorum
1500 2414 1609 2437 curam
1634 2404 1784 2447 gerimus,
1805 2408 1844 2444 et,
1868 2408 1903 2435 ut
1927 2403 1959 2435 in

1219 2463 1256 2494 ea
1274 2459 1450 2499 vocatione,
1468 2469 1529 2502 qua
1544 2458 1650 2490 vocati
1671 2462 1758 2498 sunt,
1775 2461 1961 2490 constanter

1219 2517 1439 2558 perseverent,
1467 2511 1642 2554 providere
1676 2511 1852 2550 studemus,
1876 2509 1958 2542 sicut

1220 2566 1259 2599 ad
1284 2565 1409 2599 felicem
1435 2563 1605 2607 religionis
1637 2573 1847 2607 progressum
1872 2563 1955 2596 salu-

1219 2619 1319 2653 briter
1344 2618 1496 2663 cxpedire
1520 2617 1552 2650 in
1577 2617 1714 2650 Domino
1740 2617 1929 2651 abitrainur.

1937 242 1987 269 An.
2010 242 2038 270 C.
2057 243 2124 271 1673

1991 2097 2112 2118 Exordium.
