2279 3260
229 253 279 282 An.
297 253 326 281 c.
350 253 412 281 ¹67¹
461 243 525 277 150
994 256 1173 281 mittamur!

422 307 453 334 et
467 301 553 334 illius
568 312 792 336 successorum
807 303 1046 347 praedictorum
1061 304 1153 336 licen-

422 354 463 386 tia
481 353 513 386 in
537 354 665 398 scriptis
691 356 832 399 desuper
855 356 1154 399 obtinendaaliquo

420 407 517 440 modo
535 408 660 441 extrahi
678 403 849 452 debeant),
868 409 1055 442 auctoritate
1079 418 1155 451 apo-

419 459 554 500 stolica,
589 466 701 493 tenore
727 461 963 504 praesentium,
996 465 1154 503 perpetuo

420 513 574 555 erigimus
601 519 632 546 et
656 514 863 546 instituimus.

463 566 533 609 54,
567 566 750 600 Statuentes
784 571 815 599 et
846 566 1036 598 mandantes
1070 565 1154 607 quod

421 618 529 651 statim
555 624 648 661 atque
670 619 782 651 Petrus
800 624 831 651 et
856 618 990 651 lacobus
1011 617 1155 650 cardina-

421 671 468 703 les
493 671 648 714 praedicti
665 671 879 713 manuscripta
906 676 937 703 et
961 671 1156 702 documenta

422 723 627 762 huiusmodi,
654 728 688 755 ut
719 724 912 766 praefertur,
943 721 1153 760 donaverint,

254 786 362 806 canarno
381 775 549 808 suillorum
574 776 798 814 inventarium,
818 776 913 808 modo
940 780 970 807 et
992 775 1091 807 forma
1116 775 1155 806 ab

228 813 317 832 venturu
368 818 410 832 om-

227 829 537 890 ffiffiffaplzffgffl-eodem
556 829 696 871 (laspare
711 828 866 860 cardinali
884 826 1154 870 praescribendis,

228 894 344 920 pantorum
356 896 409 916 qnae
421 880 544 921 confici,
563 886 605 919 et,
628 881 660 912 in
686 886 832 913 eventum
849 880 882 912 in
906 890 1001 922 quem
1027 879 1065 911 ab
1086 879 1155 912 aliis
1175 879 1178 937 ἐ

228 917 357 939 'mmmm
421 932 572 965 similium
592 933 885 980 manuscriptorum
905 938 935 965 et
952 933 1157 965 documento·
1176 949 1177 973 1

421 996 492 1018 rum
518 986 712 1018 donationes
734 990 787 1017 aut
807 985 885 1017 alias
904 995 1035 1028 quoquo
1060 985 1155 1017 modo
1177 978 1178 982 ¹

422 1039 715 1082 transportationes
739 1038 825 1078 siant,
851 1038 945 1071 etiam
963 1043 998 1069 ut
1014 1038 1157 1080 praefer-

422 1098 475 1124 tur
492 1093 642 1125 donanda
660 1098 690 1125 et
703 1092 952 1135 transportanda
973 1092 1155 1124 huiusmodi

422 1155 481 1187 pro
507 1149 653 1188 tempore
680 1145 711 1177 in
737 1144 851 1177 eodem
868 1144 1050 1176 inventario
1074 1144 1157 1187 pari-

426 1202 475 1229 ter
499 1197 642 1230 describi
662 1202 693 1229 et
713 1196 825 1235 notari,
845 1197 995 1239 quodque
1013 1196 1155 1229 eiusdem

423 1248 555 1281 archivii
581 1249 664 1281 duae
685 1248 809 1281 similes
833 1249 936 1281 claves
953 1275 960 1289 ,
986 1259 1049 1281 una
1072 1249 1158 1281 vide-

422 1300 497 1333 licet
520 1311 620 1344 penes
645 1301 795 1333 eumdem
815 1301 990 1343 Gasparem
1011 1301 1157 1333 cardina-

422 1354 485 1386 lem
503 1359 535 1386 et
559 1363 762 1386 successores
781 1363 865 1393 suos,
886 1355 988 1386 altera
1005 1364 1081 1386 vero
1102 1364 1158 1396 pe-

422 1407 631 1439 nesdictum
670 1407 817 1440 Sanctem
851 1411 883 1438 et
914 1417 975 1449 pro
1011 1412 1156 1449 tempore

421 1459 596 1491 existentes
629 1458 832 1491 subdatarios
864 1469 922 1501 pro
947 1459 1157 1491 commodiori

422 1515 453 1543 et
478 1510 612 1543 faciliori
638 1510 670 1542 in
691 1511 810 1542 dictum
836 1510 1013 1556 archivium
1031 1511 1158 1544 cuiusli-

421 1564 477 1596 bet
501 1564 629 1596 illorum
655 1563 745 1596 aditu
776 1568 807 1596 et
839 1563 988 1606 ingressu
1020 1569 1158 1596 tantum-

420 1616 517 1649 modo
533 1621 564 1649 et
583 1616 736 1659 privative
758 1617 863 1659 quoad
885 1617 965 1649 alios
986 1627 1157 1650 remanere

421 1669 575 1709 debeant;
602 1674 633 1701 et
657 1669 809 1712 insuper,
842 1679 916 1702 casu
939 1680 1003 1712 quo
1028 1670 1158 1703 licentia

420 1721 587 1764 praedicta
621 1721 838 1764 manuscripta
873 1732 930 1754 seu
965 1722 1157 1754 documenta

420 1773 606 1807 huiusmodi
639 1774 850 1815 extrahendi,
883 1781 918 1807 ut
953 1776 1155 1818 praefertur,

421 1827 638 1867 concedatur,
665 1837 682 1859 a
707 1832 797 1869 tergo
830 1827 976 1860 eiusdem
1008 1828 1156 1861 licentiae

421 1879 713 1922 manuscriptorum
731 1890 787 1912 seu
813 1880 1080 1914 documentorum
1097 1881 1158 1914 hu-

422 1931 560 1964 iusmodi
596 1932 870 1965 extrahendorum
905 1933 1036 1976 propria
1060 1944 1156 1966 manu

422 1983 478 2016 illa
494 1983 682 2026 recipientis
703 1984 897 2027 receptionis
922 1986 1082 2019 consessio
1107 1986 1156 2019 ad-

422 2035 536 2075 notari,
552 2042 583 2069 et
594 2035 730 2068 ulterius
749 2042 823 2068 nota
836 2037 1032 2080 receptionis
1046 2038 1157 2071 huius-

424 2089 511 2122 modi
529 2087 578 2121 in¹
595 2099 654 2132 pro
671 2094 817 2132 tempore
835 2090 992 2124 existente
1014 2091 1098 2124 libro
1116 2092 1156 2124 ad

423 2141 454 2174 id
470 2142 613 2184 desuper
628 2141 830 2175 conficiendo
850 2148 881 2175 et
898 2143 1102 2185 destinando,
1122 2155 1157 2177 ac

422 2193 455 2226 in
472 2194 589 2227 eodem
606 2194 748 2227 archivio
767 2197 972 2236 asservando,
988 2197 1026 2229 ad
1045 2197 1107 2229 hoc
1123 2203 1157 2230 ut

423 2252 639 2279 exn-actorum
665 2247 848 2280 huiusmodi
878 2249 1033 2281 memoria
1058 2261 1157 2292 quan-

423 2299 604 2342 donumque
635 2305 721 2332 extet
745 2304 777 2332 ct
800 2300 866 2333 illa
896 2301 1090 2344 recipientes
1117 2303 1156 2335 ad
1177 2313 1178 2337 1

422 2351 551 2385 illosum
570 2352 824 2396 reportationem
844 2355 994 2396 compelli
1020 2355 1154 2397 possint,

424 2403 570 2437 adnotari
595 2409 626 2437 et
651 2405 789 2437 describi
815 2405 964 2438 debeant.

508 2457 523 2464 u·

232 2463 414 2516 dkltjiffieplfgffllqdffg3
468 2458 481 2497 ,ξ
508 2465 538 2490 2¹.
574 2458 612 2490 Et
641 2458 778 2501 insuper
813 2464 876 2491 tam
908 2459 992 2492 dicto
1025 2460 1157 2503 Gaspari

231 2523 258 2537 ru
293 2517 413 2542 monandi
424 2510 579 2543 cardinali
604 2511 798 2554 prodatario,
816 2522 913 2554 quam
938 2512 1005 2545 cius
1030 2523 1158 2546 succes-

232 2543 258 2563 :ul
282 2544 360 2563 dictum
381 2550 413 2563 ar-

232 2569 323 2590 τὴινιυιι
343 2575 415 2591 manu·
424 2563 551 2596 soribus
563 2563 743 2606 praedictis,
756 2564 917 2607 quaelibet
930 2566 1156 2609 manuscripta,

462 2625 473 2651 1
497 2623 592 2659 praep.
612 2625 645 2652 in
664 2632 713 2652 nos
732 2624 856 2652 addimus
875 2626 912 2660 (a.
934 2625 981 2660 τ.).

1195 257 1347 282 nomnen
1942 259 1990 286 An.
2007 256 2037 287 C.
2058 258 2122 288 1671

1197 305 1390 338 documenta
1422 310 1453 339 et
1488 306 1617 340 notitias
1650 311 1711 339 tam
1748 307 1779 339 in
1813 307 2021 350 datariawam
2037 321 2129 342 omnim

1197 367 1290 399 quam
1312 358 1449 390 ubilibet
1473 359 1655 399 existentia,
1683 360 1777 391 ctiam
1803 360 1842 391 ab
1862 350 2061 392 aliis⁰¹'⁸²⁰⁰¹¹²'

1174 436 1183 448 ,
1198 408 1320 449 officiis,
1340 415 1371 442 et
1387 411 1579 453 praesertim
1600 411 1656 444 illo
1675 411 1712 443 de
1732 412 1840 444 Missis
1857 422 1936 444 nun-

1197 467 1330 503 cupato,
1356 462 1394 494 ad
1426 463 1510 495 idem
1537 463 1712 496 archivium
1738 474 1796 506 pro
1822 475 1935 497 corum

1198 513 1330 546 arbitrio
1364 516 1599 555 transferendi,
1626 521 1657 548 et
1684 516 1738 549 illa
1764 517 1795 549 in
1821 517 1935 550 codem

1176 599 1178 606 k
1198 565 1379 598 inventario
1397 566 1554 609 augendi¹
1581 573 1613 600 et
1636 569 1778 608 notandi,
1806 570 1935 612 plenam

1177 623 1231 650 ,et
1266 618 1400 651 liberam
1432 629 1467 651 ac
1498 620 1716 653 omnimodam
1750 621 1935 654 facultatem

1200 671 1478 703 etauctoritatem
1510 677 1598 704 motu
1630 672 1726 705 simili
1764 674 1934 706 tribuimus

1199 727 1230 754 et
1254 722 1468 765 impartimur.

1242 775 1256 817 ξ
1281 775 1312 807 a.
1341 775 1376 807 Et
1409 782 1601 818 practerea,
1628 782 1782 819 quantum
1808 788 1844 810 ex
1870 779 1934 810 alto
1972 791 2056 812 poenae
2080 797 2129 812 eon-

1198 827 1396 867 conccditur,
1415 828 1557 860 eiusdem
1573 829 1704 862 archivii
1720 830 1936 862 conservatio·
1946 818 2129 864 i‘iatfiiissssi'iiiiiti

1198 880 1230 912 ni
1256 886 1287 912 et
1316 881 1548 914 manutentioni
1575 883 1745 914 consulere
1771 871 2120 920 volentes,,flli¹¹¹¹„³„⁰g‘¹³'g·„;.

1948 926 1993 942 vain
2019 922 2085 942 forin'a
2109 924 2130 942 ut

1198 939 1287 965 motu
1313 934 1395 976 pari,
1415 944 1456 967 ne
1475 935 1513 966 de
1531 940 1640 967 cetero
1663 935 1843 977 quisquam,
1862 945 2019 978 quanam«.

1177 1023 1178 1027 Ἰ
1197 986 1243 1018 vis
1263 986 1449 1019 auctoritate
1477 988 1624 1028 fungens,
1644 987 1764 1030 absque
1791 988 1874 1019 dicta
1899 987 1937 1020 li-

1199 1038 1304 1070 centia
1329 1044 1360 1070 et
1383 1039 1569 1081 supradicta
1595 1040 1695 1072 forma
1715 1050 1780 1072 non
1803 1042 1934 1078 servata,

1200 1101 1235 1123 ac
1259 1091 1337 1124 alias
1362 1102 1456 1134 quam
1481 1097 1515 1123 ut
1540 1092 1729 1134 praefertur,
1756 1092 1937 1124 manuscri-

1199 1148 1253 1185 pta
1279 1148 1310 1175 et
1326 1143 1519 1175 documenta
1537 1154 1572 1176 ac
1589 1143 1718 1176 notitias
1740 1144 1937 1183 huiusmodi,

1201 1205 1377 1237 eorumque
1404 1195 1585 1237 quinterna,
1612 1196 1724 1235 libros,
1749 1196 1825 1228 solia
1842 1195 1937 1228 etiam

1202 1248 1368 1290 impressa,
1394 1246 1446 1279 in²
1472 1248 1558 1280 dicto
1576 1248 1717 1280 archivio
1742 1249 1939 1280 asservanda

1201 1305 1233 1332 et
1249 1300 1288 1332 ad
1308 1300 1390 1332 illud
1416 1301 1594 1342 spectantia
1613 1306 1644 1333 et
1667 1300 1873 1343 pertinentia,
1889 1310 1939 1332 ex·

1203 1352 1330 1383 trahere
1356 1362 1412 1383 seu
1441 1357 1477 1383 ut
1501 1353 1712 1384 extrahantur
1746 1352 1936 1395 permittere

1201 1408 1254 1436 aut
1278 1403 1462 1436 consentire
1489 1404 1547 1435 sub
1580 1404 1690 1447 quovis
1716 1405 1861 1447 quaesito
1886 1415 1939 1437 co-

1201 1457 1278 1495 lore,
1305 1462 1474 1499 praetextu
1499 1457 1550 1489 vel
1580 1457 1712 1498 ingenio
1737 1457 1856 1489 audeat
1880 1467 1939 1489 seu

1201 1514 1411 1552 praesumat,
1438 1510 1496 1542 sub
1534 1510 1874 1542 excommunicationis
1908 1515 1940 1542 et

1202 1562 1298 1594 etiam
1323 1562 1362 1594 ab
1387 1563 1503 1594 eodem
1530 1563 1654 1595 datario
1679 1573 1735 1595 seu
1751 1562 1939 1605 prodatario

1200 1625 1259 1658 pro
1285 1620 1430 1657 tempore
1466 1615 1552 1647 illius
1586 1615 1720 1647 arbitrio
1753 1615 1940 1657 infligendis

1201 1667 1315 1709 poenis
1349 1677 1408 1709 per
1438 1667 1703 1699 contrafacientes
1730 1677 1768 1699 eo
1796 1667 1870 1710 ipso
1894 1668 1943 1699 in-

1201 1719 1380 1759 currendis,
1406 1721 1519 1752 eadem
1546 1720 1757 1759 auctoritate,
1791 1725 1884 1752 motu
1909 1730 1942 1752 e-

1201 1772 1274 1804 tiam
1294 1772 1372 1814 pari,
1395 1777 1555 1815 perpetuo
1573 1772 1800 1805 interdicimus
1818 1777 1850 1805 ct
1865 1782 1941 1815 pro·

1201 1825 1364 1857 bibemus.

1244 1878 1258 1921 g
1284 1877 1314 1910 7.
1341 1877 1571 1917 Nihilominus,
1594 1888 1664 1910 cum
1683 1877 1799 1910 rationi
1826 1887 1938 1911 conso·
1975 1875 2077 1912 inanit-{m
2097 1892 2132 1912 aa.

1948 1920 2046 1939 nantxhu,
2062 1922 2132 1939 extra-

1200 1940 1277 1962 num
1303 1934 1335 1962 et
1359 1940 1498 1972 aequum
1526 1930 1567 1962 sit
1590 1931 1677 1972 quod
1702 1931 1937 1973 manuscripto·
1947 1945 2010 1965 mna.
2057 1952 2130 1965 nmm-

1200 1994 1271 2015 rum
1296 1988 1328 2016 et
1353 1983 1624 2016 documentorum
1650 1983 1836 2016 huiusmodi
1874 1988 1936 2015 tam
1948 1971 2131 2021 ssiiii'a‘m'hfff']

1199 2035 1357 2078 praedicti
1383 2046 1479 2078 quam
1503 2046 1561 2079 pro
1594 2041 1737 2078 tempore
1763 2037 1937 2069 donatores
1948 2025 2130 2074 ssssiillil'tlstsssll'ss:

1948 2076 2042 2096 archivio
2070 2077 2130 2096 schn-

1200 2088 1306 2131 aliquo
1331 2087 1462 2131 speciali
1488 2088 1657 2130 privilegio
1683 2089 1852 2130 gaudeant,
1872 2094 1934 2120 tam
1948 2103 1997 2122 auia
2026 2103 2131 2128 receptio-

1200 2141 1294 2174 Petro
1320 2145 1351 2173 et
1376 2140 1490 2173 Iacobo
1509 2141 1726 2173 cardinalibus
1751 2134 1986 2183 praedictis,¹¹¹⁵'

1199 2198 1371 2236 postquam
1386 2193 1526 2232 donatio,
1544 2198 1577 2224 ut
1597 2193 1786 2235 praefertur,
1806 2203 1864 2235 per
1880 2203 1935 2225 eos

1200 2245 1363 2284 facienda,
1388 2251 1496 2278 secuta
1527 2246 1638 2284 faerit,
1665 2256 1759 2287 quam
1785 2245 1854 2277 aliis
1880 2245 1934 2288 qui

1200 2298 1305 2330 eidem
1329 2297 1472 2330 archivio
1497 2297 1614 2330 similia
1636 2299 1855 2341 manuscripta
1879 2308 1935 2330 seu

1200 2351 1393 2383 documenta
1410 2356 1464 2382 aut
1487 2351 1616 2383 notitias
1642 2362 1695 2383 scu
1723 2351 1823 2384 libros
1848 2352 1935 2384 dono

1177 2401 1179 2411 '
1200 2403 1357 2443 dederint,
1377 2404 1427 2435 ut3
1445 2404 1715 2436 documentorum
1735 2404 1934 2444 huiusmodi,

1200 2456 1402 2499 aliorumque
1428 2467 1488 2499 pei·
1513 2467 1577 2497 eos,
1602 2462 1636 2488 ut
1660 2459 1854 2500 praefertur,
1881 2458 1937 2490 do-

1237 2539 1246 2565 1
1263 2537 1362 2564 Forsan
1379 2538 1561 2572 adz'tcnyemli
1576 2546 1623 2573 pro
1634 2538 1762 2572 anyemli
1777 2537 1827 2573 leg.
1845 2538 1934 2572 (nm).

1236 2584 1252 2609 2
1267 2584 1363 2618 Praep.
1381 2583 1411 2610 in
1429 2591 1477 2609 nos
1493 2582 1614 2608 addimus
1629 2587 1666 2610 (a.
1682 2584 1730 2616 r).

1236 2626 1252 2655 3
1271 2626 1337 2654 Male
1357 2626 1421 2653 edit.
1442 2627 1524 2654 Main.
1547 2627 1610 2662 legit
1630 2631 1655 2655 εἰ
1676 2636 1723 2663 pro
1744 2630 1774 2655 ul
1795 2629 1833 2663 (n.
1849 2628 1897 2664 Τ.).
