2279 3260
161 243 210 269 An.
226 242 255 268 C.
281 242 346 269 1074

982 246 1124 270 CLEMENS
1147 247 1165 270 Χ
1190 247 1236 271 ΡΡ.

1766 238 1824 271 501
1875 246 1924 274 An.
1942 245 1970 273 C.
1993 246 2059 272 1674

353 293 563 336 quibuslibet,
579 299 614 327 ut
627 294 819 338 praefertur,
839 294 964 338 aliaque
981 295 1089 327 omnia
1131 295 1284 328 sticorum
1306 306 1584 340 quorumcumque
1610 307 1668 340 per
1686 307 1741 329 eos
1761 307 1867 339 respe-

354 351 387 380 et
410 347 539 390 singula
564 352 627 380 tam
649 358 666 380 a
690 347 779 380 curia
798 353 829 382 et
854 348 942 391 regia
959 347 1088 381 audien-

1132 348 1212 381 etive
1237 349 1455 389 obtentorum,
1478 354 1722 393 perpetuaeque
1741 350 1869 382 inhabi-

355 399 406 440 tia,
433 410 609 443 earumque
633 399 803 441 ministris,
823 411 876 434 seu
902 401 972 434 aliis
990 399 1112 443 magi-1
1133 400 1229 434 litatis
1254 402 1292 434 ad
1317 402 1372 435 illa
1398 407 1429 435 et
1453 402 1516 435 alia
1541 401 1660 434 similia
1698 403 1744 435 vel
1771 402 1867 435 ‹lissi-

353 452 516 493 stratibus‚
542 452 704 486 iudicibus
730 458 760 486 et
786 453 1002 487 tribunalibus
1033 453 1089 486 lai-
1108 443 1113 510 i
1133 454 1222 487 milia
1247 465 1471 498 quaecumque
1497 455 1708 498 imposterum
1736 466 1871 498 quomo-

353 505 474 538 calibus
510 505 706 546 huiusmodi,
745 518 841 550 quam
877 518 894 540 a
924 507 1088 546 Michaele,

353 557 493 601 losepho
518 564 550 591 et
574 558 698 601 ignatio
727 560 864 604 aliisque
890 560 1091 604 quibuslibet

355 610 531 643 nominatis
555 622 612 644 seu
638 612 799 655 deputatis
826 612 1011 656 praedictis,
1040 613 1090 645 vel

353 673 463 696 eorum
479 663 597 707 aliquo,
618 674 675 697 seu
694 675 803 698 eorum
818 670 869 698 aut
889 665 1023 698 alicuius
1042 674 1091 697 eo-

353 726 425 749 rum
449 718 628 760 respective
655 717 754 758 iussu,
782 719 933 751 mandato
959 718 1008 751 vel
1033 728 1091 750 no-

354 770 440 803 mine
467 770 505 802 ab
530 770 601 804 aliis
626 770 890 814 quibuscumque,
906 771 1003 804 etiam
1020 781 1090 813 spe-

355 822 446 856 cifica
472 829 504 856 et
527 823 691 856 individua
714 824 879 857 mentione
906 829 938 856 et
961 834 1091 867 expres-

352 876 444 908 sione
471 875 585 919 dignis,
611 876 643 908 in
669 876 853 919 praemissis
871 878 919 909 vel
945 876 1028 909 circa
1053 886 1090 908 ea

354 928 657 972 quomodocumque
672 934 702 961 et
717 929 996 972 qualitercumque
1010 933 1088 967 acta,

354 982 446 1021 saeta,
472 986 574 1024 gesta,
601 981 761 1021 mandata,
781 982 925 1022 decreta,
944 981 1091 1014 ordinata
1110 1026 1111 1029 Ἰ

351 1035 401 1067 vel
419 1034 584 1078 disposita,
599 1045 635 1067 ac
654 1034 761 1067 forsan
780 1034 812 1067 in
831 1035 973 1067 futurum
987 1034 1088 1077 (quod

351 1087 435 1119 Deus
461 1087 608 1129 avertat)
634 1087 770 1129 agenda,
794 1087 952 1127 facienda,
976 1097 1090 1129 geren-

351 1140 405 1180 da,
431 1139 627 1179 mandanda,
655 1140 861 1173 decernenda
885 1144 915 1174 et
939 1140 1090 1173 ordinan-

351 1192 400 1232 da,
427 1202 499 1225 cum
525 1192 674 1225 omnibu÷
694 1198 725 1225 et
746 1192 883 1235 singulis
909 1193 985 1226 inde
1009 1203 1090 1236 quo-

350 1245 396 1278 vis
421 1245 519 1278 modo
545 1245 662 1278 secutis
699 1251 730 1278 et
754 1247 1023 1290 quandocumque
1045 1256 1090 1278 se-

350 1298 484 1338 cuturis,
510 1298 639 1341 penitus
664 1304 695 1330 et
719 1299 852 1332 omnino
878 1300 977 1339 nulla,
1002 1299 1090 1332 inva-

350 1351 416 1384 lida
441 1356 472 1384 et
495 1350 612 1391 inania,
639 1351 763 1391 frivola,
779 1352 883 1393 irrita,
906 1352 1087 1391 temeraria,

351 1409 383 1436 et
406 1414 424 1436 a
448 1413 513 1437 non
532 1403 729 1436 habentibus
747 1410 940 1447 potestatem
962 1406 1090 1438 damna-

349 1455 459 1489 biliter
476 1461 643 1497 attentata,
664 1462 695 1489 et
712 1457 751 1490 de
771 1457 853 1490 sacto
871 1463 1088 1501 praesumpta,

350 1510 539 1553 nulliusque
556 1509 694 1550 roboris,
709 1511 863 1543 momenti
882 1517 913 1544 et
929 1512 1090 1544 efficaciae

350 1572 433 1603 esse,
449 1568 481 1595 et
495 1563 534 1595 ab
549 1562 643 1596 initio
663 1563 772 1604 tuisse,
789 1574 825 1596 ac
838 1570 998 1607 perpetuo
1012 1565 1088 1604 sore,

351 1620 462 1648 tenore
497 1616 717 1659 praesentium
752 1616 955 1650 declaramus
980 1623 1011 1650 et
1035 1617 1087 1650 de-

350 1667 524 1709 cernimus,
549 1669 670 1712 illaque
696 1670 884 1703 damnamus
914 1676 945 1703 et
976 1681 1090 1714 repro-

350 1721 472 1761 bamus,
489 1732 525 1754 ac
543 1722 582 1754 ad
601 1722 756 1755 maiorem
775 1728 806 1755 et
822 1723 1089 1756 abundantiorem

350 1776 561 1816 cautelam‚et
575 1781 734 1818 quatenus
753 1787 834 1819 opus
851 1776 900 1817 sit,
914 1777 968 1810 illa
982 1777 1089 1809 onmia

350 1831 382 1859 et
402 1826 538 1870 singula,
566 1833 725 1870 quatenus
752 1829 790 1861 de
816 1829 898 1862 facto
922 1840 1090 1873 processe-

350 1885 437 1920 runt,
463 1890 660 1922 revocamus,
682 1892 854 1924 cassamus,
872 1883 1033 1915 irritamus
1058 1888 1090 1916 et

350 1934 568 1974 annullamus,
593 1934 780 1978 viribusque
806 1940 837 1968 et
860 1934 973 1968 effectu
997 1936 1089 1979 peni-

351 1993 401 2020 tus
426 1992 457 2020 et
477 1987 612 2020 omnino
633 1998 813 2028 vacuamus,
837 1989 868 2021 in
883 1988 1038 2022 omnibus
1056 1995 1088 2022 et

350 2050 408 2082 per
432 2040 542 2072 onmia
566 2040 702 2083 perinde
721 2051 757 2073 ae
775 2040 801 2073 si
820 2052 986 2084 nunquam
1007 2042 1088 2074 sacta

351 2091 486 2124 fuissent
514 2102 574 2124 nec
599 2092 795 2134 evenissent,
816 2103 922 2136 neque
946 2104 1086 2137 unquam

351 2143 468 2177 fierent
492 2145 540 2177 vel
567 2144 748 2177 evenirent.

183 2206 244 2236 ntem
263 2205 342 2234 mario
395 2198 410 2240 g
434 2196 466 2229 4.
493 2196 648 2235 Quocirca
666 2197 814 2232 Michaeli
843 2210 879 2231 ac
906 2199 1029 2241 Ignatio
1057 2206 1089 2233 et

157 2232 501 2292 ETlG'RliE'sais'i'uTlosepho,
520 2249 632 2282 aliisve
658 2251 826 2293 quibusvis
850 2251 954 2285 laicali
980 2258 1086 2285 aucto·

156 2292 176 2305 iu
198 2286 273 2305 xii-tute
294 2290 342 2304 san-

156 2314 203 2331 ctae
243 2304 446 2340 utentem-ritate
470 2309 505 2335 ut
528 2304 711 2346 praefertur
742 2305 918 2338 nominatis
939 2306 1088 2349 etvdepu-

156 2340 198 2358 ttae
209 2337 341 2362 prohibetae

156 2365 248 2389 aliqum
272 2366 340 2383 actum
353 2356 425 2389 tatis
442 2355 625 2399 praedietis,
642 2362 674 2389 et
691 2368 804 2390 eorum
821 2358 964 2399 cuilibet,
981 2359 1012 2390 in
1031 2359 1089 2391 vir-

155 2390 342 2410 iurtstlictiuualem

156 2413 420 2468 ¹221,0⁰e¹„‘{{}'13‡.¹,¹ft⁰oe
447 2413 581 2466 sanctae⁴
601 2409 828 2452 obedientiae,
855 2421 891 2443 ac
914 2411 973 2443 sub
999 2412 1089 2444 obte-

156 2469 311 2491 utinrubrica
352 2461 494 2494 statione
521 2462 619 2494 divini
644 2462 763 2503 iudicii,
789 2469 820 2496 et
855 2464 1089 2497 interminatio—

351 2525 391 2547 ne
417 2514 653 2547 maledictionis
678 2521 849 2556 aeternae,
876 2527 1005 2550 necnon
1029 2517 1088 2550 sub

351 2567 696 2600 excommunicationis
723 2569 855 2601 maioris
881 2575 912 2602 ct
935 2570 1088 2613 privatio-

350 2621 400 2654 nis
422 2620 614 2663 dignitatum
635 2626 665 2654 et
686 2621 919 2655 beneficiorum
938 2624 1087 2658 ecclesia·

1118 506 1257 540 ,delibet
1275 507 1460 547 obtinenda,
1477 507 1546 550 ipso
1563 508 1646 540 facto
1667 508 1788 550 absque
1810 508 1872 541 alia

1134 559 1352 593 declaratione
1378 560 1583 593 incurrendis
1612 560 1738 603 poenis,
1764 560 1874 593 distri-

1133 618 1183 645 cte
1208 613 1422 656 prohibemus
1445 619 1476 646 et
1494 613 1730 652 interdicimus,
1750 624 1800 653 ne,
1820 623 1873 645 no-

1133 666 1319 699 minationis
1355 676 1408 699 seu
1435 665 1654 709 deputationis
1686 666 1872 698 huiusmodi

1134 718 1336 762 aliorumque
1354 718 1607 762 praemissortuu
1634 719 1752 761 vigore,
1773 719 1871 751 ullam

1133 771 1404 809 iurisdictionem,
1430 777 1623 814 potestatem
1653 773 1702 805 vel
1733 771 1872 804 auctori-

1134 829 1231 856 tatem
1258 824 1508 857 ecclesiasticam
1545 830 1576 857 et
1602 824 1802 868 spiritualem
1839 824 1871 856 in

1133 876 1261 910 civitate
1288 878 1337 910 vel
1363 877 1505 910 dioecesi
1527 883 1581 909 aut
1604 878 1772 921 provincia
1797 877 1872 910 Cae-

1133 931 1365 972 saraugustana
1384 930 1557 972 praedictis
1579 941 1740 971 exercere,
1759 932 1874 964 ullum-

1134 993 1170 1015 ve
1188 988 1292 1015 actum
1307 982 1594 1015 iurisdietionalem
1611 984 1715 1017 faeere
1733 984 1874 1017 audeant

1133 1035 1246 1079 quovis
1271 1036 1366 1068 modo
1392 1046 1447 1068 seu
1473 1042 1695 1078 praesumant.

1175 1088 1190 1131 g
1214 1087 1245 1120 5.
1272 1088 1332 1121 Eos
1359 1099 1497 1132 quoque,
1525 1089 1578 1132 qui
1598 1089 1662 1122 illis
1682 1091 1732 1123 vel
1757 1101 1869 1124 eorum
1908 1098 1992 1134 Poenae
2016 1105 2066 1119 con-

1133 1141 1229 1174 alieui
1254 1141 1395 1174 scienter
1419 1141 1451 1173 in
1475 1142 1661 1185 praemissis
1692 1129 2066 1186 paruerint,ssssffiiffss'ssi¹¹1'3u2‘jl

1132 1194 1181 1226 vel
1215 1193 1394 1234 auxilium,
1433 1193 1606 1226 consilium
1641 1195 1690 1227 vel
1730 1185 1922 1229 stu·01·e11‘1‘”⁵'

1133 1247 1246 1290 quovis
1262 1247 1358 1280 modo
1377 1247 1614 1290 praestiterint,
1642 1248 1873 1292 cuiuscumque

1133 1304 1231 1332 status
1249 1326 1257 1340 ‚
1292 1299 1410 1342 gradus
1427 1325 1434 1339 ‚
1468 1299 1591 1332 ordinis
1609 1326 1616 1339 ‚
1650 1300 1847 1334 conditionis
1866 1327 1873 1341 ,

1133 1352 1408 1395 praeeminentiae
1426 1353 1475 1385 vel
1494 1352 1657 1395 dignitatis
1682 1353 1812 1393 suerint,
1835 1354 1876 1387 si—

1134 1405 1263 1438 milibus
1289 1405 1402 1448 poenis
1428 1415 1466 1438 eo
1492 1405 1561 1448 ipso
1592 1405 1809 1447 innodamus,
1845 1413 1876 1440 et

1133 1459 1306 1492 innodatos
1325 1458 1408 1498 fore,
1425 1468 1460 1490 ac
1474 1458 1648 1500 dignitates
1667 1464 1697 1491 et
1715 1459 1874 1492 beneficia

1134 1511 1329 1551 huiusmodi,
1352 1521 1490 1553 quorum
1516 1511 1705 1553 privationis
1731 1523 1872 1554 poenam

1133 1570 1268 1608 propter
1286 1563 1575 1606 transgressionem
1593 1565 1774 1607 praesentis
1800 1575 1873 1607 pro-

1134 1616 1302 1649 hibitionis
1340 1626 1399 1659 per
1434 1616 1599 1658 praefatos
1627 1617 1873 1659 quomodolibet

1134 1669 1255 1702 incurri
1276 1668 1462 1711 eontigerit,
1480 1668 1550 1711 ipso
1571 1669 1652 1701 sacto
1673 1669 1797 1711 absque
1823 1669 1873 1701 de-

1133 1723 1308 1756 claratione
1331 1732 1454 1761 vacare,
1481 1721 1600 1764 illaque
1621 1732 1680 1765 per
1706 1732 1873 1765 quoscum-

1133 1787 1194 1820 que
1217 1775 1385 1819 impetrari
1410 1785 1519 1818 posse,
1535 1775 1742 1807 decerninus
1768 1780 1799 1807 et
1823 1775 1874 1808 de-

1132 1831 1312 1869 claramus,
1340 1838 1468 1861 necnon
1494 1829 1683 1861 eorumdem
1700 1828 1874 1861 beneficio-

1132 1893 1203 1915 rum
1228 1887 1260 1915 et
1283 1881 1476 1924 dignitatum
1501 1881 1546 1914 sic
1570 1881 1750 1914 vacantium
1776 1883 1874 1914 colla-

1133 1936 1263 1976 tionem,
1278 1934 1497 1978 provisionem
1516 1939 1547 1967 et
1569 1935 1790 1967 omnimodam
1810 1935 1872 1967 dis-

1132 1988 1346 2031 positionem,
1373 1998 1410 2020 ac
1443 1987 1659 2030 praefatarum
1691 1998 1871 2030 poenarum

1131 2041 1372 2074 absolutionem
1388 2051 1445 2072 seu
1467 2040 1708 2081 relaxationem,
1728 2040 1821 2073 nobis
1841 2046 1873 2073 et

1132 2094 1276 2126 Romano
1294 2093 1439 2126 Pontifici
1461 2103 1520 2136 pro
1547 2098 1694 2136 tempore
1721 2093 1871 2127 existenti

1108 2138 1110 2149 ³
1132 2148 1298 2180 dumtaxat
1318 2146 1506 2190 specialiter
1531 2157 1744 2179 reservamus.

1175 2201 1189 2243 ξ
1204 2200 1234 2232 ti.
1254 2200 1292 2232 Et
1305 2199 1387 2243 quia,
1407 2200 1484 2232 sede
1502 2200 1773 2243 archiepiscopali
1791 2200 2061 2257 Cae-depulgtffljfaffl

1132 2255 1367 2295 saraugustana
1390 2257 1425 2284 ut
1449 2252 1632 2295 praefertur
1661 2258 1803 2294 vacante,
1822 2254 1903 2286 os·de
1920 2248 2031 2280 meana-s

1132 2305 1246 2339 ticialis
1267 2316 1324 2338 seu
1343 2305 1479 2337 vicarius
1505 2305 1586 2338 inl'ra
1612 2311 1685 2339 octo
1712 2307 1781 2339 dies
1797 2313 1869 2350 post

1133 2364 1271 2391 mortem
1291 2358 1528 2401 archiepiscopi
1555 2369 1572 2390 a
1598 2359 1738 2402 capitulo
1765 2360 1869 2392 dictae

1132 2412 1401 2456 metropolitanae
1427 2412 1583 2445 ecclesiae
1608 2411 1872 2455 Caesanmgusta-

1132 2476 1202 2505 nae,
1225 2466 1264 2498 ad
1289 2465 1378 2508 quod
1404 2476 1441 2498 ea
1467 2475 1518 2498 res
1539 2465 1624 2497 iuxta
1643 2466 1773 2498 decreta
1789 2465 1872 2498 Con-

1132 2518 1198 2551 eilii
1215 2518 1393 2551 Tridentini
1412 2517 1591 2561 spectabat,
1608 2518 1804 2550 constitutus
1821 2519 1871 2551 vel

1131 2570 1339 2603 confirmatus
1364 2582 1429 2603 non
1456 2570 1524 2609 suit,
1546 2571 1594 2602 ius
1621 2570 1798 2613 deputandi
1826 2571 1872 2602 os-

1131 2624 1266 2657 ticialem
1292 2635 1346 2657 seu
1381 2624 1533 2657 ricarium
1561 2623 1754 2664 huiusmodi,
1782 2623 1870 2658 intuta
