2279 3260
206 245 240 270 Λ..

228 305 337 324 «nutantia
349 311 374 324 ini
383 315 390 321 -

206 337 246 350 ιιιυι
253 335 281 351 ιιι.

273 244 301 269 Γ..
324 246 388 270 te7¹2

233 830 268 849 Et*
284 829 379 853 ‹lei-ont.

259 1250 273 1269 Α
296 1250 390 1270 censuris

205 1276 318 1296 absolutio.

231 2523 332 2543 tmtnttnm
344 2522 388 2543 Cle·

206 2555 231 2569 ιιι·
241 2554 280 2569 titt«
296 2549 330 2570 IX.

436 239 499 270 :²³³2

444 295 457 335 ,ἓ
488 294 535 326 102.
565 295 631 327 Non
658 296 861 328 obstantibus
888 294 1083 338 praemissis,
1102 304 1138 325 ac

400 347 683 380 constitutionibus
709 354 741 380 et
766 347 1025 380 ordinationibus
1060 355 1138 388 apo-

399 400 532 440 stolicis,
559 412 684 434 necnon
711 401 928 444 praefatorum
954 397 1081 431 Ordinis
1107 402 1138 429 et

399 453 594 496 provinciae,
621 454 732 487 aliisve
764 453 938 496 ‹piibusvis,
965 451 1062 484 etiam
1093 451 1137 482 iu-

399 512 566 545 ramento,
596 506 838 539 confirmatione
865 504 1055 547 apostolica,
1084 504 1133 535 vel

398 559 507 602 quavis
534 559 681 591 firmitate
717 559 776 590 alia
809 556 983 596 roboratis,
1010 554 1134 587 statutis

399 617 431 644 et
455 611 765 650 constuetudinibus,
794 609 968 653 privilegiis
997 618 1135 651 qnoque,

400 665 531 697 indultis
558 670 589 695 et
613 664 730 696 litteris
753 662 939 705 apostolicis
963 662 993 693 in
1011 665 1137 693 eontra-

400 718 482 749 rium
518 717 767 759 praemissorum
794 714 1038 757 quomodolibet
1061 723 1137 744 con-

400 771 517 806 cessis,
544 769 740 801 confirmatis
767 773 798 800 et
823 767 1002 806 innovatis;

445 825 458 864 ς’
487 821 539 854 13.
578 821 698 859 Quibus
723 820 872 853 omnibus
912 826 943 851 et
973 819 1134 861 singulis,

402 877 530 908 illorum
558 880 687 906 tenores
711 873 940 917 praesentibus
964 882 1022 915 pro
1041 873 1135 914 plene

401 934 432 961 et
467 927 665 959 sut'ticientcr
698 926 860 969 expressis
897 937 933 958 ae
970 926 1008 957 de
1037 925 1137 957 verbo

400 982 438 1013 ad
460 981 592 1013 verbum
618 980 747 1012 insertis
775 979 940 1017 habentes
967 977 1032 1011 illis
1057 977 1135 1009 alias

401 1035 431 1066 in
454 1044 512 1065 suo
536 1034 651 1066 robore
677 1031 904 1075 permansuris,
925 1031 963 1063 ad
981 1029 1136 1074 praemis-

401 1097 509 1118 sorum
528 1084 683 1124 effectum,
705 1086 764 1117 hac
782 1085 849 1116 vice
872 1084 1046 1123 dumtaxat,
1065 1092 1137 1125 spe-

400 1139 525 1171 cialiter
543 1143 573 1170 et
594 1148 744 1181 expresse
767 1138 979 1179 derogamus;
1006 1134 1136 1168 ceteris-

401 1202 463 1234 que
488 1191 659 1224 contrariis
684 1191 953 1233 qnilniscumspte.

466 1245 480 1287 ξ
505 1244 557 1276 tlt.
584 1244 735 1275 Volumus
761 1248 880 1282 autem,
908 1248 942 1273 ut
966 1241 1030 1280 illi,
1056 1249 1136 1283 quos

401 1308 417 1329 a
447 1297 591 1329 censuris
624 1301 757 1339 propter
791 1294 968 1337 praemissa
1000 1292 1136 1325 incursis

398 1355 432 1381 ut
453 1350 635 1392 praefertur
660 1347 865 1387 absolvimus,
893 1346 1136 1390 poenitentiam,
1157 1351 1158 1386 j

399 1414 495 1445 quam
521 1402 565 1433 eis
590 1401 741 1433 sacerdos
762 1401 897 1432 idoneus
926 1404 1061 1442 propter
1086 1408 1136 1430 ea-

400 1455 472 1486 dem
503 1453 681 1496 praemissa
709 1452 894 1491 iniunxerit,
924 1452 1056 1484 omnino
1082 1451 1136 1482 ad-

400 1508 571 1549 impvant,
598 1506 741 1548 alioquin
774 1513 964 1548 praesentes
986 1504 1132 1543 litterae,

399 1560 505 1602 quoad
531 1558 769 1591 absolutionem
791 1558 976 1590 huiusmodi
994 1557 1026 1589 in
1048 1555 1134 1589 eius¹
1156 1579 1157 1604 ἶ

398 1612 468 1644 foro
494 1611 723 1651 conscientiae,
750 1611 881 1643 minime
908 1610 1132 1653 srdsragentur.

442 1665 554 1697 Datum
580 1664 709 1703 Romae,
736 1664 817 1706 apud
835 1663 866 1696 S.
888 1663 1015 1695 Mariam
1040 1662 1135 1695 Maio-
1155 1682 1156 1689 ι

399 1728 477 1756 rem,
497 1717 555 1748 sub
571 1718 690 1749 annulo
707 1716 888 1756 piscatoris,
905 1716 955 1749 die
969 1726 1044 1749 xvnl
1059 1716 1134 1748 maii

397 1779 569 1809 nnetxxn,
598 1769 804 1812 pontificatus
830 1769 928 1802 nostri
950 1779 1035 1801 anno
1062 1779 1110 1802 111.

806 1822 828 1854 Ι.
850 1822 885 1854 G.
905 1822 1043 1855 SLusms.

434 1886 491 1921 Ua!-
510 1886 553 1912 die
572 1886 601 1912 18
618 1886 680 1912 maii
699 1886 777 1919 1672,
794 1885 889 1920 pontis.
912 1893 982 1911 anno
999 1891 1038 1911 ιιι.

432 1949 597 1982 Reyistrata
613 1948 643 1974 in
663 1947 803 1975 Secretar.
821 1947 905 1974 Brev.
922 1947 953 1974 in
966 1948 1016 1974 lib.
1031 1946 1136 1974 mensis

400 1993 482 2027 maii,
502 2001 530 2026 p.
552 1998 579 2025 ιι,
600 1992 650 2026 fol.
674 1993 733 2018 151.

734 2106 795 2139 CII.

398 2178 552 2210 Facultas
563 2177 684 2220 prioris
695 2177 858 2219 qeneralis
871 2177 1005 2210 Ordinis
1016 2178 1044 2209 Β
1049 2205 1053 2209 .
1068 2178 1136 2209 Μα-

442 2233 509 2263 riae
525 2231 562 2263 de
579 2232 683 2263 Monte
703 2230 849 2263 Carmelo
867 2231 1051 2272 conferendi
1069 2231 1136 2262 lau-

441 2294 530 2316 ream
544 2283 735 2316 doctoralem
747 2283 906 2325 fratribus
919 2283 1086 2325 mayistris
1100 2283 1135 2315 in

441 2337 584 2380 cotteym&
602 2345 629 2369 et
649 2336 768 2368 studiis
784 2337 837 2368 sur
856 2336 1001 2368 Ordinis.

613 2408 746 2434 Clemens
772 2407 850 2440 Papa
876 2407 908 2438 X,

546 2452 582 2479 ad
602 2452 734 2478 futuram
754 2452 798 2478 rei
820 2451 1000 2478 memoriam.

444 2515 529 2547 Alias
568 2513 670 2546 felicis
711 2513 945 2545 recordationis
985 2513 1131 2547 Clemens

399 2568 457 2600 PP.
476 2567 523 2606 lx,
543 2566 776 2610 praedecessor
792 2570 909 2606 noster,
929 2565 1047 2599 dilecto
1065 2566 1131 2600 filio

434 2630 444 2657 1
465 2628 514 2656 Pro
530 2628 560 2655 in
574 2628 635 2655 eius
650 2628 767 2664 tegerem
783 2627 823 2655 eis
838 2627 870 2655 in
886 2628 924 2662 (a.
937 2627 987 2662 T.)-

974 245 1156 282 nnttntntt'M
1180 245 1262 270 Rom
1268 247 1331 271 NUM

1179 293 1338 327 ltlatthaeo
1361 294 1510 335 Orlando,
1537 295 1692 328 moderno
1711 299 1742 327 et
1759 305 1816 338 pro
1837 298 1916 328 tem-

1179 356 1256 388 pore
1285 347 1433 379 existenti
1475 348 1572 390 priori
1609 347 1752 389 generali
1786 347 1914 380 Ordinis

1180 398 1310 431 fratrum
1343 400 1376 432 Β.
1410 400 1525 433 Mariae
1550 401 1588 433 de
1615 400 1721 433 Monte
1746 400 1913 440 Carmelo,

1178 451 1360 485 facultatem
1385 453 1571 486 conferendi
1597 454 1739 486 lauream
1765 453 1915 485 doctora-

1179 505 1241 536 lem
1266 504 1328 537 illis
1354 505 1503 537 tratribus
1528 504 1603 537 dicti
1628 505 1767 545 Ordinis,
1795 505 1857 548 qui,
1877 516 1914 538 ex

1179 562 1351 599 praecepto
1372 557 1637 589 constitutionum
1654 557 1781 590 Ordinis
1803 557 1916 590 huius-

1178 609 1274 648 modi,
1301 609 1486 650 magisterio
1512 609 1657 651 insigniti
1680 610 1793 649 forent,
1809 615 1916 642 aucto-

1179 662 1272 694 ritate
1298 661 1475 704 apostolica
1499 662 1675 701 concessit,
1699 661 1741 694 ita
1758 667 1863 694 tamen
1880 667 1915 695 ut

1179 715 1233 747 illa
1258 720 1347 747 extra
1368 714 1539 757 collegium
1564 714 1817 747 Salamantinum
1837 725 1914 748 non-

1180 767 1239 799 nisi
1263 768 1295 799 in
1313 767 1452 809 collegio
1470 767 1501 799 S.
1521 766 1637 799 Mariae
1655 766 1913 810 Transpontinae

1180 821 1218 853 de
1240 820 1322 852 Urbe
1348 820 1495 853 eiusdem
1520 819 1647 852 Ordinis
1670 819 1714 851 uti
1740 820 1856 862 possit,
1882 824 1915 852 et

1179 873 1256 906 alias
1281 878 1375 916 prout
1399 873 1430 904 in
1456 872 1557 915 ipsius
1582 872 1755 905 Clementis
1779 873 1915 915 praede-

1180 925 1318 958 cessoris
1346 925 1461 958 litteris
1489 925 1627 968 desuper
1646 924 1679 957 in
1700 924 1797 957 simili
1815 924 1917 957 forma

1180 978 1295 1017 Brevis,
1323 978 1373 1010 die
1399 988 1436 1010 xx
1465 977 1532 1010 iulii
1558 986 1722 1010 noetxvin
1748 977 1915 1020 expeditis,

1180 1042 1311 1074 quarum
1334 1036 1478 1063 tenorem
1497 1030 1721 1073 praesentibus
1740 1040 1799 1073 pro
1818 1031 1915 1073 plene

1179 1090 1210 1117 ct
1234 1083 1430 1116 sufficienter
1455 1093 1608 1126 expresso
1637 1093 1673 1115 ac
1697 1082 1735 1114 de
1760 1083 1858 1115 verbo
1877 1083 1914 1115 ad

1180 1138 1311 1170 verbum
1333 1136 1453 1169 inserto
1480 1136 1593 1169 haberi
1611 1137 1764 1175 volumus,
1782 1135 1914 1168 uberius

1179 1190 1374 1223 continetur.

1222 1244 1236 1286 g
1262 1243 1291 1275 1.
1319 1242 1395 1275 Cum
1418 1247 1534 1282 autem,
1553 1241 1637 1274 sicut
1654 1241 1817 1284 praesatus
1837 1240 1914 1272 Mat-

1181 1296 1294 1328 thaeus
1320 1295 1407 1338 prior
1433 1294 1592 1337 generalis
1617 1294 1710 1326 nobis
1731 1304 1837 1336 nuper
1863 1304 1914 1326 ex-

1179 1349 1255 1392 poni
1282 1349 1367 1388 fecit,
1393 1349 1504 1380 fratres
1528 1347 1672 1390 magistri
1694 1358 1711 1379 a
1731 1347 1839 1391 priore
1858 1358 1913 1390 ge-

1179 1401 1283 1434 nerali
1316 1401 1392 1433 dicti
1420 1400 1549 1433 Ordinis
1582 1411 1640 1443 pro
1674 1406 1820 1443 tempore
1850 1400 1913 1432 exi-

1179 1459 1283 1486 stente
1308 1453 1445 1486 instituti
1470 1454 1647 1486 secundnm
1666 1454 1800 1486 sormam
1817 1463 1913 1495 regu-

1178 1507 1537 1540 lariuminstitutorum
1569 1511 1641 1538 ante
1675 1505 1914 1549 susceptionem

1178 1562 1305 1593 laureae
1330 1559 1502 1593 doctoralis
1529 1558 1712 1592 huiusmodi
1731 1559 1828 1591 nullis
1850 1559 1912 1591 frui

1178 1614 1302 1657 possint
1319 1613 1496 1656 privilegiis
1509 1640 1516 1653 ,
1536 1623 1633 1656 saepe
1651 1623 1728 1645 vero
1747 1612 1914 1654 contingat

1178 1667 1317 1710 priorem
1342 1667 1528 1709 generalem
1557 1665 1684 1698 Ordinis
1710 1665 1911 1705 huiusmodi,

1178 1719 1368 1752 visitationis
1386 1719 1589 1761 aliorumque
1608 1718 1810 1760 negotiorum
1829 1718 1914 1750 eius-

1178 1774 1250 1806 dem
1274 1772 1401 1805 Ordinis
1433 1774 1549 1811 causd,
1582 1782 1640 1814 per
1672 1772 1783 1814 plures
1810 1780 1912 1803 annos

1178 1831 1266 1859 extra
1283 1825 1402 1858 Urbem
1427 1825 1603 1868 praefatam
1626 1834 1768 1863 manere,
1795 1833 1833 1855 eo
1860 1834 1913 1855 au-

1177 1885 1241 1912 tem
1274 1879 1407 1911 absente
1439 1878 1554 1913 fratres
1588 1876 1731 1919 magistri
1769 1877 1912 1909 lauream

1177 1932 1376 1965 doctoralem
1402 1930 1599 1973 suscipiendi
1626 1929 1727 1971 gratia
1758 1929 1797 1961 ad
1823 1939 1908 1961 eam-

1178 1986 1250 2018 dem
1274 1984 1392 2017 Urbem
1419 1983 1537 2015 frustra
1566 1983 1629 2014 sint
1654 1981 1822 2021 accessuri,
1849 1992 1910 2014 nec

1176 2042 1311 2081 propter
1343 2047 1456 2069 eorum
1490 2039 1714 2078 paupertatem
1750 2034 1909 2066 eiusmodi

1177 2092 1317 2124 lauream
1343 2089 1375 2121 in
1401 2089 1509 2131 aliqua
1534 2087 1629 2119 studii
1655 2086 1817 2129 generalis
1839 2086 1911 2118 uni-

1176 2143 1325 2176 versitate
1347 2141 1511 2184 suscipere
1536 2141 1677 2179 valeant,
1703 2139 1834 2172 attentis
1860 2139 1909 2171 in-

1177 2194 1399 2228 tolerabilibus
1415 2193 1626 2237 pecuniarum
1642 2191 1772 2224 summis
1789 2191 1910 2224 ibidem

1177 2247 1417 2290 expendendis,
1452 2246 1567 2289 quibus
1594 2244 1799 2288 pauperrima
1823 2244 1910 2276 inter

1177 2301 1392 2334 Mendicantes
1411 2298 1525 2341 religio
1545 2298 1677 2330 nimium
1692 2302 1893 2340 gravaretur:

1220 2355 1234 2398 ἓ
1254 2353 1285 2385 ⁶2.
1310 2352 1408 2385 Nobis
1425 2357 1596 2395 propterea
1614 2351 1715 2383 dictus
1731 2350 1908 2384 Matthaeus

1176 2406 1266 2450 prior
1301 2406 1479 2448 generalis,
1521 2415 1561 2437 ne
1597 2404 1759 2447 praefatos
1795 2404 1908 2437 fratres

1176 2458 1345 2502 magistros
1362 2457 1539 2501 privilegiis
1557 2458 1622 2490 suis
1640 2457 1695 2489 diu
1708 2467 1818 2489 carere
1833 2467 1909 2490 con-

1176 2512 1289 2554 tingat,
1317 2510 1482 2543 humiliter
1507 2510 1682 2553 supplicari
1709 2509 1793 2549 fecit,
1811 2514 1846 2541 ut
1870 2509 1911 2541 si-

1174 2565 1206 2597 bi
1239 2564 1369 2606 suisque
1395 2563 1634 2595 successoribus
1659 2562 1824 2606 prioribus
1854 2573 1908 2605 ge-

1173 2618 1338 2652 neralibus
1362 2617 1393 2649 in
1418 2616 1605 2660 praemissis
1629 2621 1810 2660 opportune
1835 2625 1907 2659 pro-

1919 246 1968 273 Λη.
1989 247 2019 273 C.
2042 246 2108 273 ⁴67³AE

1947 1253 2049 1274 Mettium
2065 1261 2108 1274 :iin-

1924 1280 2002 1304 ptiandi
2031 1282 2108 1301 detrun

1924 1306 2034 1327 indultum.

1947 2358 2033 2379 Pontio.
