2279 3260
121 250 171 276 An.
195 249 221 275 C.
241 249 308 277 1670

147 675 268 697 nardium.

151 1623 220 1643 Teuor
234 1621 307 1642 Brevis

125 1648 238 1670 clementis
252 1647 286 1669 tx.

355 296 444 329 dinis
467 296 497 329 S.
524 296 689 329 Dominici
710 307 769 339 pro
794 296 901 338 reqm‘s
930 301 957 327 el
983 296 1039 327 do-

353 350 467 382 miniis
484 350 684 381 serenissimo
705 350 774 391 reqi
798 349 954 380 callmliro
971 349 1044 379 sul)-

354 401 461 441 ieccis,
489 411 609 433 necnon
635 405 773 443 czuqusto
801 401 992 444 imperatori
1016 404 1044 432 ct

353 453 466 486 domui
488 453 696 487 Auslriczcae.

540 543 673 569 Clemens
695 543 771 574 Papa
792 542 824 572 X,

435 587 471 613 nd
487 589 661 620 perpetuam
677 585 720 612 rei
740 585 920 612 memoriam.

356 665 442 703 Quae
467 676 485 697 a
505 664 656 697 Romanis
682 663 891 697 Pontificibus
912 664 1047 706 praede-

313 717 492 750 cessoribus
511 717 630 749 nostris
644 717 683 749 ad
701 716 882 758 augendam
900 716 930 748 in
953 715 1045 748 terris

314 770 554 802 venerationem
579 779 740 801 sacrarum
765 768 940 809 virginum,
968 778 1046 810 quas

312 822 460 855 caelestis
474 832 611 864 sponsus
626 821 778 854 virtutum
790 820 933 853 omnium
945 821 1047 862 splen-

311 876 389 908 dore
416 875 576 917 fulgentes
603 874 642 906 ad
668 879 816 906 aeternae
836 873 1046 905 beatitudinis

310 929 441 972 nuptias
466 927 577 967 evexit,
603 932 691 960 recte
716 933 812 970 atque
830 926 945 959 ordine
967 926 1047 957 sacta

312 991 382 1014 esse
407 985 602 1019 noscuntur,
623 990 660 1012 ea
684 989 742 1012 nos
772 979 944 1022 pastoralis
973 979 1048 1010 cha-

314 1033 416 1066 ritatis
440 1033 546 1065 studio
571 1032 712 1065 libenter
737 1032 938 1075 ampliamus,
968 1032 1049 1063 sicut

313 1086 367 1130 pia
392 1086 649 1118 orthodoxorum
672 1095 783 1127 regum
802 1089 875 1117 vota
893 1084 1046 1126 flagitant,

314 1143 346 1171 et
362 1149 433 1178 nos,
450 1149 484 1171 re
508 1143 630 1170 mature
644 1139 816 1180 perpensa,
838 1136 894 1169 Dei
913 1136 1047 1178 gloriae,

311 1191 522 1234 ipsarumque
545 1200 709 1223 sacrarum
733 1189 893 1232 virginum
919 1189 1046 1228 honori,

313 1249 345 1276 et
369 1243 529 1287 spirituali
554 1243 697 1275 fidelium
724 1242 938 1274 aedificationi
972 1252 1048 1274 con-

313 1296 453 1329 ducibile
480 1296 547 1328 sore
575 1296 607 1328 iu
632 1295 768 1328 Domino
795 1295 1001 1327 arbitramur.

355 1350 370 1392 ᾗ
406 1349 437 1381 sl.
476 1349 562 1381 Alias
603 1348 761 1391 siquidem
802 1353 996 1380 emanarunt
1032 1359 1048 1380 a

312 1401 413 1434 felicis
446 1401 680 1434 recordationis
708 1401 871 1433 Clemente
902 1400 987 1443 Papa
1009 1400 1048 1433 lx

312 1454 562 1497 praedecessore
591 1459 702 1486 nostro
737 1453 861 1486 litterae
886 1453 919 1485 in
952 1453 1048 1486 simili

314 1509 418 1540 forma
442 1507 552 1540 Brevis
577 1506 697 1540 tenoris
716 1507 770 1550 qui
795 1507 949 1550 sequitur,
967 1506 1051 1539 vide-

316 1560 410 1594 licet:

363 1613 506 1647 Clemens
526 1612 621 1655 Papa
640 1612 707 1651 IX,
731 1611 773 1644 acl
795 1617 984 1656 perpetuam
1005 1613 1052 1645 rei

317 1666 517 1698 memoriam.
546 1665 772 1708 Redemptoris
799 1671 830 1697 ct
853 1665 978 1698 Domini
1001 1675 1051 1697 no-

317 1718 376 1751 stri
400 1718 472 1751 Iesu
497 1718 636 1756 Christi,
667 1717 722 1760 qui
752 1728 856 1750 sacras
888 1718 1048 1761 virgines,

315 1781 451 1815 sponsas
477 1781 563 1810 suas,
590 1769 724 1802 floribus
749 1770 972 1813 multipliciter
992 1771 1052 1803 vir-

315 1829 420 1856 tutum
436 1824 615 1861 decoratas,
633 1823 906 1856 irmnarcescibilis
929 1825 1050 1866 gloriae

314 1876 467 1920 praemiis
493 1876 590 1908 donat
619 1875 651 1907 in
688 1875 808 1915 caelis,
841 1876 927 1908 vices
964 1876 1051 1918 (licet

314 1928 481 1971 immeriti)
497 1933 647 1971 gerentes
662 1928 695 1960 in
713 1928 818 1968 terris,
837 1929 891 1971 pia
911 1929 1053 1962 fidelium

316 1982 508 2025 praesertim
544 1981 779 2013 catholicorum
815 1992 926 2024 regum
960 1987 1053 2023 vota,

318 2035 357 2067 ad
379 2035 561 2077 augendam
580 2034 706 2066 illarum
729 2034 971 2067 venerationem
989 2036 1056 2067 lau-

320 2087 420 2120 dabili
445 2088 551 2120 studio
576 2087 751 2126 tendentia,
771 2087 911 2120 libenter
928 2089 1056 2121 exaudi-

322 2151 404 2180 mus,
423 2151 457 2173 ac
475 2140 635 2172 favoribus
653 2145 684 2172 et
704 2140 813 2182 gratiis
828 2141 1056 2184 prosequimur

324 2193 530 2236 opportunis.
558 2193 644 2225 Alias
670 2193 843 2236 siquidem,
875 2194 1056 2236 diligentis-

323 2247 404 2279 sime
426 2246 576 2279 discussis
601 2251 697 2289 atque
714 2246 886 2289 perpensis
904 2257 963 2290 per
987 2258 1057 2281 con-

323 2299 547 2342 gregationem
572 2299 806 2332 venerabilium
832 2300 966 2332 fratrum
1000 2311 1056 2334 no-

321 2358 460 2384 strorum
478 2351 509 2385 S.
530 2352 566 2384 R.
582 2351 617 2384 E.
640 2352 850 2385 cardinalium
869 2353 968 2385 sacris
993 2353 1057 2386 riti-

320 2406 379 2438 bus
405 2405 662 2448 praepositorum
682 2405 889 2448 processibus
907 2406 946 2438 de
964 2406 1056 2439 Sedis

321 2457 529 2500 Apostolicae
545 2457 675 2490 licentia
687 2458 843 2491 consectis
863 2469 961 2501 super
974 2459 1057 2492 vitae

323 2510 493 2543 sanctitate
520 2516 550 2543 et
567 2510 739 2544 virtutibus
766 2511 798 2543 in
823 2512 924 2553 gradu
952 2513 1058 2546 heroi-

326 2575 374 2604 co,
400 2564 515 2607 quibus
540 2575 630 2597 serva
658 2565 715 2597 Dei
739 2565 824 2599 Rosa
848 2566 887 2598 de
912 2566 942 2599 S.
963 2566 1058 2599 Maria

327 2616 416 2659 virgo
433 2616 564 2649 Limana
580 2616 676 2650 Tertii
693 2617 819 2651 Ordinis
836 2618 938 2652 sancti
952 2619 1059 2652 Domi-

939 249 1080 272 CLEMENS
1102 249 1120 272 x
1145 249 1192 271 rr.
1747 241 1783 274 71

1088 296 1149 327 uici
1175 294 1384 338 nuutiplinmr
1409 297 1581 336 claruisse,
1611 308 1738 330 necnon
1764 297 1821 329 mi-

1089 347 1224 387 raculis,
1263 358 1341 390 quae
1377 350 1415 380 ad
1447 349 1516 380 eius
1548 349 1821 382 intercessionem

1089 412 1105 432 a
1129 401 1191 433 Deo
1217 405 1339 443 patrata
1366 400 1459 433 l'uisse
1485 402 1721 440 asserebantur,
1752 412 1822 434 cum

1089 453 1297 495 congregatio
1324 453 1488 495 praedicta
1507 463 1614 485 coram
1638 453 1731 485 nobis
1749 463 1824 485 cou-

1090 506 1199 537 stituta
1229 505 1420 537 unanimiter
1455 505 1651 543 censuisset,
1679 506 1823 547 quando-

1090 567 1226 600 cumque
1253 558 1344 590 nobis
1378 558 1553 597 videretur,
1580 557 1618 589 ad
1644 558 1822 590 solemnem

1090 597 1234 642 ciusdem
1256 622 1364 643 servae
1391 610 1445 643 Dei
1471 611 1574 642 llosae
1607 610 1824 643 cainonizatio-

1091 674 1163 695 nem
1189 663 1273 695 iuxta
1298 665 1393 696 ritum
1425 663 1567 695 eiusdem
1589 663 1620 695 S.
1642 663 1678 695 R.
1700 663 1734 695 E.
1755 668 1823 696 tuto

1091 726 1188 758 posse
1215 715 1375 756 deveniri,
1403 715 1529 748 interim
1560 726 1635 748 vero
1660 715 1823 757 indulgeri

1090 772 1124 800 ut
1149 768 1180 800 111
1208 773 1273 800 toto
1295 769 1372 801 orbe
1400 773 1557 800 terrarum
1582 769 1679 800 Beata
1701 778 1825 800 nuncu-

1091 825 1235 861 paretur:
1263 831 1331 858 nos,
1357 820 1417 862 piis
1443 825 1536 863 atque
1555 820 1657 852 enixis
1674 820 1824 852 charissi-

1092 872 1132 903 mi
1158 872 1189 903 in
1215 872 1341 904 Christo
1367 872 1422 905 lilii
1449 872 1548 905 nostri
1573 871 1678 905 Caroli
1711 872 1824 915 Hispa-

1093 925 1217 956 niarum
1241 926 1324 966 regis
1350 926 1523 964 catholici,
1551 936 1585 958 ac
1614 925 1824 958 charissimae

1092 978 1122 1009 in
1148 978 1275 1010 Christo
1302 978 1385 1010 tiliae
1411 983 1538 1012 nostrae
1565 977 1748 1010 Mariannae
1774 988 1825 1009 re-

1092 1031 1184 1073 ginae
1199 1031 1310 1063 riduae
1329 1031 1471 1063 eiusdem
1489 1030 1665 1073 genitricis,
1681 1035 1713 1062 et
1728 1031 1825 1063 totius

1091 1083 1217 1115 Ordinis
1237 1083 1336 1116 sancti
1355 1083 1512 1115 Dominici
1531 1083 1825 1126 supplicationibus

1092 1136 1184 1168 nohis
1202 1146 1299 1178 super
1323 1137 1383 1168 hoc
1410 1135 1574 1168 humiliter
1599 1135 1755 1178 porrectis
1772 1135 1827 1168 he-

1091 1189 1188 1231 nigne
1215 1189 1368 1228 inclinati,
1409 1190 1448 1222 de
1485 1189 1725 1232 praedictorum
1761 1199 1827 1221 car-

1092 1242 1246 1275 dinalium
1272 1242 1388 1275 consili
1440 1248 1471 1274 et
1500 1242 1644 1274 unanimi
1669 1251 1825 1281 assensu,

1092 1295 1278 1328 auctoritate
1297 1299 1389 1337 apost
1437 1297 1472 1327 ca
1496 1295 1689 1327 indulsimus
1707 1299 1742 1325 ut
1760 1303 1828 1326 me-

1092 1354 1216 1380 morata
1241 1349 1295 1381 Dei
1322 1359 1410 1381 serva
1436 1348 1519 1380 Rosa
1545 1348 1583 1380 de
1608 1347 1639 1380 S.
1667 1347 1763 1379 Maria
1795 1347 1827 1379 in

1092 1406 1258 1443 posterum
1283 1401 1397 1433 Boutae
1423 1400 1554 1433 nomine
1572 1404 1827 1442 nuncuparetur,

1094 1454 1229 1496 eiusque
1254 1464 1370 1497 corpus
1399 1459 1429 1485 et
1450 1453 1608 1496 reliquiae
1628 1451 1828 1485 venerationi

1093 1505 1236 1538 fidelium
1262 1511 1342 1547 <non
1361 1512 1463 1538 tamen
1485 1505 1750 1548 processionibus
1767 1505 1829 1537 cir-

1094 1559 1323 1599 cumferenda)
1365 1563 1630 1601 exponerentur,
1672 1557 1829 1600 imagines

1094 1622 1220 1654 quoque
1244 1611 1340 1643 radiis
1366 1622 1423 1643 seu
1449 1610 1677 1654 splendoribus
1699 1620 1831 1643 exorna-

1094 1670 1217 1703 rentur,
1245 1670 1340 1707 atque
1367 1664 1405 1697 de
1440 1666 1477 1696 ea
1512 1665 1572 1696 sub
1608 1663 1672 1695 ritu
1709 1663 1830 1705 duplici

1094 1718 1288 1750 recitaretur
1312 1717 1462 1757 osticium,
1488 1721 1518 1749 et
1542 1716 1641 1749 missa
1654 1716 1832 1748 celebrare-

1096 1775 1147 1802 tur
1181 1771 1219 1803 de
1255 1770 1384 1812 Virgine
1421 1780 1485 1802 non
1524 1770 1660 1813 Martyre
1697 1769 1832 1811 singulis

1096 1822 1196 1863 annis,
1219 1823 1305 1854 iuxta
1322 1822 1466 1854 rubricas
1482 1821 1633 1854 breviarii
1650 1826 1681 1854 et
1696 1821 1832 1854 missalis

1096 1875 1230 1915 romani,
1267 1875 1318 1908 die
1342 1885 1413 1908 xxvi
1439 1874 1585 1917 augusti,
1613 1884 1693 1917 quae
1727 1875 1833 1918 prima

1098 1934 1144 1962 est
1170 1939 1234 1961 non
1260 1928 1414 1971 impedita
1439 1934 1512 1971 post
1536 1928 1621 1960 diem
1649 1937 1721 1960 xxiv
1750 1927 1835 1960 eius-

1098 1983 1171 2014 dem
1196 1981 1325 2021 mensis,
1346 1992 1407 2024 qua
1428 1980 1577 2023 spiritum
1597 1980 1741 2012 Creatori
1761 1980 1835 2012 red-

1099 2035 1196 2067 didit:
1224 2035 1304 2066 haec
1329 2044 1403 2067 vero
1424 2033 1457 2065 in
1482 2034 1561 2066 locis
1594 2034 1757 2065 dumtaxat
1788 2033 1835 2066 in-

1100 2087 1285 2130 frascriptis,
1316 2097 1432 2129 nempe
1449 2087 1482 2118 in
1501 2087 1627 2119 civitate
1646 2091 1678 2119 et
1694 2086 1835 2119 dioecesi

1099 2141 1247 2180 Liniana,
1274 2152 1309 2173 ac
1339 2141 1372 2173 in
1398 2141 1550 2174 universo
1575 2140 1696 2173 Ordine
1733 2141 1835 2173 sancti

1100 2194 1266 2233 Dominici,
1294 2199 1357 2226 tam
1373 2194 1502 2226 fratrum
1519 2204 1615 2236 quam
1632 2193 1834 2233 monialium,

1101 2253 1142 2287 ct,
1157 2252 1311 2290 quantum
1329 2247 1368 2279 ad
1386 2247 1498 2278 missas
1513 2246 1637 2286 attinet,
1653 2245 1747 2278 etiam
1762 2257 1778 2279 a
1792 2257 1836 2279 sa-

1100 2301 1288 2334 cerdotibus
1306 2299 1553 2339 confluentibus,
1567 2299 1705 2342 proutin
1716 2299 1835 2331 nostris

1101 2354 1240 2396 desuper
1264 2352 1296 2385 in
1327 2352 1422 2384 simili
1448 2352 1551 2384 forma
1582 2351 1691 2384 Brevis
1716 2351 1767 2383 die
1791 2361 1836 2384 xn

1102 2406 1253 2440 februarii
1268 2405 1413 2449 proxime
1432 2405 1596 2448 praeteriti
1615 2404 1772 2448 expeditis
1791 2404 1837 2437 lit-

1102 2461 1188 2500 teris,
1206 2470 1339 2503 quarum
1362 2463 1509 2491 tenorem
1527 2458 1753 2501 praesentibus
1777 2468 1836 2501 pro

1102 2515 1196 2556 plene
1222 2518 1253 2546 et
1277 2512 1473 2545 sufficienter
1497 2521 1648 2554 expresso
1673 2515 1703 2543 et
1734 2510 1837 2543 inser-

1104 2572 1134 2600 to
1160 2566 1273 2599 haberi
1297 2567 1455 2605 volumus,
1474 2564 1608 2597 uberius
1641 2564 1833 2596 continetur.

1102 2619 1179 2653 Cum
1204 2624 1327 2660 autem,
1352 2619 1434 2652 sicut
1458 2617 1700 2662 praedictorum
1731 2616 1835 2650 Caroli

1835 247 1884 273 Αη.
1904 245 1931 272 C.
1950 245 2018 273 1570
