2279 3260
147 244 197 270 Αη.
219 245 248 269 C.
268 243 334 270 1674

337 292 393 325 sed
419 292 457 325 de
483 293 539 325 sua
564 293 650 325 mer-2¹
669 292 902 325 deliberatione
929 297 960 324 et
984 293 1071 325 certa

337 345 487 386 scientia,
509 355 567 388 per
591 345 668 378 alias
695 355 766 377 suas
793 345 823 377 in
850 345 945 378 simili
972 346 1071 378 forma

339 397 447 431 Brevis
480 397 531 430 die
565 408 581 430 v
607 397 788 430 decembris
820 397 967 431 eiusdem
996 397 1070 430 anni

338 460 455 484 Mnch1
474 455 636 483 emanatas
662 450 782 483 litteras
805 451 987 487 declaravit.
1007 451 1072 483 ele-

338 503 478 536 ctionem
511 503 666 546 praedicti
692 503 816 543 decani,
844 515 878 536 ac
903 503 1010 537 omnia
1042 508 1072 535 et

337 556 463 598 singula
481 555 653 588 circaeam
680 561 750 589 acta
775 561 807 589 et
833 562 934 599 gesta,
957 561 985 589 et
1003 565 1073 599 pos-

337 608 532 647 sessionem,
558 618 615 641 seu
640 608 745 641 verius
771 609 1004 648 intrusionem,
1037 618 1072 641 ac

337 666 444 694 cetera
475 671 699 704 quaecumque
725 662 919 701 subsecuta,
950 662 1071 694 nnllam

336 714 467 758 penitus
492 720 522 748 et
559 720 766 754 attentatam,
793 716 944 757 nullaque
971 719 1002 746 et
1031 719 1073 746 at-

339 773 482 808 tentata,
511 773 543 800 et
568 768 687 801 nullius
712 768 837 801 roboris
863 774 894 801 et
919 767 1072 800 momenti

339 820 435 853 fuisse
460 826 491 853 et
516 831 596 861 esse,
617 831 723 864 neque
748 820 780 852 in
806 820 918 863 quovis
942 819 1071 859 indicio,

339 878 402 905 tam
427 873 579 916 petitorio
613 883 707 916 quam
742 872 952 916 possessorio,
978 872 1071 905 etiam

338 926 602 959 summariissimo
632 931 663 958 et
687 926 767 958 meri
794 926 866 958 facti
883 953 890 966 ‚
917 926 1073 969 prodesse

338 983 433 1022 atque
448 979 570 1011 attendi
589 988 684 1021 posse
702 979 750 1010 vel
767 978 899 1017 debere,
917 978 972 1010 sed
991 988 1074 1009 eum-

339 1033 411 1064 dcm
438 1032 626 1064 decanatum
655 1031 759 1063 adlinc
784 1042 906 1069 vacare,
925 1036 959 1062 ut
983 1030 1073 1073 prius

337 1084 468 1116 vacabat
480 1094 538 1127 per
548 1083 786 1126 promotionem
799 1083 932 1126 praefati
948 1083 1073 1115 Ioannis

338 1136 444 1169 Iacobi
471 1137 509 1169 ad
536 1136 652 1169 dictam
675 1137 844 1169 ecclesiam
863 1136 1074 1175 Bisuntinam,

338 1190 462 1222 sublata
484 1189 676 1232 cuicumque
703 1189 798 1222 aliter
825 1189 998 1228 iudicandi,
1024 1189 1076 1221 dc-

339 1242 491 1275 cernendi
509 1248 541 1275 et
558 1241 793 1285 interpretandi
812 1247 989 1285 potestate;
1009 1241 1076 1274 irri-

340 1300 406 1328 tum
422 1305 552 1338 prorsus
568 1300 600 1327 et
616 1295 711 1327 inane
724 1295 903 1328 decernens
920 1295 1076 1338 quidquid

340 1357 432 1381 secus
452 1347 530 1387 lieri,
557 1347 686 1381 decerni
713 1353 807 1390 atque
829 1349 978 1380 attentari
1001 1359 1077 1381 cou-

342 1401 494 1443 tingeret·,
522 1400 655 1443 insuper
677 1400 762 1433 dicto
787 1399 956 1434 Guillelmo
981 1401 1078 1433 Hum-

182 1465 277 1485 tiactum
293 1454 433 1486 ‹tc-herto
462 1464 478 1486 a
503 1453 723 1495 Praecipiano,
739 1453 817 1485 tanti
844 1453 994 1486 facinoris
1026 1464 1079 1486 au-

147 1496 226 1538 iss’ssfflffl
241 1491 434 1547 dssssffss'llctort
452 1505 630 1550 promotori
651 1516 706 1537 sen
728 1505 852 1543 fautori,
871 1507 994 1538 nullum
1011 1517 1079 1539 om-

147 1545 421 1600 ifb'iieeuffiquciiffinino
440 1559 471 1591 in
490 1559 576 1591 dicta
593 1559 758 1601 dignitate,
780 1569 885 1602 neque
903 1559 988 1592 illius
1008 1570 1079 1602 pos-

147 1597 502 1651 32'1'2'3'¹{130⁰12¹53i².³‘sessione,
528 1613 577 1645 vel
602 1611 704 1654 qnasi,
720 1611 781 1651 ins,
801 1622 907 1654 neque
933 1612 971 1644 ad
998 1622 1078 1651 eam,

344 1665 538 1708 acquisitum
565 1665 664 1696 fnisse
689 1665 739 1697 vel
765 1664 888 1707 acquiri
914 1664 1077 1708 potuisse,

343 1719 399 1752 sed
424 1719 531 1762 ipsum
556 1722 715 1761 perpetuo
735 1717 915 1750 inhabilem
940 1723 971 1750 et
994 1717 1079 1750 inca-

343 1782 454 1816 pacem
479 1771 519 1804 ad
544 1770 724 1814 praefatum
750 1771 942 1803 decanatum
970 1776 1001 1803 et
1018 1771 1078 1804 alia

343 1834 564 1868 quaecumque
579 1823 799 1856 ecclesiastica
816 1822 973 1856 beneficia
999 1835 1079 1867 quo-

342 1888 480 1921 cumque
513 1877 609 1910 etiam
643 1887 726 1909 novo
764 1877 880 1916 titulo,
908 1879 1005 1910 causa
1029 1879 1077 1911 vel

341 1935 510 1974 praetextu
542 1929 759 1962 obtinendum
790 1935 817 1962 et
845 1929 1077 1973 possidendum

341 1984 457 2024 effecit,
478 1982 639 2022 reddidit,
665 1982 808 2015 decrevit
828 1987 859 2015 et
884 1983 1077 2023 declaravit,

341 2042 376 2069 ut
399 2036 430 2069 in
457 2046 506 2075 eo,
525 2035 557 2067 in
576 2045 640 2078 quo
659 2037 717 2067 sna
738 2035 914 2068 ambitione
933 2035 1079 2079 delique-

341 2095 400 2126 rat,
419 2089 581 2131 condigna
600 2088 878 2121 animadversione
899 2088 1076 2131 puniretur,

342 2148 373 2175 et
399 2141 548 2175 facinoris
572 2141 620 2174 sui
646 2141 870 2175 detestabilem
888 2142 1076 2176 memoriam

342 2195 461 2238 iugiter
485 2195 723 2234 detestaretur3

149 2257 331 2308 dgnfflssgtgffl
387 2249 401 2292 g
426 2248 457 2280 5.
483 2247 531 2280 Illi
549 2248 662 2280 eadem
680 2248 872 2280 auctoritate
890 2248 1078 2291 specialiter

148 2295 331 2330 na'l'sxcommuui-
342 2301 508 2340 mandans,
534 2306 568 2332 ut
587 2301 704 2341 statim,
728 2301 839 2333 habita
862 2301 1074 2344 posteriorum

148 2339 211 2356 nonis
221 2336 276 2356 latae
285 2341 330 2356 sen·

148 2362 226 2397 tentiae
248 2367 261 2382 a
284 2355 522 2399 pojflitterarum
534 2353 721 2387 huiusmodi
739 2354 1074 2398 intimatione(quam,

146 2389 368 2462 ἓξῖξὲἓῖιῑιῗυίἷῇἰςὶ
387 2408 441 2441 ille
466 2407 498 2440 in
515 2407 641 2440 civitate
660 2408 825 2441 Bisuntina
841 2419 993 2451 praesens
1010 2420 1074 2441 non

146 2472 255 2488 moenere·
342 2466 434 2501 esset,
453 2460 539 2493 domi
565 2460 634 2493 eius
661 2460 870 2494 habitationis
892 2466 923 2493 et
951 2462 989 2494 ad
1011 2463 1076 2495 val-

340 2524 392 2547 vas
417 2513 613 2547 cathedralis
637 2514 790 2547 ecclesiae
804 2513 951 2553 validam,
970 2515 1075 2557 legiti-

340 2578 425 2601 mam
443 2577 479 2600 ac
503 2566 723 2607 sufficientem,
745 2567 882 2610 perinde
900 2579 937 2600 ac
954 2569 980 2601 si
1000 2579 1073 2611 per-

340 2621 498 2655 sonaliter
522 2621 604 2653 sacta
629 2620 753 2660 suisset,
771 2621 841 2654 sore
867 2622 1035 2665 decrevit),
1056 2634 1073 2656 a

442 2684 519 2712 Ball.
538 2684 615 2712 Rom.
634 2700 668 2704 —
686 2685 744 2711 Vol.
763 2685 865 2713 XVIII.
1011 2687 1044 2714 (35

965 243 1106 268 ntentans
1129 244 1146 267 Χ
1172 245 1218 268 ΡΡ.

1750 237 1812 270 513

1114 292 1331 335 possessione,
1351 303 1408 325 seu
1435 294 1540 337 potius
1565 295 1777 337 occupatione
1796 299 1850 328 aut

1114 344 1294 379 intrusione
1319 345 1393 378 dicti
1419 346 1592 378 decanatus
1625 357 1660 379 ac
1692 347 1760 379 eius
1790 347 1848 379 bo-

1115 408 1229 431 norum
1248 403 1279 432 et
1297 399 1411 431 inrium
1440 400 1606 438 recedere,
1632 399 1786 442 illamque
1812 400 1849 433 li-

1116 450 1225 483 beram
1250 462 1384 494 prorsus
1406 451 1567 484 dimittere
1595 456 1626 484 et
1651 452 1849 495 relinquere,

1109 514 1221 546 ,neque
1247 504 1285 536 ad
1311 514 1381 537 eam
1407 504 1544 548 amplius
1570 504 1674 537 redire
1691 531 1698 544 ‚
1732 505 1850 537 reverti

1116 558 1166 590 vel
1191 558 1343 591 accedere
1360 584 1368 598 ,
1401 558 1550 601 ullosque
1572 557 1714 597 fructus,
1743 558 1853 590 reddi-

1118 615 1166 642 tus
1192 612 1241 643 vel
1266 616 1441 654 proventus
1466 611 1595 653 exigere
1632 611 1681 643 vel
1707 610 1802 643 etiam
1834 621 1851 642 a

1116 668 1230 705 sponte
1256 663 1408 695 dantibus
1433 663 1579 706 accipere
1609 663 1764 703 auderet,
1793 673 1850 706 per

1117 726 1160 754 se,
1175 716 1223 748 vel
1249 726 1307 759 pel·
1327 715 1423 748 alium
1444 722 1497 748 aut
1522 717 1602 749 alios
1620 716 1759 759 quosviS,
1775 726 1850 749 con·

1117 774 1162 801 tra
1190 769 1284 801 liuius
1317 769 1479 801 interdicti
1516 774 1609 812 atque
1647 768 1852 801 inhibitionis

1117 827 1347 865 praeceptura,
1381 822 1439 854 sul)
1467 825 1571 865 poena
1597 822 1853 855 excommunica-

1119 874 1213 907 tionis
1239 885 1277 908 eo
1298 875 1369 918 ipso
1397 876 1622 915 incurrendae,
1645 875 1734 908 cuius
1760 875 1855 908 abso-

1117 927 1272 960 lutionem
1299 927 1361 959 sibi
1393 932 1514 960 tantum
1550 933 1578 960 et
1613 927 1854 961 successoribus

1118 980 1180 1011 suis
1201 981 1384 1012 reservarit.

1161 1033 1175 1076 ἓ
1199 1032 1227 1064 6.
1247 1032 1283 1064 Et.
1299 1033 1522 1071 nil'iilomimts,
1542 1033 1567 1065 si
1586 1033 1744 1066 mandatis
1764 1034 1852 1066 hisce
1892 1045 2049 1069 enatantem„

1119 1086 1199 1118 intra
1224 1086 1396 1119 terminum
1422 1097 1534 1119 novem
1561 1086 1687 1119 dierum
1714 1087 1753 1119 ab
1779 1073 2051 1127 inn-32⁶2‘50'i3'1fissfossssslff

1118 1138 1321 1171 mationeilli
1340 1139 1387 1181 (ut
1412 1139 1624 1182 praemissum
1651 1139 1712 1181 est)
1735 1125 1989 1173 sacie11-Z‘tffli‘jh21i,
2004 1130 2051 1176 iis-3

1119 1191 1168 1230 da,
1195 1201 1331 1234 quornm
1358 1196 1420 1224 tres
1445 1201 1505 1234 pro
1530 1191 1634 1234 primo
1654 1218 1661 1229 ,
1685 1191 1764 1223 alios
1791 1177 2050 1224 ti‘esi'1⁴ff⁶³⁰³¹⁰e⁸¹”³¹'

1119 1254 1178 1287 pro
1204 1244 1372 1284 secundo,
1399 1248 1427 1276 et
1456 1244 1533 1277 alios
1559 1249 1622 1276 tres
1656 1254 1715 1287 pro
1740 1243 1855 1277 ultimo

1120 1297 1275 1330 canonico
1300 1302 1331 1330 et
1357 1297 1580 1341 peremptorio
1616 1297 1755 1330 termino
1781 1297 1858 1330 assi-

1121 1350 1237 1392 gnavit,
1256 1355 1404 1393 prompte
1424 1355 1455 1383 et
1476 1349 1643 1382 humiliter
1659 1360 1724 1382 non
1739 1350 1859 1393 paruis-

1120 1407 1177 1441 set,
1194 1403 1242 1435 vel
1269 1413 1348 1435 ausu
1367 1402 1549 1442 temerario,
1567 1413 1626 1446 per
1643 1413 1678 1435 se
1697 1404 1746 1435 vel
1764 1403 1858 1441 alios,

1122 1465 1325 1498 quacumque
1344 1454 1542 1494 auctoritate,
1560 1455 1679 1493 medio,
1695 1457 1789 1487 causti
1810 1456 1857 1487 vel

1122 1513 1308 1551 praetextu,
1335 1518 1429 1540 ausus
1455 1507 1569 1540 suisset
1593 1508 1797 1551 aliquatenus
1824 1518 1859 1540 se

1123 1571 1298 1604 opponere,
1320 1561 1491 1600 contraire,
1514 1561 1563 1593 vel
1580 1565 1764 1604 promptam
1783 1561 1861 1594 obe-

1123 1614 1275 1647 dientiam
1301 1613 1451 1653 differre,
1485 1615 1570 1646 ultra
1595 1613 1780 1656 praedictae
1806 1624 1859 1646 ex-

1121 1667 1426 1700 comnnmicationis
1451 1667 1637 1705 incursum,
1663 1667 1789 1706 exinde,
1811 1667 1859 1698 in-

1122 1725 1233 1753 vocato
1260 1720 1364 1759 etiam,
1384 1719 1410 1751 si
1429 1729 1509 1762 opus
1532 1719 1627 1758 foret,
1646 1718 1773 1752 brachii
1791 1729 1860 1751 sae-

1123 1772 1241 1806 cularis
1266 1772 1394 1813 auxilio,
1425 1772 1515 1805 illum
1540 1771 1696 1811 amoveri,
1727 1771 1798 1804 eiici
1828 1776 1860 1803 et

1123 1826 1240 1869 expelli
1276 1825 1464 1865 mandavit,
1491 1830 1522 1857 et
1553 1835 1774 1868 quoscumque
1811 1824 1858 1857 illi

1123 1884 1236 1912 contra
1261 1878 1436 1921 praemissa
1461 1877 1622 1916 auxilium,
1642 1878 1784 1910 savorem
1809 1878 1858 1910 vel

1122 1932 1337 1965 assistentiam
1363 1937 1425 1964 tam
1451 1931 1483 1964 in
1501 1931 1621 1963 iudicio
1647 1941 1742 1974 quam
1769 1936 1860 1963 extra

1122 1989 1322 2028 praestantes
1338 1990 1373 2016 ut
1389 1984 1521 2017 eaedem
1538 1984 1663 2017 litterae
1681 1993 1771 2015 suam
1794 1984 1861 2026 ple-

1122 2038 1243 2070 nariam
1269 2037 1492 2071 executionem
1519 2047 1585 2069 non
1612 2036 1780 2076 haberent,
1807 2041 1861 2069 aut

1122 2090 1268 2125 executio
1304 2090 1488 2123 huiusmodi
1522 2090 1726 2133 aliquatenus
1751 2089 1860 2122 ditl'er-

1122 2149 1211 2177 retur
1231 2148 1283 2176 ant
1312 2143 1542 2181 retardaretur,
1558 2143 1704 2175 eamdem
1729 2152 1858 2175 excom-

1121 2196 1373 2230 municationem
1409 2206 1448 2229 eo
1483 2195 1554 2239 ipso
1591 2195 1760 2229 incurrere
1796 2196 1855 2229 de·

1121 2250 1232 2284 erevit.

1164 2303 1233 2346 §T
1266 2303 1435 2336 Praeterea
1469 2303 1621 2335 eumdem
1653 2301 1856 2335 Guillelmum
1920 2313 2012 2334 Electum
2032 2316 2052 2333 ει

1120 2357 1339 2395 Ilumbertnm,
1362 2361 1393 2389 et
1410 2356 1553 2399 singulos
1572 2355 1652 2388 alios
1671 2355 1854 2395 canonicos,
1867 2341 1968 2386 {iffi¹‘'¹essi³
1979 2342 2051 2387 {2¹12ssss

1120 2415 1150 2442 et
1167 2409 1344 2453 quemlibet
1361 2420 1481 2449 eorum,
1500 2409 1553 2452 qui
1573 2409 1605 2441 in
1627 2408 1696 2441 eius
1722 2393 1980 2442 electio-⁸¹¹⁵⁹⁶¹³⁶¹¹'

1120 2473 1193 2495 nem
1221 2472 1280 2505 per
1300 2472 1334 2495 se
1356 2462 1443 2505 ipsos
1472 2463 1521 2494 vel
1541 2466 1766 2504 procuratores
1783 2472 1857 2494 con-

1119 2521 1298 2554 senserant,
1323 2526 1359 2548 ac
1384 2520 1456 2548 vota
1481 2515 1651 2554 dederant,
1678 2515 1717 2547 ab
1743 2525 1856 2547 execu-

1119 2569 1204 2601 tione
1230 2579 1393 2601 sacrorum
1412 2568 1562 2601 ordinum
1584 2573 1615 2600 et
1642 2567 1681 2599 ab
1699 2567 1853 2600 exercitio

1119 2632 1298 2666 qtlorumcu
1303 2632 1406 2654 mcum
1412 2631 1475 2665 qlle
1508 2620 1591 2654 OffiCi
1597 2630 1689 2654 orum
1720 2630 1856 2664 suspen-

1860 247 1907 271 Αη.
1930 246 1957 272 (1.
1979 246 2044 272 t«·7t
