2279 3260
137 248 188 274 An.
210 248 238 274 C.
262 250 330 277 1670

156 676 270 695 Contrariis
281 677 306 696 dt·

133 705 201 726 rogat.

167 831 315 858 ”transumpto-

132 863 177 878 ruiu
193 858 253 878 tides*

162 2522 282 2544 Decretum.

330 299 403 331 tatis
439 298 632 341 ubicumque
663 303 821 330 terrarum
850 298 1062 330 existentibus

327 351 488 383 celebrari
513 356 543 383 ct
571 351 712 383 ollicium

327 403 413 435 muni
433 404 661 436 Conl‘essornm
681 415 745 436 non
770 403 959 435 Pontificum
979 403 1065 435 iuxta

326 455 471 488 rubricas
496 456 647 488 breviarii
674 461 704 488 et
730 456 867 487 missalis
885 455 1009 488 romani
1028 456 1064 488 li—

328 509 407 541 bere
433 514 465 541 et
488 508 575 541 licite
600 508 728 551 possint
748 515 779 541 et
806 509 940 547 valeant,
960 513 1064 541 aucto-

328 560 420 593 ritate
453 560 629 603 apostolica
645 587 652 600 ‚
681 566 794 593 tenore
820 561 1061 603 praesentium,

328 618 485 656 perpetuo
511 613 717 645 concedimus
743 618 774 645 et
798 613 1015 655 indulgemus.

372 666 432 708 3⁹2.
463 666 531 699 Non
550 666 753 699 obstantibus
776 666 1064 699 constitutionibus

327 725 359 751 et
382 719 643 751 ordinationibus
663 720 860 762 apostolicis,
883 719 1063 762 ceterisque

327 771 498 803 contrariis
525 771 794 815 quibuscumque.

371 824 385 866 fi
419 824 451 857 3.
487 824 639 856 Volumus
671 830 777 856 autem
808 829 843 856 ut
875 825 1062 856 earumdem

745 350 871 382 recitari
905 351 943 382 de
979 362 1065 382 com-

327 877 547 919 praesentium
566 877 746 909 litterarum
768 877 989 919 transumptis,
1007 888 1063 909 scu
1085 874 1087 880 ’

328 930 493 973 exemplis,
513 930 608 962 etiam
629 929 810 972 impressis,
836 940 931 962 manu
957 940 1065 962 secre-

328 982 399 1014 tarii
434 981 537 1014 dictae
571 981 738 1014 Societatis
772 983 822 1015 vel
857 982 974 1015 notarii
1007 993 1064 1024 pu-

327 1034 403 1067 blici
429 1034 629 1077 subscriptis,
655 1040 687 1067 et
711 1035 819 1077 sigillo
838 1034 973 1067 alicuius
993 1045 1064 1077 per-

327 1097 424 1119 sonae
442 1087 474 1119 in
493 1087 709 1119 ecclesiastica
731 1087 886 1129 dignitate
907 1087 1064 1119 constitu-

329 1144 388 1178 tae,
412 1141 462 1173 vel
488 1140 666 1183 praepositi
688 1146 742 1173 aut
769 1141 877 1172 vicarii
903 1140 1063 1182 generalis

326 1192 468 1225 eiusdem
484 1193 652 1226 Societatis
667 1204 725 1235 pro
738 1198 880 1235 tempore
897 1193 1063 1226 existentis

326 1246 467 1283 munitis,
491 1247 604 1279 eadem
629 1257 764 1289 prorsus
791 1246 869 1278 tides
887 1246 919 1278 in
941 1246 1062 1279 iudicio

325 1303 358 1331 et
382 1304 470 1331 extra
489 1299 568 1332 illud
585 1299 703 1342 ubique
726 1301 872 1332 locorum
894 1299 1060 1339 habeatur,

325 1362 407 1394 quae
437 1352 614 1384 haberetur
631 1352 710 1394 ipsis
734 1352 957 1394 praesentibus
975 1353 998 1384 si
1018 1354 1062 1386 so-

323 1410 398 1436 rent
421 1404 587 1437 exhibitae
608 1406 657 1437 vel
683 1410 843 1437 ostensae.

367 1458 481 1490 Datum
502 1457 632 1496 Romae,
653 1458 738 1500 apud
760 1458 790 1490 S.
811 1458 940 1490 Mariam
965 1458 1059 1492 Maio-

323 1520 401 1550 rem,
424 1511 481 1542 sub
498 1512 618 1543 annulo
644 1510 830 1550 Piscatoris,
858 1511 909 1543 die
935 1522 985 1545 xv1
1007 1523 1061 1545 au-

324 1563 406 1605 gusti
428 1573 564 1603 imctxx,
589 1563 796 1606 pontificatus
814 1564 913 1596 nostri
933 1575 1017 1597 anno
1036 1575 1058 1599 1.

359 1624 417 1651 Dat.
436 1624 480 1651 die
504 1625 533 1652 16
549 1625 655 1659 augusti
677 1625 752 1659 1670,
770 1626 864 1660 pontif.
887 1635 956 1653 anno
972 1633 989 1653 1.

642 1740 746 1773 xxiv.

323 1810 493 1842 Decretum
514 1815 713 1842 *catenatum
749 1811 784 1842 in
816 1812 1062 1853 concrepatione

367 1863 512 1905 qenerali
525 1867 654 1895 saveriae
671 1864 836 1896 Rmmmae
852 1869 878 1895 el
899 1865 1062 1896 mzirersa-

370 1916 410 1947 Iz's
427 1915 656 1957 Inquisilionis
671 1916 782 1947 laabim
800 1917 835 1947 in
851 1917 977 1958 palutio
992 1928 1063 1959 apo-

369 1968 477 2000 stolico
487 1968 604 2000 Mmms
618 1968 800 2007 Qm'rinalz's
813 1979 917 2000 coram
934 1970 1065 2001 sanctis-

369 2021 451 2052 simo
476 2021 605 2053 domino
629 2025 736 2053 nostro
754 2021 884 2053 domino
906 2022 1064 2055 Clemente

369 2073 484 2106 divine
512 2074 719 2116 providentis?
744 2075 838 2117 Papa
863 2076 892 2107 X
920 2086 956 2107 ac
980 2078 1060 2107 emi-

369 2127 571 2159 mittissimis
598 2131 627 2159 et
657 2128 932 2159 reverendissimfs
964 2128 1065 2160 domi-

370 2180 422 2211 nis
447 2180 478 2212 S.
505 2180 542 2212 R.
568 2180 602 2212 E.
628 2180 851 2212 cardinalitas<
876 2181 911 2212 in
936 2182 998 2213 tom
1018 2192 1065 2213 re-

367 2231 503 2274 public&
528 2232 711 2264 christiana
737 2237 848 2264 contra
870 2234 1064 2266 lmeren'mm

368 2285 566 2327 pravitatem
590 2285 794 2327 qflrzerale'bus
815 2287 1065 2328 inquisitoribus

371 2348 391 2369 a
423 2338 537 2369 sancta
561 2337 640 2370 Sede
664 2338 850 2380 Apostolicd
881 2340 1066 2381 specialiter

372 2389 545 2432 deputati&

446 2459 523 2486 Feria
542 2467 558 2486 v
577 2460 620 2487 die
640 2469 682 2487 xx1
702 2462 807 2496 augusti
828 2468 944 2488 noctxx.

372 2516 450 2550 Cum
477 2518 556 2550 alias
589 2529 648 2560 per
682 2529 805 2551 sacram
840 2521 1065 2563 congregatio-

330 2580 404 2602 nem
439 2570 470 2602 S.
505 2570 606 2603 Officii
641 2571 765 2604 iteratis
798 2572 1088 2606 instructionilnis‘

330 2622 368 2655 ab
394 2623 506 2656 eadem
532 2624 686 2656 emanatis
723 2625 761 2657 de
800 2636 883 2657 anno
920 2637 1066 2660 §.tiu‘vant

420 2686 495 2715 Ball.
517 2686 596 2713 Rom.
617 2701 650 2705 -
674 2686 732 2714 t'ol.
753 2687 851 2714 Xt'lll
938 2712 942 2716 .
995 2689 1023 2715 tt

964 251 1105 274 CLEMFNS
1128 252 1145 274 Χ
1171 251 1218 274 Pi*-

1086 2560 1088 2574 l

1759 246 1794 278 81

1107 304 1138 330 et
1160 309 1297 339 mecm,
1316 299 1526 344 locorumque
1545 302 1722 335 ordinariis
1746 309 1844 335 trans·

1084 351 1222 400 {missis
1247 351 1409 394 provisum
1436 355 1532 385 l'uerit
1559 360 1608 393 ut,
1636 356 1843 397 praescriptis

1107 404 1365 446 interrogatoriis
1392 406 1546 438 liuziendis
1570 407 1706 439 testibus
1725 409 1777 450 qui
1805 409 1843 440 ad

1106 458 1311 499 probandum
1336 463 1452 491 statum
1484 460 1623 492 liberum
1649 462 1845 493 contraben-

1108 509 1186 542 tium
1220 511 1459 544 matrimonium
1496 512 1716 553 inducuntur,
1742 514 1845 545 omnis

1107 573 1239 609 prorsus
1251 564 1475 596 secluderetur
1488 565 1592 597 aditus
1609 565 1653 605 iis,
1670 566 1724 608 qui
1739 567 1846 598 adbuc

1107 615 1231 648 vivente
1257 617 1359 648 altero
1385 616 1535 659 coniuge,
1562 622 1617 649 ant
1642 618 1719 650 alias
1746 618 1844 661 impe-

1108 667 1173 707 diti,
1189 668 1227 700 ad
1241 669 1383 701 secunda
1397 668 1509 702 illicita
1522 675 1594 702 vota
1613 670 1748 703 transire
1763 676 1845 702 sata-

1107 720 1244 761 gebant.;
1262 720 1370 753 videns
1390 721 1604 754 nibilominus
1619 722 1842 755 sanctissimus

1107 772 1258 804 dominus
1276 778 1388 806 noster
1402 776 1610 817 quamplures
1628 777 1771 808 locorum
1785 776 1842 808 Or-

1107 825 1258 865 dinarios‚
1280 827 1329 859 vel
1351 837 1461 859 eorum
1482 828 1619 860 vicarios
1647 834 1678 861 et
1707 830 1842 872 deputa-

1107 882 1156 910 tos
1173 878 1210 910 ad
1232 878 1440 921 excipiendas
1463 880 1590 913 testium
1607 881 1842 924 depositiones,

1108 941 1234 963 necnon
1251 932 1414 974 parochos
1432 937 1464 964 et
1482 933 1634 973 notarios,
1660 934 1692 966 in
1716 934 1842 967 casibus

1107 983 1267 1026 expressis
1299 989 1354 1015 aut
1379 984 1529 1017 omittere
1557 991 1610 1017 aut
1639 996 1704 1018 nou
1734 987 1844 1019 obser-

1106 1046 1181 1068 vare
1207 1036 1392 1068 earumdem
1414 1036 1663 1070 instructionum
1685 1043 1841 1079 tenorem,

1107 1093 1153 1128 et,
1172 1088 1248 1121 licet
1265 1088 1439 1131 aliquando
1461 1091 1556 1132 plene
1575 1091 1758 1129 observent,
1776 1102 1843 1124 non

1108 1146 1215 1173 tamen
1240 1141 1439 1184 interrogare
1463 1147 1560 1175 testes
1580 1153 1679 1186 super
1696 1144 1767 1176 aliis
1784 1144 1842 1176 im-

1106 1195 1301 1237 pedimentis
1326 1194 1571 1227 dirimentibus:

1149 1248 1163 1290 §
1193 1248 1218 1279 l.
1246 1248 1332 1287 Ideo,
1357 1249 1466 1281 volens
1485 1249 1644 1282 Sanctitas
1669 1250 1731 1282 Sua
1749 1261 1841 1293 prae-

1106 1301 1201 1334 dictis
1227 1300 1319 1333 malis
1334 1312 1520 1342 occurrere,
1540 1313 1572 1335 re
1594 1308 1718 1335 mature
1737 1304 1841 1336 consi-

1106 1355 1216 1387 derata
1230 1366 1301 1387 cum
1315 1354 1580 1388 eminentissimis
1597 1361 1628 1388 et
1646 1358 1842 1389 reverendis-

1105 1407 1192 1440 simis
1217 1407 1356 1440 dominis
1381 1407 1609 1445 cardinalibus,
1637 1410 1842 1451 generalibus

1104 1460 1364 1503 inquisitoribus,
1390 1460 1552 1503 praesenti
1574 1462 1705 1494 decreto
1726 1473 1844 1505 perpe-

1106 1514 1167 1546 tuis
1189 1514 1301 1550 futuris
1323 1514 1522 1557 temporibus
1552 1515 1705 1547 duraturo
1727 1515 1844 1550 iterum

1104 1567 1243 1610 iniungit
1274 1567 1424 1600 omnibus
1451 1567 1576 1599 vicariis
1595 1579 1653 1599 seu
1682 1568 1843 1611 deputatis

1105 1632 1162 1664 pro
1188 1620 1409 1654 examinandis
1429 1620 1566 1652 testibus
1585 1621 1623 1653 ad
1641 1622 1843 1663 probandum

1105 1679 1223 1707 statum
1243 1674 1383 1706 liberum
1400 1673 1663 1706 contrahentium
1680 1674 1843 1707 matrimo-

1105 1727 1206 1767 nium,
1233 1737 1361 1759 necnon
1387 1726 1545 1769 parocbis,
1573 1727 1708 1759 notariis
1726 1733 1757 1759 et
1774 1728 1843 1769 qui-

1105 1781 1307 1822 buscumque
1332 1779 1402 1812 aliis
1427 1780 1619 1822 respective,
1644 1780 1703 1811 sub
1728 1780 1844 1822 poenis

1106 1833 1200 1865 etiam
1226 1832 1375 1874 gravibus
1400 1832 1624 1875 corporalibus
1650 1833 1781 1865 arbitrio
1801 1844 1845 1865 sa·

1106 1897 1178 1918 crac
1197 1886 1468 1927 congregationis,
1484 1890 1518 1917 ut
1536 1885 1786 1918 instructionem
1802 1887 1846 1918 in-

1107 1938 1306 1981 frascriptam
1331 1938 1368 1970 ad
1396 1948 1538 1980 unguem
1564 1939 1747 1970 observent.

1150 1992 1165 2034 5
1190 1991 1220 2023 ⁹2.
1248 1991 1287 2023 Ut
1312 1996 1420 2023 autem
1445 2002 1599 2033 praesens
1625 1992 1792 2024 decretum
1814 1997 1845 2024 et

1108 2044 1277 2077 instructio
1302 2044 1342 2076 ad
1367 2044 1509 2077 omnium
1535 2044 1681 2076 notitiam
1716 2045 1843 2077 facilius

1108 2098 1288 2135 deveniant,
1314 2097 1458 2130 decrevit
1483 2097 1537 2130 illa
1562 2098 1600 2129 ad
1626 2098 1730 2130 valvas
1759 2098 1845 2130 basi-

1108 2151 1187 2183 licae
1213 2150 1371 2193 Principis
1396 2150 1626 2192 Apostolorum
1658 2157 1689 2183 et
1721 2151 1845 2183 cancel-

1109 2204 1208 2236 leriae
1247 2203 1445 2246 apostolicae
1483 2214 1519 2235 ac
1554 2203 1587 2235 in
1627 2204 1694 2236 acie
1735 2204 1844 2246 Campi

1108 2258 1201 2290 Flore
1238 2256 1276 2288 de
1323 2256 1408 2288 Urbe
1445 2267 1481 2289 ac
1520 2256 1639 2299 palatio
1674 2256 1705 2289 S.
1743 2256 1844 2288 Officii

1109 2310 1252 2342 eiusdem
1277 2308 1370 2341 Urbis
1395 2319 1455 2351 per
1475 2308 1614 2351 aliquem
1638 2319 1674 2341 ex
1705 2308 1844 2341 cursori-

1109 2364 1166 2396 bus
1191 2362 1375 2396 Sanctitatis
1396 2362 1476 2394 Suae
1494 2362 1663 2404 publicari,
1682 2372 1717 2394 ac
1733 2372 1844 2395 eorum

1109 2417 1257 2459 exempla
1282 2416 1402 2448 ibidem
1427 2415 1519 2447 assixa
1538 2415 1704 2458 relinqui;
1724 2415 1844 2458 illaque

1109 2469 1154 2501 sic
1178 2469 1343 2512 publicata
1367 2479 1478 2501 omnes
1510 2473 1542 2500 et
1574 2468 1738 2510 singulos,
1764 2478 1845 2511 quos

1108 2527 1317 2561 concernunt,
1339 2526 1413 2563 post
1438 2521 1519 2555 duos
1545 2531 1671 2553 menses
1688 2531 1705 2552 a
1722 2520 1772 2553 die
1790 2531 1845 2563 pu-

1108 2574 1290 2607 blicationis
1317 2574 1348 2605 iu
1375 2574 1459 2606 Urbe
1481 2573 1648 2605 faciendae
1675 2584 1846 2605 numeran-

1110 2628 1185 2667 dos,
1220 2627 1356 2669 perinde
1383 2627 1508 2659 afficere
1535 2637 1570 2659 ac
1602 2631 1724 2660 arctare
1758 2637 1794 2659 ac
1817 2627 1843 2660 si

1847 255 1894 281 Αη.
1918 254 1946 281 C.
1968 254 2038 282 167¹»

1879 1263 1971 1283 Pontifex
1981 1269 2037 1283 man-

1852 1290 1887 1310 ‹lat
1903 1291 2020 1310 observari.

1881 1999 1904 2019 Et
1918 1999 2029 2025 publicari.
