2279 3260
269 242 317 269 Λη.
338 242 366 269 C.
387 242 454 268 167)
504 232 546 265 08
1045 240 1223 265 nULLAmuM

765 290 896 323 xxvi-it.

462 359 673 401 Confirmatio
690 360 905 403 quormudum
928 359 1125 391 (lecretorwn
1144 356 1202 390 Or-

504 411 593 444 ‹li'm‘s
612 413 755 454 flatrum
781 412 948 444 illi'norum
968 410 1074 442 samu*
1096 409 1202 442 Fran-

504 464 580 496 εἰει-ι’,
601 464 869 498 Conuentuulimn
899 464 933 494 in
957 461 1202 503 c‹›usli·eflatimtc
1222 479 1224 510 ι,

504 517 652 557 (lenm-ali
673 516 752 548 dicti?
778 515 912 548 Ordinis
933 524 1018 546 αηηο
1036 522 1201 546 nmmxviu

504 568 682 607 editorum,
710 579 783 600 cum
815 567 988 599 insci-lione
1018 563 1203 598 eorumdem

507 621 707 653 decretorum
722 619 743 654 ¹.

685 698 817 725 Clemens
839 698 918 730 Papa
937 697 983 726 lx,

606 744 641 770 ad
662 743 794 769 futuram
814 742 858 768 rei
879 742 1060 768 memoriam.

512 815 526 857 ξ
544 814 574 846 1.
595 813 717 857 Exponi
741 813 834 845 nobis
853 823 957 855 nuper
975 811 1050 844 feeit
1067 811 1202 843 dilectus

468 867 553 900 filius
579 867 715 899 loannes
737 865 958 897 Bernardinus
982 876 998 897 a
1016 864 1047 896 S.
1067 863 1203 906 Elpidio,

466 923 657 962 procurator
674 917 836 960 generalis
851 917 978 949 Ordinis
1001 917 1131 948 fratrum
1151 915 1205 947 Mi-

465 983 580 1004 norum
615 970 716 1003 sancti
750 970 910 1002 Francisci
942 967 1205 1002 Conventualiiun

466 1029 722 1067 nuncupatorum
742 1051 749 1064 ,
777 1023 861 1066 quod
897 1023 927 1055 in
953 1021 1205 1063 congregatione

467 1077 612 1120 generali
634 1077 710 1109 dieti
729 1075 857 1108 Ordinis
871 1086 956 1107 anno
971 1084 1136 1107 MDCvaui
1155 1074 1206 1105 lia-

468 1130 533 1162 bita
554 1141 612 1173 pro
632 1130 715 1163 felici
745 1139 971 1172 prosperoque
990 1128 1132 1160 eiusdem
1150 1126 1206 1158 Or-

468 1184 552 1216 dinis
571 1182 730 1226 regimine
750 1188 780 1214 et
797 1182 955 1225 gubernio
974 1181 1060 1213 edita
1079 1180 1206 1211 suerunt

466 1236 626 1268 nonnulla
652 1236 781 1268 decreta
807 1235 927 1268 tenoris
953 1234 1006 1278 qui
1040 1232 1202 1275 sequitur,

468 1288 639 1320 videlicet:

300 829 422 849 Emi-ilium.

468 1368 602 1400 Decreta
615 1366 874 1409 conyreyalionis
890 1365 1052 1407 (seneralis
1072 1363 1207 1396 Ordinis

512 1421 679 1453 Minorum
705 1419 977 1452 Conrcnlualium
1005 1428 1025 1449 α
1058 1417 1109 1449 die
1143 1427 1207 1449 xvii

513 1474 592 1505 maii
615 1476 813 1505 convocatae.

303 1564 365 1583 varia
375 1563 459 1583 decreta

278 1590 364 1615 capitul·
375 1594 461 1613 geuera·

277 1618 301 1637 Ιιιι
317 1618 459 1636 recensentur.

514 1552 669 1586 Generale
685 1550 923 1590 diffinitorium,
942 1550 1150 1593 praesidente
1164 1559 1208 1581 re-

470 1605 703 1638 verendissimo
717 1609 808 1648 patre
823 1604 975 1646 magistro
988 1604 1116 1636 Andrea
1129 1603 1208 1635 Bino

471 1659 510 1691 ab
541 1658 686 1701 Hispello
722 1657 868 1690 eiusdem
899 1656 1028 1689 Ordinis
1063 1656 1209 1688 ministro

472 1711 627 1754 generali,
654 1709 863 1743 conserentiis
888 1709 1020 1749 iteratis,
1047 1719 1128 1752 quae
1155 1719 1212 1741 no-

472 1764 573 1797 citura
594 1774 715 1807 quaeve
733 1763 904 1806 profutura
920 1762 1032 1795 Ordini
1058 1762 1212 1805 pervesti-

472 1827 559 1859 gans,
579 1816 783 1858 infrascripta
804 1815 906 1848 edidit
930 1816 1059 1847 decreta
1076 1814 1212 1847 sanctis-

473 1870 554 1902 simo
594 1869 725 1902 domino
762 1873 874 1900 nostro
908 1867 1012 1911 Papae
1046 1867 1213 1900 humiliter

473 1921 669 1962 exhibenda,
689 1926 724 1953 ut
740 1920 917 1964 apostoliea
937 1921 1138 1960 auctoritate,
1156 1920 1213 1952 Ur-

474 1975 630 2018 banisque
648 1974 931 2007 constitutionibus
950 1974 1077 2013 inserta,
1098 1973 1212 2006 fratres

475 2039 589 2061 omnes
615 2028 653 2060 ad
674 2027 826 2060 intactam
847 2037 959 2059 eorum
978 2026 1212 2059 observantiam

477 2081 624 2114 tenacius
650 2080 904 2121 adse-ingerent.

598 2133 651 2166 Ad
674 2132 892 2176 provinciales
916 2132 1093 2165 ministros.

522 2197 543 2220 1.
572 2186 733 2218 Ministros
770 2185 985 2228 provinciales
1017 2185 1050 2217 in
1083 2186 1216 2228 quibus-

477 2250 614 2283 cumque
640 2248 769 2271 suarum
795 2238 1032 2281 provinciarum
1049 2238 1216 2271 conventi-

478 2293 551 2332 bus,
572 2291 667 2324 etiam
685 2291 724 2323 de
742 2293 854 2323 mensa
870 2291 1145 2331 reverendissimi,
1165 2302 1217 2323 or-

479 2344 637 2378 dinariam
656 2344 776 2376 habere
795 2343 1049 2376 iurisdictionem
1069 2350 1216 2387 tempore

479 2397 668 2430 visitationis
693 2401 724 2429 et
744 2401 841 2435 extra,
859 2407 1020 2440 posseque
1039 2398 1218 2430 ordinatio-

480 2461 538 2483 nes
564 2451 648 2482 serre
674 2454 705 2482 et
729 2450 841 2482 fratres
867 2460 989 2490 omnes,
1012 2461 1218 2493 quocumque

482 2503 581 2545 gradu
606 2503 762 2546 polleant,
780 2502 818 2534 ad
843 2512 954 2535 earum
980 2503 1219 2536 observantiam

521 2616 532 2645 1
555 2615 639 2643 Antea
658 2624 711 2643 non
731 2616 873 2652 impressa.

1250 239 1400 263 ROMXNUM

1243 287 1458 328 compellem,
1485 286 1661 318 dummodo
1698 286 1730 318 in
1767 285 1982 318 conventibus

1244 338 1302 381 ipsi
1329 338 1475 370 ministro
1502 338 1646 380 generali
1672 338 1857 370 immediate
1878 337 1983 370 subic-

1244 390 1312 431 ctis,
1337 390 1519 423 inconsulto
1552 391 1699 423 ministro
1724 389 1889 432 generali,
1915 400 1982 422 non

1246 443 1350 475 serant
1373 443 1576 484 sententiam,
1602 443 1757 476 sancitum
1783 446 1842 475 est.
1865 442 1981 475 Teueri

1244 495 1377 538 insuper
1402 495 1594 537 guardianos
1611 496 1650 528 de
1676 497 1787 528 mensa
1816 494 1981 527 ministros

1245 547 1456 589 provinciales
1480 558 1666 590 percorum
1686 552 1864 580 conventus
1887 551 1983 579 trans-

1244 605 1357 632 euntes
1382 600 1533 632 omnibus
1565 600 1730 632 charitatis
1762 599 1876 632 officiis
1907 609 1984 642 pro-

1245 652 1334 696 sequi
1360 657 1390 684 et
1414 657 1631 685 conventuum
1656 652 1807 695 expensis
1831 651 1983 695 perbeni-

1246 716 1308 748 gne
1335 709 1483 737 tractare.

1377 757 1429 790 Ad
1450 757 1666 800 provinciales
1693 757 1850 790 titulares.

1290 820 1324 843 11.
1352 810 1540 843 lluiusmodi
1563 809 1817 852 provincialatus
1837 810 1984 843 titulares

1247 863 1310 896 illis
1341 863 1493 905 deinceps
1520 863 1729 895 conserantur
1754 862 1890 905 <habita
1910 873 1985 905 pro-

1246 916 1424 948 vinciarum
1447 915 1658 957 discretione)
1682 915 1737 958 qui
1762 915 1885 948 cunctis
1908 926 1985 948 con-

1249 968 1426 1001 ditionibus
1457 968 1489 1000 in
1519 968 1636 1001 Urbani
1672 968 1902 1001 constitutione
1934 979 1986 1001 ex-

1248 1023 1368 1065 pressis
1393 1022 1535 1054 decorati
1563 1021 1692 1054 suerint.
1716 1021 1761 1061 Et,
1781 1027 1815 1054 ut
1831 1022 1902 1054 talis
1920 1023 1985 1054 col-

1249 1076 1324 1108 latio
1343 1075 1395 1107 ssat
1413 1076 1575 1107 dumtaxat
1592 1086 1609 1107 a
1626 1074 1815 1108 diffinitorio
1840 1075 1983 1117 generali

1249 1129 1281 1161 in
1307 1127 1456 1171 capitulis
1473 1134 1526 1159 seu
1553 1127 1865 1170 congregationibus
1889 1137 1987 1169 gene-

1249 1180 1368 1213 ralibus
1393 1190 1450 1222 per
1475 1180 1645 1212 schedulas
1671 1185 1702 1212 et
1726 1185 1850 1212 secreta
1874 1178 1987 1211 suffra-

1249 1233 1299 1275 gia
1316 1233 1518 1265 decernimus
1537 1233 1636 1275 quod,
1663 1232 1689 1264 si
1713 1232 1855 1275 aliquem
1882 1242 1918 1264 ex
1949 1231 1988 1264 ti-

1251 1285 1404 1317 tularibus
1430 1285 1513 1316 infra
1541 1284 1713 1317 triennium
1739 1284 1907 1325 decedere,
1936 1285 1987 1318 vel

1250 1339 1357 1381 aliqua
1372 1349 1407 1370 ex
1426 1339 1519 1369 eausa
1537 1337 1642 1370 officio
1660 1337 1782 1380 privari
1803 1337 1988 1380 contigerit,

1253 1396 1328 1423 tunc
1352 1390 1510 1433 generalis
1537 1390 1705 1430 minister,
1731 1390 1878 1423 adhibito
1910 1391 1989 1423 assi-

1251 1444 1402 1477 stentium
1425 1444 1563 1477 consilio
1579 1470 1586 1484 ,
1610 1443 1707 1476 alium
1738 1443 1805 1476 eius
1831 1445 1901 1477 loco
1925 1444 1989 1477 sus-

1251 1497 1347 1530 ficiat.

1286 1550 1339 1584 Ad
1362 1550 1563 1592 qimi-diuinos
1578 1554 1606 1583 el
1625 1549 1739 1583 locales
1762 1551 1952 1594 superiores.

1296 1614 1343 1637 ιιι.
1378 1603 1576 1647 Quicumque
1613 1604 1645 1636 in
1677 1603 1881 1647 superiorem
1908 1605 1992 1637 loca-

1253 1658 1315 1689 lem
1340 1667 1397 1689 seu
1422 1656 1632 1699 guardianum
1657 1658 1779 1689 electus
1805 1657 1918 1697 fuerit,
1948 1662 1989 1697 et,

1253 1709 1433 1741 iniunctum
1459 1719 1539 1741 onus
1565 1709 1728 1752 suscipere
1753 1714 1923 1750 recusans,
1948 1709 1991 1742 ei-

1254 1762 1326 1794 dem
1353 1761 1604 1802 renunciaverit,
1626 1762 1664 1794 ad
1688 1767 1795 1794 cetera
1815 1761 1919 1795 officia
1932 1772 1992 1805 per

1255 1814 1430 1847 triennium
1464 1814 1619 1847 inhabilis
1644 1819 1735 1854 esto,
1760 1815 1913 1858 nullaque
1938 1815 1992 1848 ad-

1255 1868 1399 1900 mittatur
1417 1867 1595 1906 excusatio,
1616 1867 1675 1899 nisi
1697 1877 1732 1900 ex
1750 1867 1877 1909 urgenti
1898 1869 1992 1900 causa

1255 1921 1478 1964 approbanda.
1506 1920 1690 1953 'l'eneantur
1722 1930 1796 1953 vero
1822 1920 1992 1962 guardiam

1256 1985 1368 2007 omnes
1399 1974 1594 2006 advenarum
1631 1974 1766 2006 fratrum
1791 1973 1994 2006 obedientia-

1257 2028 1303 2060 les
1322 2027 1443 2060 litteras
1467 2027 1607 2070 propriis
1633 2026 1734 2059 oculis
1761 2026 1946 2060 examinare
1964 2032 1995 2060 et

1257 2081 1390 2113 iteneris
1416 2091 1545 2113 (eausam
1579 2080 1752 2123 diligenter
1782 2080 1992 2124 perscrutari.

1258 2133 1288 2165 Si
1314 2144 1410 2175 quem
1438 2138 1543 2165 tamen
1570 2133 1849 2176 deprehenderint
1868 2133 1936 2166 sine
1955 2135 1996 2166 le-

1259 2186 1376 2229 gitimis
1398 2196 1525 2219 suorum
1551 2187 1754 2229 superiorum
1780 2186 1911 2226 litteris,
1932 2197 1996 2219 car-

1259 2240 1384 2271 ceribus
1411 2239 1617 2281 mancipent,
1643 2239 1897 2282 superioresque
1921 2239 1995 2272 illos

1261 2291 1452 2335 quamcitius
1466 2293 1673 2324 admoneant.
1690 2292 1720 2324 Si
1739 2302 1832 2325 secus
1852 2292 1994 2333 fecerint,

1260 2345 1362 2378 officio
1388 2354 1444 2376 suo
1471 2344 1647 2387 priventur.

1409 2396 1461 2429 Act
1487 2401 1628 2439 repentes
1653 2401 1681 2429 et
1707 2396 1846 2429 lectores.

1305 2461 1348 2484 iv.
1369 2449 1408 2482 Ut
1421 2450 1533 2490 virtus,
1551 2450 1678 2482 decenti
1697 2450 1841 2493 praemio
1856 2450 1997 2493 irrigata,

1262 2503 1430 2546 pulchrius
1447 2507 1477 2535 et
1497 2504 1664 2535 amoenius
1683 2503 1865 2542 revirescat,
1887 2505 1999 2536 statui-

1263 2566 1333 2588 mus
1359 2555 1521 2597 gymnasia
1545 2555 1669 2598 primae
1695 2556 1825 2595 classis,
1852 2566 1933 2598 quae
1959 2556 1998 2589 ab

1263 2608 1391 2641 Urbana
1417 2607 1646 2641 constitutione
1671 2607 1892 2651 assignantur,
1912 2608 2001 2642 nimi-

1988 235 2038 264 Λα.
2058 234 2089 264 C.
2109 235 2177 263 ¹67⁸
