2279 3260
156 231 207 257 An.
225 230 254 258 C.
277 230 346 259 1676

183 554 193 581 g
205 554 235 575 lo.
253 554 282 575 De
292 555 338 577 offi-

156 585 189 610 ero
205 583 286 607 pau-um
301 587 338 601 nn-

155 610 273 628 nistrornm.

349 292 422 315 rum
436 283 574 316 officium
593 284 764 323 duraverit,
778 285 1006 317 conventuales
1022 285 1084 317 sint

349 346 420 369 cum
445 347 520 370 voce
553 342 583 369 et
612 337 704 377 loco,
734 342 765 370 et
790 338 828 369 ad
854 338 1039 370 exeundum
1067 349 1084 370 a

349 389 444 422 domo
471 400 488 421 a
512 389 576 422 suis
609 395 714 423 tamen
748 391 915 433 praelatis,
946 401 1083 434 quorum

348 441 515 475 secretarii
540 448 622 483 sunt,
642 443 804 476 licentiam
830 443 952 475 socium
973 449 1005 475 et
1030 444 1084 475 be-

350 494 566 527 nedictionem
592 495 763 538 accipiant.

393 558 414 581 t.
441 547 526 580 Patri
544 548 690 581 ministro
709 549 874 582 humiliter
891 554 923 582 et
939 558 1084 581 reveren-

349 605 397 633 ter
417 600 466 632 sui
492 601 646 636 obediant
670 601 803 634 subditi.
824 602 870 634 Ad
888 601 992 644 ipsum
1011 612 1083 643 spe-

348 658 413 686 ctat
442 653 626 686 immediate
662 660 837 686 conventus
868 655 917 686 vel
953 653 1082 695 collegii

347 706 502 748 regimen,
528 705 717 755 principalis
742 717 828 746 cura,
847 716 1028 749 scopusque
1046 706 1083 738 il-

347 759 408 792 lius
426 759 468 791 sit
483 759 657 802 spiritualis
681 759 884 792 subditorum
908 758 1080 801 profectus,

346 816 523 854 praeeunte
538 822 666 854 semper
681 811 752 854 ipso
771 811 920 844 doctrina
933 816 964 843 et
978 820 1083 843 exem-

346 866 417 907 plo:
439 869 639 907 quapropter
659 870 751 907 pater
768 863 926 906 generalis
944 874 1008 896 non
1029 873 1082 904 po-

346 917 419 950 terit
443 917 625 949 ministrum
650 916 791 959 aliquem
816 915 956 948 eximere
981 926 998 947 a
1020 915 1081 947 vita

347 970 522 1003 communi.

390 1033 424 1055 ιι.
451 1023 498 1054 Ad
512 1022 617 1065 ipsum
635 1021 731 1054 etiam
749 1021 863 1053 attinet
877 1020 1001 1053 hortari
1019 1020 1081 1052 fre-

346 1081 483 1118 quenter
507 1074 654 1107 subditos
671 1074 711 1106 ad
729 1073 965 1106 observantiam
991 1083 1081 1114 regu-

344 1128 402 1166 lae,
433 1126 708 1166 constitutionum,
735 1132 917 1158 sanctarum
944 1135 1081 1158 consue-

346 1179 490 1213 tudinum
516 1185 548 1212 et
572 1178 862 1218 caeremoniarum,
885 1178 1079 1222 applicando
1100 1188 1102 1194 ·

345 1232 674 1271 contravenientibus,
693 1231 763 1264 sine
789 1232 980 1274 exceptione
1007 1242 1080 1274 per-

345 1295 506 1325 sonarum,
524 1295 647 1328 poenas
671 1295 729 1327 per
749 1284 996 1317 constitutiones
1022 1295 1080 1317 no-

345 1344 425 1371 stras
450 1338 631 1381 impositaS,
658 1348 717 1370 nee
746 1338 912 1380 permittat
935 1337 1101 1375 subditos

344 1402 377 1424 se
402 1390 620 1423 intromittere
657 1390 689 1422 in
725 1390 855 1432 negotia
891 1391 1078 1423 saecularia.
1100 1425 1101 1432 ἵ

343 1444 522 1477 Ministruin
554 1449 661 1476 autem
695 1444 728 1475 in
758 1443 949 1476 executione
983 1443 1102 1482 huiusi¹

344 1496 585 1530 constitutionis
608 1496 778 1529 remissum
796 1502 887 1539 pater
903 1496 1082 1539 provincia-

344 1550 383 1583 lis
408 1550 447 1583 ad
473 1549 643 1582 arbitrium
668 1560 759 1582 suum
784 1550 907 1593 puniat.

389 1614 437 1637 111.
464 1603 619 1646 Disponat
639 1608 670 1635 et
689 1603 865 1646 praecipiat
882 1602 1031 1636 minister
1047 1603 1080 1635 in

344 1667 401 1689 suo
426 1660 585 1689 conventu
615 1655 772 1698 quidquid
803 1655 850 1688 illi
883 1656 1080 1688 conveniens

343 1710 445 1742 visum
471 1710 566 1742 fuerit
598 1710 637 1741 ad
662 1709 817 1742 maiorem
843 1709 1080 1742 observantiam

344 1768 377 1795 et
401 1762 604 1795 subditorum
630 1761 896 1794 reformationem
914 1772 950 1794 ac
975 1772 1081 1794 corre-

344 1815 497 1848 ctionem.
516 1814 606 1852 Quod
631 1819 665 1846 ut
685 1814 800 1846 melius
814 1824 849 1847 ac
866 1814 993 1856 plenius
1010 1824 1082 1847 exe-

344 1867 398 1910 qui
424 1868 543 1907 valeat‚
571 1866 777 1900 decernimus
810 1867 897 1910 quod
930 1867 1025 1900 faciat
1049 1873 1081 1900 et

343 1920 536 1952 substantiet
566 1930 734 1963 processus
770 1925 802 1952 et
833 1920 1102 1961 informationes}

343 1974 513 2015 culparum
543 1983 580 2005 ac
613 1972 807 2005 delictorum
835 1973 1102 2012 commissorum2

344 2036 362 2058 a
385 2024 546 2067 religiosis:
562 2024 595 2057 in
621 2035 679 2058 suo
704 2030 877 2065 conventu,
894 2026 947 2058 vel
968 2025 1030 2058 alio
1048 2025 1081 2058 in

343 2079 416 2112 loco
448 2078 497 2111 sui
522 2078 677 2117 confinii,
705 2079 848 2121 quamvis
880 2078 997 2112 delicta
1021 2090 1077 2112 ex·
1101 2088 1103 2097 t

345 2131 462 2164 cedant
485 2141 575 2164 suam
599 2131 878 2171 iurisdictionem,
904 2131 1081 2175 puniatque

345 2193 448 2226 usque
465 2184 504 2217 ad
521 2185 650 2227 culpam
669 2194 798 2226 gravem
814 2184 986 2225 inclusive3
1007 2196 1081 2218 nam

346 2236 522 2279 graviores,
539 2241 571 2269 et
591 2237 707 2280 quibus
733 2247 894 2269 annexum
920 2243 968 2270 est
993 2248 1082 2270 scan-

346 2289 468 2330 dalum,
499 2289 687 2332 provinciali
712 2295 743 2323 et
767 2289 952 2324 definitorio
978 2301 1082 2324 reser-

345 2347 472 2375 vantur.
493 2342 639 2376 Ceterum
665 2343 692 2376 si
716 2344 899 2386 contigerit,
922 2344 1007 2386 quod
1025 2345 1081 2377 ali-

982 237 1123 261 CLEMENS
1145 238 1163 261 X
1188 239 1236 262 1²1².

347 2405 411 2439 qua
427 2396 523 2438 culpa
536 2406 626 2429 suam
641 2397 801 2430 excedens
822 2397 1080 2431 iurisdictionem

346 2449 440 2482 brevi
475 2448 620 2490 indigeat
652 2450 795 2483 remedio
811 2476 818 2490 ‚
859 2456 1081 2494 opportunum

347 2501 512 2541 adhibeat,
526 2501 677 2545 illamque
691 2502 812 2545 puniat,
827 2514 864 2536 ac
881 2503 999 2543 statim,
1019 2504 1080 2536 suh

347 2556 453 2598 poena
477 2555 696 2597 suspensionis
717 2555 755 2588 ab
776 2555 880 2589 officio
899 2566 958 2600 per
980 2567 1080 2590 unum

345 2619 501 2650 mensem,
523 2612 654 2641 moneat
681 2610 892 2653 superiorem,
919 2610 959 2644 ad
983 2621 1080 2655 quem

1752 228 1810 262 671

1125 296 1200 318 curu
1224 290 1368 328 spectat,
1399 290 1428 319 et
1458 292 1583 319 ceteras
1611 287 1859 319 informationes

1126 339 1306 381 culparum,
1326 350 1404 382 quas
1420 339 1485 382 ipse
1504 350 1569 372 non
1592 340 1740 382 punierit,
1756 340 1860 372 mittat

1126 393 1281 433 praelato,
1308 393 1355 425 cui
1382 398 1544 435 competat
1568 393 1759 425 sententiam
1786 404 1859 435 pro-

1126 444 1222 477 ferre.
1246 445 1357 478 Nullus
1376 451 1480 478 autem
1506 446 1654 478 minister
1673 446 1787 487 poterit
1810 446 1856 477 sui

1114 504 1302 542 'conventus
1320 498 1535 531 visitationem
1553 499 1738 541 generalem
1754 498 1857 530 facere

1125 550 1322 593 imponendo
1348 557 1521 595 praecepta
1546 557 1576 585 et
1596 562 1765 589 censuras,
1796 552 1858 585 hoc

1124 604 1209 636 enim
1224 604 1389 647 proprium
1407 610 1456 637 est
1469 605 1686 647 provincialis.

1169 666 1210 688 tv.
1231 656 1277 688 Sit
1295 657 1390 689 etiam
1408 657 1554 689 minister
1571 657 1602 688 in
1625 657 1857 700 temporalibus·

1124 708 1215 741 valde
1241 709 1403 750 providus,
1424 715 1456 741 et
1472 709 1619 742 omnibus
1637 709 1701 742 suis
1721 709 1857 741 subditis

1123 760 1205 793 nihil
1230 771 1266 793 ex
1293 761 1482 794 necessariis
1516 762 1554 794 de
1579 761 1662 794 victu
1688 767 1719 794 ct
1742 761 1856 794 vestitu

1124 813 1272 853 deficiat·y
1298 814 1336 846 ad
1362 825 1444 856 quae
1470 814 1693 847 distribuenda
1717 825 1781 846 uon
1807 825 1858 846 ex-

1123 870 1231 908 pectet
1254 865 1480 907 religiosorum
1509 866 1699 909 petitiones,
1728 867 1856 909 quando

1123 917 1298 949 necessitas
1329 918 1492 960 patuerit,
1518 919 1574 951 sed
1612 929 1665 951 cas
1698 919 1857 962 pastorali

1123 970 1342 1003 sollicitudine
1366 972 1574 1014 praeveniat,
1607 978 1639 1005 et
1663 983 1769 1005 amore
1801 983 1857 1015 pa-

1122 1029 1215 1055 terno
1242 1024 1418 1066 aequaliter
1442 1025 1592 1057 omnibus
1618 1026 1705 1058 iuxta
1727 1025 1857 1058 cuiusli-

1122 1077 1177 1109 bet
1202 1076 1412 1118 indigentiam
1438 1078 1614 1119 subveniat‚
1641 1077 1681 1111 ct¹
1707 1078 1758 1120 sic*
1782 1078 1857 1111 reli-

1123 1129 1214 1171 giosi,
1232 1129 1342 1161 relicta
1359 1130 1501 1162 omnium
1522 1131 1750 1174 temporalium
1769 1133 1854 1170 cura,

1122 1181 1345 1224 spiritualibus
1363 1183 1464 1224 magis
1479 1182 1593 1215 intenti
1607 1183 1684 1223 sint;
1699 1189 1730 1215 et
1742 1193 1855 1216 severe

1122 1234 1277 1277 puniatur
1302 1246 1319 1267 a
1343 1235 1535 1278 provinciali
1562 1236 1711 1269 minister
1736 1236 1769 1269 in
1794 1237 1857 1270 hoc

1123 1287 1288 1320 deficiens.

1165 1351 1195 1373 v.
1222 1341 1378 1383 Disponat
1395 1341 1492 1374 etiam
1505 1347 1534 1374 et
1554 1342 1724 1375 distribuat
1748 1343 1780 1375 in
1798 1354 1857 1377 suo

1123 1399 1280 1426 conventu
1315 1394 1428 1433 officia,
1455 1395 1505 1427 vel
1531 1406 1590 1437 per
1614 1406 1646 1428 se
1672 1397 1785 1436 solum,
1807 1397 1857 1429 vel

1122 1447 1218 1479 simul
1243 1457 1313 1479 cum
1330 1447 1519 1490 provinciali
1537 1453 1592 1480 aut
1617 1448 1756 1491 capitulo
1781 1460 1858 1482 con-

1122 1498 1275 1537 ventuali,
1296 1498 1382 1531 iuxta
1407 1510 1445 1532 ea
1473 1511 1554 1542 quae
1578 1500 1612 1532 in
1637 1501 1770 1534 diversis
1788 1513 1859 1545 par-

1124 1551 1207 1584 tibus
1231 1551 1346 1584 harum
1373 1551 1640 1586 constitutionum
1666 1559 1857 1596 statuuntur,

1123 1605 1351 1638 constituendo
1377 1605 1410 1637 in
1435 1604 1497 1638 illis
1522 1616 1677 1648 personas
1707 1608 1856 1649 idoneas,

1124 1657 1275 1690 officiales
1301 1662 1406 1690 autem
1436 1659 1543 1691 omnia
1571 1659 1632 1691 sibi
1660 1671 1678 1692 a
1697 1660 1858 1704 principio

1123 1710 1239 1742 tradita
1269 1709 1357 1742 iuxta
1395 1721 1507 1743 eorum
1545 1712 1762 1745 inventarium
1793 1713 1858 1746 suis

1123 1763 1364 1796 successoribus
1384 1764 1431 1795 vel
1457 1764 1649 1797 consiliariis
1675 1766 1813 1798 tradant.

1167 1826 1209 1848 vt.
1236 1815 1331 1848 Curet
1356 1816 1503 1849 minister
1530 1818 1617 1860 quod
1650 1818 1682 1850 in
1707 1820 1858 1853 omnibus

1123 1869 1259 1902 ollicinis
1284 1869 1333 1901 sui
1359 1876 1534 1903 conventus
1566 1871 1631 1903 sint
1660 1871 1856 1913 inventaria,

1123 1932 1179 1954 seu
1206 1921 1289 1960 libri,
1317 1922 1349 1954 in
1374 1922 1489 1965 quibus
1515 1923 1632 1966 scripta
1656 1924 1861 1958 inveniantur

1123 1973 1230 2006 omnia
1254 1985 1335 2017 quae
1361 1980 1435 2007 sunt
1458 1975 1491 2008 in
1517 1975 1609 2008 dictis
1634 1976 1796 2018 officinis3
1828 1984 1860 2011 et

1100 2027 1171 2059 ,bis
1197 2027 1368 2070 quotannis
1393 2038 1465 2060 curn
1501 2029 1696 2062 consiliariis
1729 2037 1762 2063 et
1791 2031 1860 2064 offi-

1123 2080 1258 2113 cialibus
1276 2081 1453 2123 respective
1474 2081 1545 2114 illas
1573 2087 1604 2115 et
1622 2083 1722 2116 libros
1739 2084 1858 2125 visitet,

1123 2139 1158 2165 ut
1182 2133 1382 2166 incrementa
1406 2135 1600 2175 scribantur,
1627 2141 1659 2168 et
1685 2137 1723 2169 de
1747 2148 1861 2170 neces-

1124 2186 1225 2227 sariis⁷
1247 2197 1331 2229 quae
1357 2186 1530 2227 defuerint,
1557 2188 1730 2231 diligenter
1754 2191 1861 2233 provi-

1124 2238 1251 2271 deatur.

1167 2302 1221 2325 vn.
1237 2291 1370 2330 Quando
1389 2294 1540 2336 superior
1553 2295 1718 2337 praelatus
1738 2295 1861 2329 miserit

1123 2345 1246 2378 litteras
1263 2350 1408 2389 patentes
1425 2357 1485 2390 pro
1512 2348 1735 2381 transferendo
1753 2349 1860 2392 aliquo

1124 2398 1280 2441 religioso
1298 2399 1331 2431 in
1349 2399 1484 2432 alterurn
1501 2406 1703 2442 conventum,
1722 2412 1787 2434 non
1805 2412 1859 2435 eas

1124 2452 1330 2485 subscribant
1352 2453 1500 2486 minister
1524 2459 1556 2486 et
1580 2454 1776 2495 consiliarii,
1807 2455 1861 2488 do-

1124 2514 1183 2537 nec
1207 2504 1280 2537 talis
1312 2505 1482 2548 religiosus
1507 2506 1539 2538 in
1566 2507 1733 2549 procinctu
1757 2507 1797 2540 sit
1821 2507 1861 2541 ad

1160 2621 1172 2648 1
1194 2621 1324 2656 Legerem
1342 2624 1372 2650 ul
1392 2630 1439 2658 pro
1460 2624 1486 2650 et
1503 2622 1542 2657 (n.
1558 2622 1606 2658 T.)-

1863 238 1915 264 An.
1933 236 1959 263 C.
1986 237 2052 264 ¹675
