2279 3260
218 248 272 276 An.
291 248 321 278 C.
337 248 407 277 1675

234 1128 236 1130 Ι
257 1100 309 1121 Eum
337 1100 403 1121 subii-

219 1130 248 1147 cit
263 1133 371 1152 supremae
382 1129 403 1147 et

219 1154 310 1179 ganamt·
336 1154 403 1179 iuqui-

217 1180 288 1200 sitiunt
306 1179 376 1201 Urbis.

453 241 518 274 574

411 309 447 331 ac.
464 299 501 331 de
520 298 714 331 necessitate
732 299 914 340 specialiter
926 294 1144 338 exprimenda,

411 357 474 384 tam
492 351 529 384 de
548 350 711 394 praesenti
731 361 826 393 quam
846 350 884 382 de
903 347 1077 392 praeterito
1095 346 1144 378 vel

409 405 449 438 de
471 404 588 443 futuro,
607 403 729 436 nullam
755 403 786 435 in
810 400 854 434 te.¹
877 399 1146 438 iurisdictionem,

409 463 600 501 potestatem
637 458 685 489 vel
722 455 945 489 auctoritatem
981 462 1145 492 exercere,

410 512 603 554 nullumque
630 515 734 542 actum
761 507 1059 545 iurisdietionalem,
1082 504 1146 537 sive

409 563 593 596 iudicialem
613 563 677 595 sive
695 560 1099 599 extraiudicialem,contra
1116 563 1146 589 te

412 617 528 656 facere,
555 617 742 655 decernere,
769 613 922 646 mandare
943 613 991 644 vel
1020 610 1146 653 exequi,

411 679 516 712 neque
544 674 574 701 te
601 667 713 711 quovis
739 666 887 709 quaesito
913 665 1036 703 colore,
1060 673 1146 706 prae-

412 726 514 761 textu,
541 719 682 763 ingenio,
709 721 801 751 causa
827 718 873 750 vel
899 717 1081 754 occasione,
1102 715 1147 748 di-

412 780 497 807 recte
522 774 570 806 vel
595 773 763 811 indirecte,
790 776 844 804 ant
867 771 946 804 alias
971 769 1147 813 quomodo-

411 827 492 860 libet
516 827 709 863 molestare,
734 824 926 867 perturbare
950 824 999 855 vel
1023 822 1148 864 inquie-

411 886 479 912 tare
504 878 643 923 possint,
662 884 774 910 tenore
799 876 1027 920 praesentium,
1046 876 1084 908 ad
1104 875 1147 907 tui

410 933 516 972 vitam,
536 931 680 975 plenarie
706 930 876 963 eximimus
893 936 924 963 et
945 929 1088 962 totaliter
1110 928 1148 960 li-

411 987 569 1025 beramus,
589 995 623 1017 ac
644 989 829 1027 exemptum
856 988 887 1015 et
912 982 1051 1015 liberum
1076 992 1146 1014 esse

411 1043 442 1071 et
467 1038 534 1070 sore
559 1036 762 1070 decernimus
789 1041 818 1068 et
845 1036 1058 1068 declaramus.

457 1092 471 1135 g
495 1090 527 1123 02.
553 1090 661 1133 Teque
683 1089 714 1121 in
732 1088 881 1122 omnibus
900 1093 930 1121 et
950 1087 1149 1130 quibuscum-

414 1156 476 1189 que
501 1144 605 1177 causis
629 1143 666 1175 ad
693 1142 835 1175 tribunal
861 1141 892 1174 S.
919 1140 1021 1173 Officii
1046 1139 1150 1183 lnqui-

412 1196 538 1230 sitionis
564 1196 746 1229 haereticae
772 1201 803 1228 et
827 1194 1022 1238 apostolicae
1047 1193 1150 1236 pravi-

413 1251 485 1284 tatis
521 1249 768 1293 quomodolibet
800 1247 1031 1291 spectantibus,
1067 1256 1147 1289 qnae

373 1336 378 1348 Ι
413 1309 526 1337 contra
563 1309 592 1336 te
623 1314 658 1336 ex
694 1311 891 1345 quacumque
930 1301 1056 1332 ratione
1093 1310 1148 1331 seu

270 2528 358 2557 simplet
372 2534 414 2549 om-

230 2561 267 2579 nes
286 2558 386 2578 detectus.

412 1359 518 1397 causa,
545 1356 640 1389 etiam
666 1362 699 1387 ut
724 1354 910 1398 praefertur
939 1354 977 1385 de
1012 1352 1150 1385 necessi-

413 1416 475 1443 tate
490 1408 639 1453 specifice
658 1413 688 1441 et
704 1408 735 1440 in
749 1406 914 1440 individuo
930 1405 1148 1448 exprimenda,

413 1470 475 1497 tam
502 1463 540 1495 de
577 1461 738 1506 praesenti
776 1470 872 1503 quam
910 1459 948 1490 de
974 1457 1149 1501 praeterito

412 1523 445 1549 et
483 1517 522 1549 de
563 1515 681 1553 futuro,
708 1524 762 1546 seu
800 1513 877 1545 alias
904 1510 1151 1554 quomodolibet

412 1569 535 1603 moveri
560 1578 617 1601 seu
642 1566 796 1599 intentari
822 1569 966 1608 possent,
993 1575 1030 1596 ac
1055 1563 1150 1596 etiam

412 1623 523 1656 forsan
547 1621 579 1653 in
605 1618 757 1652 tribunali
786 1618 817 1651 S.
840 1617 941 1650 Officii
965 1615 1151 1659 Inquisitio-

413 1675 463 1708 nis
496 1674 656 1707 dictorum
692 1680 867 1713 regnorum
902 1669 965 1702 iam
991 1668 1086 1701 motis
1122 1673 1153 1700 et

414 1726 601 1763 intentatis,
629 1724 830 1757 immediatae
856 1722 1071 1755 iurisdictioni
1097 1732 1153 1765 po-

416 1781 523 1813 testati
550 1785 578 1812 et
605 1778 785 1814 auctoritati
811 1775 1078 1819 Congregationis
1102 1785 1153 1807 re-

415 1833 610 1867 nerabilium
636 1832 769 1864 Fratrum
794 1834 981 1862 nostrorum
1008 1828 1039 1861 S.
1060 1828 1097 1860 R.
1117 1828 1151 1860 E.

415 1885 625 1920 cardinalium
650 1885 683 1917 in
707 1886 771 1917 tota
795 1882 960 1926 republica
978 1881 1154 1914 christiana

416 1938 619 1983 generalium
644 1937 873 1980 inquisitorum
899 1935 1050 1967 adversus
1078 1935 1154 1967 liac-

417 1993 550 2025 reticam
575 1997 603 2023 et
638 1989 847 2033 apostaticam
880 1988 1072 2031 pravitatem
1096 1988 1155 2020 hu-

416 2044 554 2078 iusmodi
580 2044 618 2075 ab
645 2044 704 2075 hac
729 2042 844 2074 Sancta
869 2041 950 2074 Sede
969 2041 1155 2084 specialiter

418 2097 656 2140 deputatorum,
698 2105 806 2127 coram
838 2105 901 2137 qua
927 2094 1088 2126 dumtaxat
1122 2094 1155 2126 in

419 2149 571 2182 omnibus
596 2153 627 2180 et
659 2147 794 2189 singulis
835 2146 937 2179 causis
980 2146 1154 2189 praedictis

419 2201 559 2235 tenearis
585 2201 623 2233 de
655 2200 775 2232 iustitia
809 2199 1017 2242 respondere,
1051 2204 1153 2239 motu,

420 2254 563 2293 scientia,
590 2251 826 2286 deliberatione
848 2258 880 2284 et
903 2252 1074 2294 potestatis
1090 2254 1157 2295 ple-

421 2307 567 2341 nitudine
593 2305 743 2349 paribus,
768 2305 879 2337 itidem
903 2305 941 2337 ad
965 2305 1009 2337 tui
1043 2306 1154 2345 vitam,

422 2361 538 2394 harum
565 2359 647 2392 serie
668 2358 856 2391 subiicimus
878 2363 909 2390 et
933 2358 1155 2401 supponimus,

423 2424 460 2447 ac
477 2413 660 2446 subiectum
680 2416 712 2443 et
728 2411 930 2454 suppositum
953 2421 1023 2443 esse
1042 2416 1072 2443 et
1089 2412 1157 2444 sore

424 2466 631 2500 d·i·cernimus
649 2464 796 2497 similiter
821 2469 852 2496 et
870 2464 1078 2496 declaramus.

468 2520 482 2563 ξ
500 2520 532 2553 3.
550 2519 768 2552 Decernentes
786 2516 910 2560 pariter
924 2517 1051 2549 easdem
1068 2528 1160 2560 prae-

424 2579 533 2607 sentes
559 2573 689 2612 litteras,
711 2570 793 2604 etin
820 2570 864 2602 eis
889 2574 1039 2602 contenta
1065 2581 1160 2613 quae-

462 2637 473 2662 1
494 2635 560 2663 Male
575 2633 638 2662 edit.
655 2633 731 2660 nain.
754 2632 816 2669 legit
831 2640 858 2660 se
879 2639 926 2667 pro
942 2634 966 2657 te
982 2631 1019 2668 [a.
1039 2632 1086 2663 T.).

997 228 1178 271 nemmem
1200 242 1352 272 nomnen

1188 304 1346 337 cumque,
1368 288 1542 330 ‘etiam'ex'
1573 288 1611 330 eo
1645 307 1732 340 quoa
1763 295 1923 340 generalis

1189 353 1220 380 ct
1243 347 1295 380 alii
1329 347 1555 392 inquisitores,
1580 350 1744 394 ceterique
1768 349 1923 394 praefati,

1189 406 1220 433 et
1250 400 1303 434 alii
1336 402 1540 446 quicumque,
1579 403 1674 436 etiam
1709 403 1858 447 specifica
1892 408 1925 436 et

1190 454 1354 487 individua
1371 455 1533 489 mentione
1547 461 1579 489 et
1597 456 1808 500 expressione
1823 455 1921 499 digni,

1190 517 1221 538 m
1238 507 1425 550 praemissis
1454 508 1502 540 ius
1519 509 1569 541 vel
1586 508 1743 542 interesse
1764 508 1924 542 habentes

1190 569 1245 592 seu
1280 560 1401 592 habere
1433 561 1679 603 quomodolibet
1708 561 1924 605 praetenden-

1190 617 1250 652 tes,
1277 612 1341 645 illis
1372 623 1437 646 non
1462 614 1707 654 consenserint,
1739 624 1800 647 nec
1824 614 1864 647 ad
1887 624 1924 647 ea

1189 665 1307 706 vocati,
1333 666 1418 698 citati
1443 667 1492 699 vel
1518 665 1630 706 auditi,
1662 676 1767 709 neque
1792 675 1924 707 causae,

1190 723 1322 760 propter
1355 728 1433 761 quas
1469 722 1656 761 praesentes
1681 718 1923 758 emanaverint,

1190 771 1361 811 adductae,
1386 770 1588 814 specificatae
1610 770 1792 804 verificatae
1813 772 1861 804 vel
1877 771 1926 803 iu-

1190 824 1343 857 stificatae
1364 823 1493 864 suerint,
1515 829 1569 856 aut
1584 834 1621 856 ex
1642 824 1704 857 alia
1724 834 1926 867 quacumque

1191 878 1287 911 etiam
1312 877 1515 921 quantumvis
1535 877 1692 920 legitima,
1709 876 1855 917 iuridica,
1873 876 1927 920 pia

1193 937 1224 964 et
1254 931 1459 975 privilegiata
1481 932 1587 971 causa,
1605 931 1729 970 colore,
1760 934 1929 974 praetextu

1192 990 1223 1017 et
1242 984 1357 1027 capite,
1382 984 1478 1017 etiam
1504 983 1537 1016 in
1557 994 1694 1026 corpore
1710 982 1789 1016 iuris
1807 983 1928 1023 clauso,

1193 1038 1231 1070 de
1245 1037 1465 1080 subreptionis
1482 1037 1533 1069 vel
1546 1035 1750 1079 obreptionis
1764 1040 1819 1068 aut
1832 1034 1931 1069 nulli-

1194 1090 1264 1122 tatis
1293 1089 1381 1129 vitio,
1413 1099 1469 1122 seu
1496 1088 1685 1122 intentionis
1716 1094 1847 1121 nostrae
1877 1093 1932 1121 aut

1194 1143 1350 1176 interesse
1380 1143 1571 1175 habentium
1603 1152 1801 1182 consensus,
1827 1142 1930 1175 aliove

1194 1196 1339 1239 quolibet
1370 1195 1466 1228 etiam
1505 1196 1708 1238 quantumvis
1744 1205 1862 1237 magno
1899 1200 1932 1228 et

1193 1249 1393 1282 substantiali
1408 1249 1672 1291 individuamque
1690 1248 1932 1291 expressionem

1194 1303 1379 1345 requirente
1412 1312 1447 1334 ae
1477 1302 1654 1343 incogitato
1680 1307 1711 1332 et
1735 1301 1932 1342 inexcogita-

1194 1355 1250 1388 bili
1276 1356 1405 1388 defectu
1437 1354 1565 1393 notari,
1591 1351 1799 1396 impugnari,
1829 1351 1932 1385 modi-

1194 1407 1288 1446 ficari,
1314 1406 1455 1447 limitari,
1481 1406 1625 1448 infringi,
1660 1404 1842 1445 detractari,
1881 1404 1932 1437 vel

1195 1460 1372 1500 invalidam,
1399 1460 1438 1492 ad
1457 1459 1612 1492 terminos
1629 1458 1710 1490 iuris
1737 1457 1858 1497 reduci,
1874 1467 1932 1490 seu

1196 1515 1227 1546 in
1264 1512 1518 1546 controversiam
1552 1511 1669 1551 vocari,
1700 1516 1753 1543 aut
1778 1510 1932 1543 adversus

1196 1567 1266 1599 illas
1286 1565 1477 1610 aperitionis
1501 1565 1577 1605 oris,
1605 1563 1818 1597 restitutionis
1834 1563 1868 1595 in
1885 1562 1934 1595 in-

1198 1625 1334 1662 tegrum,
1359 1618 1485 1651 aliudve
1504 1617 1731 1661 quodcumque
1748 1615 1840 1656 iuris,
1860 1614 1934 1648 sacti

1197 1673 1246 1705 vel
1273 1671 1394 1714 gratiae
1419 1670 1599 1704 remedium
1621 1667 1787 1712 impetrari
1813 1668 1865 1701 vel
1885 1667 1934 1699 in-

1198 1724 1395 1764 tentari,seu
1416 1723 1604 1766 impetrato,
1626 1726 1680 1754 aut
1705 1720 1803 1753 etiam
1827 1724 1932 1760 motu,

1197 1777 1331 1810 scientia
1355 1782 1386 1809 et
1408 1775 1575 1819 potestatis
1599 1773 1803 1818 plenitudine
1825 1772 1920 1805 simili

1198 1833 1257 1864 bus
1281 1841 1437 1863 concesso
1462 1831 1511 1862 vel
1547 1832 1697 1861 emanato
1717 1854 1724 1868 ‚
1752 1826 1936 1870 quempiam

1199 1884 1231 1916 in
1256 1883 1375 1918 iudicio
1414 1893 1471 1915 seu
1496 1886 1586 1915 extra
1623 1880 1704 1913 illud
1726 1879 1772 1912 uti
1809 1890 1867 1912 seu
1901 1889 1935 1912 se

1198 1938 1306 1970 iuvare
1343 1936 1434 1968 nullo
1471 1935 1569 1969 modo
1605 1944 1726 1977 posse,
1754 1933 1811 1966 sed
1849 1932 1935 1975 ipsas

1198 1994 1388 2034 praesentes
1413 1989 1535 2021 litteras
1559 1987 1677 2027 firmas,
1697 1986 1818 2018 validas
1843 1990 1875 2018 et
1892 1984 1936 2017 es-

1198 2043 1314 2076 sicaces
1340 2042 1477 2075 existere
1503 2046 1533 2074 et
1557 2041 1635 2080 fore,
1661 2049 1799 2082 suosque
1824 2040 1936 2082 plena-

1198 2096 1263 2129 rios
1288 2101 1320 2128 et
1344 2095 1488 2137 integros
1509 2093 1640 2126 essectus
1665 2091 1772 2125 sortiri
1798 2095 1830 2124 et
1854 2091 1937 2124 obti—

1199 2160 1289 2189 nere,
1317 2159 1352 2181 ac
1378 2148 1434 2180 tibi
1459 2147 1491 2179 in
1517 2146 1666 2180 omnibus
1692 2150 1724 2177 et
1748 2155 1806 2188 per
1830 2145 1938 2177 omnia

1199 2201 1387 2245 plenissime
1413 2198 1590 2241 suffragari,
1610 2204 1641 2231 et
1658 2198 1695 2230 ab
1715 2197 1786 2236 illis,
1803 2197 1840 2229 ad
1856 2207 1936 2239 quos

1199 2259 1323 2298 spectat
1340 2258 1371 2286 et
1388 2263 1445 2296 pro
1464 2257 1611 2294 tempore
1636 2250 1811 2294 spectabit,
1838 2249 1939 2282 invio-

1200 2307 1316 2341 labiter
1334 2311 1364 2339 et
1381 2305 1573 2338 inconcusse
1591 2303 1769 2343 observari,
1785 2302 1894 2346 sicque
1907 2307 1939 2335 et

1200 2371 1265 2394 non
1280 2359 1373 2392 aliter
1393 2358 1427 2390 in
1444 2356 1631 2401 praemissis
1645 2366 1704 2400 per
1717 2366 1938 2399 quoscumque

1200 2413 1324 2446 iudices
1356 2411 1540 2445 ordinarios
1573 2415 1605 2443 et
1636 2410 1820 2452 delegatos,
1844 2409 1939 2442 etiam

1202 2476 1371 2499 causarum
1389 2464 1498 2508 palatii
1517 2463 1688 2507 apostolici
1714 2462 1891 2503 auditores,
1905 2473 1940 2495 ac

1201 2519 1231 2552 S.
1253 2519 1289 2551 R.
1318 2519 1351 2551 E.
1372 2517 1534 2561 praefatae
1561 2516 1754 2554 cardinales,
1779 2514 1874 2548 etiarn
1901 2515 1940 2547 de

1180 2585 1181 2616 i
1203 2574 1300 2604 latere
1322 2572 1455 2614 legatos,
1475 2576 1505 2602 et
1525 2569 1729 2613 Apostolicae
1755 2568 1846 2601 Sedis
1863 2578 1941 2600 nun-

1180 2622 1183 2664 ἱ
1203 2624 1281 2664 cios,
1296 2633 1420 2657 necnon
1434 2624 1622 2667 generalem
1635 2628 1825 2666 ceterosque
1841 2621 1941 2666 inqui-

1928 247 1980 276 An.
2001 247 2031 276 C.
2049 248 2119 277 1675
