2279 3260
153 221 201 247 An.
224 219 253 247 C.
274 220 339 247 1676

179 2015 190 2041 S
210 2015 223 2036 5
255 2014 285 2035 De
299 2019 336 2040 pa—

154 2043 220 2061 tritius
242 2041 337 2061 definito-

154 2068 212 2115 Liltlviiis
233 2067 335 2094 generati-

981 219 1123 245 CLEMENS
1145 221 1163 243 Χ
1189 221 1236 243 PP.

347 274 525 303 conventus
552 280 622 303 curn
649 269 793 313 partibus
811 275 1035 312 con‘iponatur,
1055 274 1086 300 et

348 328 381 355 ut
406 324 445 356 ad
471 320 681 356 eonsensum¹
705 322 768 355 sive
795 323 832 355 ad
860 323 1012 354 damnum
1032 333 1085 364 pc-

346 376 455 408 eunias
480 375 658 418 recipiant,
684 376 818 407 obtenta
856 380 963 407 tai‘nen
997 374 1083 417 prius

345 438 444 471 super
468 427 652 471 praemissis
679 427 785 460 debita
809 427 899 460 Sedis
924 427 1083 470 Altiostoli-

346 492 400 513 cae
427 480 571 513 licentia.

390 543 443 566 vn.
472 533 506 566 ln
531 533 744 567 electionibus
762 533 916 567 faciendis
930 538 1017 566 extra
1033 544 1083 566 ca-

345 586 483 629 pitulum
501 598 518 618 a
535 587 719 619 definitorio
737 588 866 630 quando
884 592 1083 620 concurrunt

346 644 467 671 tantum
493 650 547 672 sex
573 641 753 680 electores,
781 640 807 672 si
832 645 905 683 post
929 646 993 672 tres
1018 650 1082 672 ses-

345 691 466 732 siones,
490 692 521 724 in
540 703 675 735 quarum
693 693 829 735 singulis
851 692 910 724 tria
930 692 1082 725 scrutinia

345 744 456 777 habita
481 744 553 784 sint,
580 744 695 777 electio
717 745 871 777 canoniea
888 755 953 777 non
968 754 1083 787 sequa-

347 802 409 837 tur,
439 803 513 830 tune
538 803 707 830 concurrat
731 808 801 830 eum
828 796 1022 837 delinitorio,
1052 802 1083 829 et

346 849 532 893 suffragium
551 851 677 890 habeat,
700 851 739 883 ad
755 850 840 882 iliius
859 849 1025 882 electionis
1042 850 1081 882 es-

346 903 475 944 sectum,
495 903 701 946 provincialis
721 903 907 946 provinciae
926 902 1015 934 euius
1033 907 1081 935 est

346 955 487 989 officium
511 966 637 989 vacans.

390 1019 455 1042 vul.
480 1008 699 1051 Praecipimus
730 1008 878 1040 omnibus
903 1006 1078 1049 religiosis,

347 1068 410 1095 tam
422 1061 574 1104 praelatis
589 1071 683 1104 quam
698 1061 847 1099 subditis,
859 1071 897 1093 ne
912 1065 1081 1093 recurrant

346 1114 385 1146 ad
412 1112 630 1146 definitorium
656 1124 715 1156 pro
740 1113 949 1156 expeditione
972 1123 1081 1145 rerum

346 1167 386 1199 ad
411 1166 491 1199 alios
524 1165 709 1209 superiores
740 1166 1001 1209 pertinentiu1n;
1028 1165 1081 1208 qui

346 1224 452 1251 autem
476 1218 545 1251 sine
571 1219 686 1251 debitis
707 1219 958 1251 circumstantiis
976 1229 1083 1251 recur-

347 1272 399 1313 rit,
425 1272 511 1304 iuxta
535 1271 724 1314 gravitatem
749 1273 861 1314 culpae
885 1272 1048 1314 puniatur.

391 1336 435 1358 lx.
461 1324 684 1358 Definitorium
716 1325 799 1358 nihil
827 1325 946 1368 poterit
977 1326 1082 1357 faeere

346 1379 432 1411 ultra
457 1388 646 1410 concessum
663 1388 680 1410 a
696 1379 811 1420 regula
825 1383 855 1410 et
871 1377 990 1410 nostris
1007 1388 1083 1410 con-

348 1430 578 1469 stitutionibus,
605 1440 664 1462 nee
689 1430 855 1472 negotium
880 1430 1010 1473 aliquod
1033 1432 1081 1463 vel

348 1494 478 1516 eausam
502 1484 542 1516 ad
566 1483 671 1526 ipsum
695 1494 760 1516 non
785 1484 1001 1526 pertinentem
1026 1494 1084 1527 po-

350 1537 424 1569 terit
448 1536 509 1569 sibi
534 1546 696 1578 arrogare,
719 1535 781 1568 nisi
807 1536 840 1568 in
864 1546 938 1568 casu
955 1547 1039 1577 raro,
1053 1542 1083 1569 et

348 1589 497 1622 omnibus
522 1589 684 1631 suffragiis
711 1589 992 1622 concurrentibus.

392 1654 421 1676 x.
448 1643 543 1676 Pater
568 1642 739 1685 generalis,
764 1647 796 1675 et
820 1642 915 1675 etiam
940 1642 1083 1676 definito-

347 1696 439 1737 rium,
466 1696 593 1738 quando
614 1695 677 1728 illis
703 1695 879 1738 expediens
901 1696 1003 1728 visum
1020 1696 1083 1728 sue-

348 1749 404 1787 rit,
430 1750 558 1782 mittant
590 1749 731 1792 aliquam
756 1749 1003 1782 instructionem
1028 1761 1083 1792 pa-

348 1802 450 1834 tribus
476 1801 737 1845 provincialibus,
763 1812 845 1845 quae
870 1808 901 1835 ct
920 1813 979 1845 pro
995 1803 1082 1835 bono

348 1855 508 1898 regimine
527 1862 559 1888 et
571 1855 803 1888 reformatione
826 1855 1083 1898 provinciarum,

348 1913 381 1941 et
404 1918 462 1951 pro
488 1908 635 1951 ipsorum
652 1907 854 1941 subditorum
870 1908 1020 1951 prosectu
1035 1910 1084 1942 de-

348 1961 479 1993 serviat.

392 2024 414 2046 1.
430 2014 541 2046 Patres
559 2013 719 2056 generalis
739 2018 771 2046 et
785 2012 983 2054 definitores,
1009 2014 1085 2047 dum

348 2072 425 2111 post
448 2077 539 2099 suam
566 2066 760 2100 electionem
786 2067 890 2109 primo
918 2066 949 2099 in
976 2066 1086 2100 desini-

349 2119 431 2153 torio
446 2120 740 2162 congregabuntur,
754 2119 871 2151 saciant
886 2125 958 2152 ante
977 2120 1085 2153 omnia

348 2172 379 2205 in
405 2173 476 2215 ipso
495 2171 678 2205 definitorio
703 2171 917 2204 iuramentum
936 2173 1084 2205 servandi

348 2230 542 2268 perpetuum
566 2230 725 2258 secretum
750 2225 788 2258 de
813 2226 909 2258 rebus
933 2225 966 2257 in
992 2236 1030 2258 eo
1055 2237 1086 2258 a-

350 2277 484 2320 gendis;
512 2278 599 2320 quod
616 2277 835 2312 iuramentum
855 2282 932 2310 tunc
949 2278 1082 2321 obliget,

349 2330 481 2374 quando
505 2331 609 2364 maior
637 2342 710 2375 pars
736 2331 909 2365 definitorii
935 2332 1081 2364 deelara-

347 2384 430 2417 verit
459 2384 580 2417 debere
611 2384 731 2418 servari
763 2390 925 2418 secretum
958 2384 990 2416 in
1032 2386 1085 2418 tali

348 2439 397 2470 vel
424 2437 479 2470 tali
503 2447 603 2478 easu3
629 2437 681 2480 qui
707 2443 812 2471 autem
836 2438 917 2471 illud
941 2438 1085 2481 fregerit,

349 2491 389 2523 ab
416 2491 533 2523 eodem
557 2489 740 2524 definitorio
761 2502 874 2536 severe
900 2491 1065 2534 puniatur.

393 2553 428 2576 11.
455 2543 566 2575 Patres
600 2543 787 2576 definitores
821 2544 990 2586 generales
1031 2555 1085 2577 sex

386 2607 397 2633 1
419 2606 459 2632 An
479 2608 553 2632 reeta
572 2605 661 2640 leutio,
682 2605 783 2632 iudicet
802 2606 873 2633 scius
891 2610 930 2641 (a.
947 2607 995 2640 T.).

437 2660 516 2688 Bait.
536 2660 620 2687 Rom.
643 2674 675 2678 —
701 2660 757 2689 Vol.
779 2660 886 2688 XVIII.
918 2700 928 2703 ⁴.
1029 2660 1064 2688 84

1128 268 1249 300 debent
1272 278 1344 301 esse
1370 268 1454 300 iuxta
1472 269 1570 302 Breve
1593 268 1692 301 solini>-
1713 268 1860 300 ren-orda.-

1129 319 1224 353 tionis
1250 320 1422 353 Alexandri
1449 321 1496 352 ΠΙ
1524 321 1709 364 expeditiun
1735 314 1784 353 din·
1802 332 1857 351 xxx

1126 374 1260 406 ianuarii
1284 384 1439 414 MDCLx'lxt,
1462 374 1647 416 singulique
1664 374 1725 406 duo
1744 373 1774 404 in
1796 373 1860 404 >in-

1126 426 1207 469 gulis
1224 426 1399 470 provinciis
1418 427 1601 469 eligantur:
1621 436 1734 458 omnes
1752 431 1858 457 autem

1126 479 1188 511 sint
1212 481 1364 523 aequales
1397 478 1429 512 in
1454 483 1613 522 potestate
1639 483 1670 511 et
1701 478 1860 521 praemii-

1117 530 1252 574 ¹ncntiis,
1266 538 1308 573 ut,
1323 532 1516 576 ubicumque
1534 531 1660 571 fuerint,
1676 531 1857 563 immediato

1124 586 1206 628 patri
1221 586 1362 628 generali
1379 585 1604 625 subiiciantur,
1623 590 1655 617 et
1672 584 1703 616 in
1723 595 1861 616 conven-

1124 643 1156 670 tu
1180 638 1212 670 in
1237 649 1301 681 quo
1326 638 1501 681 capitulum
1528 637 1679 679 generale
1708 637 1757 669 vel
1783 636 1860 668 ‹leti-

1124 690 1275 723 nitorium
1300 691 1499 730 celebratur,
1527 691 1601 723 dum
1628 690 1707 722 llaec
1733 689 1858 727 durant,

1124 743 1258 775 sedeant
1281 743 1468 775 immediate
1495 748 1566 785 post
1585 747 1707 785 patrem
1726 752 1861 784 genera-

1124 796 1198 833 lem,
1213 799 1246 828 et
1263 794 1412 827 omnibus
1430 795 1500 828 aliis
1518 795 1739 838 praesideant,
1763 795 1859 827 etiam

1124 847 1311 891 provinciali
1336 847 1421 879 illius
1439 847 1623 890 provinciae
1642 847 1674 879 in
1693 857 1754 890 qua
1772 853 1855 879 sunt.

1167 910 1215 933 ιιι.
1249 899 1402 932 Habitent
1425 899 1458 931 in
1488 900 1704 932 conventibus
1728 911 1744 932 a
1768 905 1859 943 patre

1123 951 1268 995 generali
1293 952 1479 994 designatis,
1506 953 1590 996 aptis
1616 958 1721 985 tamen
1747 958 1781 984 ut
1804 963 1860 995 op-

1122 1009 1265 1048 portune
1282 1009 1313 1037 et
1331 1005 1472 1038 scribere
1491 1010 1522 1038 et
1543 1006 1688 1049 recipere
1704 1006 1858 1049 epistolas

1123 1057 1250 1100 possint
1273 1057 1312 1089 ad
1339 1067 1432 1090 suum
1457 1068 1573 1090 munus
1597 1063 1802 1101 spectantes3
1829 1063 1860 1091 et

1124 1110 1157 1142 in
1182 1109 1331 1142 omnibus
1356 1110 1566 1143 conventibus
1592 1116 1624 1143 et
1641 1111 1786 1154 collegiis
1805 1111 1860 1143 ubi

1124 1162 1260 1203 suerint,
1287 1161 1473 1205 suffragium
1499 1163 1640 1196 habeant
1664 1163 1744 1196 sicut
1761 1163 1860 1196 cetcri

1125 1215 1365 1255 conventuales,
1393 1220 1424 1247 et
1447 1214 1579 1248 absente
1597 1215 1753 1256 ministro,
1773 1215 1799 1248 si
1817 1215 1859 1248 ibi

1125 1278 1191 1301 non
1207 1268 1304 1301 fuerit
1320 1278 1452 1311 praeses
1469 1268 1647 1310 assignatus
1668 1279 1725 1312 per
1738 1275 1861 1312 patrem

1126 1322 1312 1364 generalem
1334 1322 1383 1354 vel
1413 1320 1638 1362 definitorium,
1654 1322 1862 1365 praesideant

1125 1375 1158 1407 in
1183 1374 1306 1408 actibus
1321 1379 1353 1407 et
1372 1374 1590 1407 functionibus
1613 1375 1861 1416 communitatis

1125 1428 1316 1471 signumque
1342 1427 1479 1467 saciant,
1504 1433 1539 1460 ut
1562 1428 1661 1461 moris
1688 1434 1758 1468 est,
1781 1439 1863 1461 nun-

1126 1493 1222 1525 quam
1247 1491 1324 1514 vero
1350 1491 1384 1514 se
1409 1481 1625 1513 intromittant
1660 1481 1691 1513 in
1717 1481 1862 1524 regimen

1127 1535 1239 1568 domus
1256 1561 1263 1575 ,
1290 1534 1351 1566 nisi
1376 1534 1563 1567 absentibus
1593 1533 1739 1567 ministro
1766 1539 1795 1567 et
1821 1535 1864 1567 vi-

1126 1587 1230 1628 cario,
1257 1593 1332 1619 tunc
1356 1587 1443 1620 enim
1479 1588 1585 1630 quoad
1609 1587 1718 1620 omnia
1742 1588 1864 1631 praesi-

1127 1642 1182 1674 des
1207 1646 1303 1673 erunt
1328 1645 1514 1681 conventus,
1530 1645 1562 1673 et
1586 1651 1699 1673 omnes
1718 1641 1864 1683 religiosi

1127 1704 1258 1737 semper
1275 1698 1306 1725 et
1323 1692 1442 1735 ubique
1461 1694 1607 1726 eamdem
1623 1693 1865 1726 observantiam

1127 1752 1158 1780 et
1189 1745 1406 1779 reverentiam
1438 1751 1623 1789 praestent„
1650 1756 1686 1778 ac
1718 1746 1783 1779 suis
1808 1747 1866 1779 mi-

1128 1799 1250 1833 nistris.

1170 1863 1213 1886 lv.
1240 1852 1274 1884 ln
1299 1851 1445 1895 quolibet
1462 1856 1638 1892 conventu,
1665 1852 1719 1885 ubi
1746 1852 1866 1885 suerint

1127 1907 1222 1940 simul
1246 1917 1318 1939 cum
1344 1912 1432 1950 patre
1455 1907 1608 1949 generali,
1624 1907 1663 1939 ab
1680 1906 1752 1950 ipso
1771 1907 1866 1939 licen-

1128 1961 1214 2000 tiam,
1240 1960 1365 1993 socium
1382 1964 1413 1991 et
1429 1959 1690 1992 benedictionem
1709 1960 1867 2003 accipiant

1129 2013 1167 2046 ad
1177 2012 1359 2046 exeundum
1375 2023 1391 2045 e
1403 2012 1510 2044 domo.
1527 2012 1557 2045 Si
1576 2017 1683 2045 autem
1700 2018 1795 2055 pater
1812 2024 1866 2055 ge-

1129 2066 1248 2099 neralis
1271 2065 1316 2098 ihi
1340 2076 1407 2098 non
1433 2071 1493 2105 est,
1514 2065 1638 2098 dicatur
1658 2066 1817 2106 ministro,
1836 2072 1867 2099 ct

1129 2130 1202 2152 cum
1227 2119 1315 2151 socio
1353 2118 1392 2150 ab
1424 2118 1495 2161 ipso
1529 2118 1697 2161 designato
1724 2125 1863 2160 exeant·,

1129 2173 1234 2206 socius
1259 2177 1366 2204 tamen
1385 2171 1454 2214 ipse
1469 2183 1485 2203 a
1502 2171 1648 2204 ministro
1667 2172 1867 2205 benedictio-

1129 2236 1203 2259 nem
1233 2224 1380 2268 accipiat.

1172 2290 1199 2311 v.
1224 2279 1385 2321 Epistolas
1416 2277 1673 2320 quibuscumque
1705 2278 1866 2321 religiosis

1130 2338 1162 2365 et
1185 2331 1405 2365 saecularibus
1431 2330 1575 2363 seribere
1602 2335 1633 2362 et
1659 2331 1698 2363 ab
1716 2330 1868 2363 illisi‘nis-

1130 2396 1180 2418 sas
1205 2385 1352 2427 recipere
1377 2383 1473 2417 liceat
1498 2382 1723 2416 definitoribus
1745 2384 1867 2427 absque

1130 2437 1264 2472 alieuius
1300 2437 1397 2470 etiam
1421 2437 1520 2479 patris
1546 2437 1706 2479 generalis
1731 2437 1868 2480 impedi-

1130 2497 1241 2525 mento
1266 2492 1316 2524 vel
1342 2490 1498 2530 examine,
1526 2490 1689 2533 etiamque
1708 2490 1753 2523 eis
1772 2490 1868 2523 liceat

1130 2545 1198 2577 sine
1224 2543 1333 2587 aliqua
1356 2542 1487 2576 licentia
1504 2542 1626 2585 alloqui
1645 2552 1867 2586 quascumque

1130 2607 1297 2642 personas,
1324 2595 1527 2630 observando
1545 2600 1651 2628 tamen
1672 2595 1758 2639 quod
1774 2606 1869 2639 regu-

1754 210 1818 242 663
1864 218 1912 243 An.
1936 217 1964 242 ιζ.
1985 217 2050 245 unx)
