2279 3260
206 231 258 257 Αη.
274 231 301 256 u.
326 229 391 256 «67⁶2
437 219 501 252 5³60

262 974 330 993 Tenor
340 971 393 991 litte·

210 1006 277 1020 raruu·
302 999 393 1019 clemen-

211 1029 236 1046 us
250 1026 281 1046 lx⁴

399 278 464 310 sive
489 274 719 320 quoquomodo
750 274 789 307 ad
823 274 910 307 illam
942 271 1133 315 pertinenti-

398 331 470 370 bus,
493 331 531 363 ad
563 329 739 372 praefatam
769 325 1056 369 Congregationem
1078 322 1134 355 Ca-

398 381 648 415 maldulensium
683 381 799 414 Montis
825 379 970 412 Coronae
1004 376 1133 419 pridem

399 436 527 475 factam,
547 439 579 466 et
592 434 631 466 ab
660 434 776 466 eodem
795 432 922 464 Urbano
947 428 1134 472 praedeces-

399 498 471 520 sore
489 486 720 523 confirmatam,
733 482 903 522 revocavit,
922 480 1078 519 dissolvit,
1093 479 1135 510 ir-

399 539 508 572 ritavit
523 543 554 572 et
569 537 755 577 annullavit,
768 547 804 569 ac
817 534 963 567 nationes
977 532 1135 576 praefatas

401 592 439 624 ab
461 591 598 623 invicem
617 589 788 632 separavit,
808 596 926 629 casque
943 586 982 618 ad
1001 585 1135 617 formam

402 643 583 686 regiminis,
606 652 669 685 quo
695 646 769 673 ante
794 639 931 671 uniones
955 635 1135 679 respective

403 696 685 738 gubernabantur,
711 691 849 731 reduxit,
882 695 914 723 et
938 689 1026 728 alias,
1041 692 1138 731 prout

400 748 532 781 uberius
564 747 747 780 continetur
772 744 804 776 in
830 743 929 786 ipsius
961 740 1135 774 Clementis

402 799 664 844 praedecessoris
690 797 806 831 litteris
828 797 968 839 desuper
984 794 1017 826 in
1038 792 1136 826 simili

402 855 503 887 forma
528 852 638 886 Brevis
664 850 823 894 expeditis
849 847 972 882 tenoris
1009 846 1065 890 qui
1089 855 1138 878 se*-

403 907 524 950 quitur,
549 905 721 939 videlicet:

448 960 462 1002 ᾖ
487 959 517 991 ⁶2.
539 958 681 992 Clemens
697 957 793 999 Papa
811 954 871 995 IX,
891 954 934 987 ad
951 956 1139 996 perpetuam

404 1013 452 1046 rei
475 1011 674 1044 memoriam.
699 1009 786 1043 lllius
802 1035 809 1049 ,
837 1008 891 1051 qui
924 1007 1065 1041 charitas
1091 1011 1139 1039 est

405 1072 436 1100 et
459 1066 543 1099 Deus
568 1065 664 1108 pacis,
689 1064 785 1102 vices,
810 1063 887 1096 licet
910 1060 1070 1101 immeriti,
1086 1071 1139 1103 ge-

403 1125 513 1152 rentes
546 1118 578 1150 in
603 1117 708 1157 terris,
733 1116 771 1148 ad
796 1125 833 1148 ea
855 1114 1034 1158 peculiares
1058 1113 1139 1155 vigi-

402 1172 521 1206 lantiae
543 1175 675 1204 nostrae
701 1179 792 1201 curas
817 1168 959 1200 libenter
982 1165 1140 1199 converti-

402 1235 480 1263 mus,
499 1233 558 1266 per
575 1233 657 1266 quae
678 1220 849 1263 religiosae
868 1217 1137 1258 christifidelium,

404 1277 467 1320 qui,
483 1277 681 1318 abnegantes
707 1272 912 1315 semetipsos,
938 1271 1052 1304 divinis
1083 1270 1140 1303 ob-

405 1329 525 1372 sequiis
549 1339 582 1361 se
607 1338 641 1360 se
669 1327 726 1359 sub
751 1325 838 1358 suavi
864 1324 1011 1356 arctioris
1046 1328 1139 1365 atque

405 1382 577 1415 severioris
602 1378 793 1422 disciplinae
826 1379 901 1419 iugo
928 1377 1138 1416 devoverunt,

405 1434 507 1477 quieti
531 1433 729 1471 consulatur,
748 1434 845 1473 prout
869 1430 994 1462 matura
1019 1428 1141 1461 delibe-

405 1486 529 1519 ratione
560 1484 705 1517 adhibita
735 1482 907 1515 salubriter
931 1481 1082 1524 expedire
1107 1480 1140 1512 in

405 1538 540 1571 Domino
559 1536 766 1570 arbitramur.
781 1535 905 1567 Dudum
922 1533 1081 1576 siquidem
1099 1532 1141 1565 se-

405 1591 474 1625 licis
499 1588 734 1623 recordationis
752 1587 901 1620 Urbanus
921 1585 985 1618 VIII
1009 1585 1142 1629 praede-

406 1654 517 1677 cessor
559 1647 670 1675 noster
685 1668 692 1682 ,
730 1640 824 1673 certis
865 1644 942 1671 tunc
983 1637 1141 1681 expressis

406 1697 508 1730 causis
521 1696 686 1736 adductus,
697 1704 841 1727 eremum
853 1692 1142 1725 Camaldulensium

406 1750 573 1789 Etruriae,
598 1749 662 1781 sive
688 1746 873 1791 provinciae
905 1746 1078 1786 Aretinae,
1106 1756 1143 1778 ae

408 1801 671 1845 Congregationis
699 1800 813 1833 Montis
844 1798 990 1831 Coronae
1013 1798 1142 1831 Ordinis

409 1854 721 1893 Camaldulensium,
759 1861 930 1894 earumque
964 1850 1143 1893 respective

410 1918 545 1947 eremos,
562 1905 767 1945 monasteria,
784 1904 930 1937 membra
947 1908 978 1936 et
995 1903 1057 1936 alia
1073 1904 1144 1936 loca

410 1959 574 2003 regularia
608 1959 647 1991 ab
684 1958 729 1990 eis
756 1956 984 2000 dependentia,
1008 1955 1145 1988 invicem

410 2018 570 2057 perpetuo
595 2011 707 2051 univit,
728 2010 879 2043 annexuit
903 2014 935 2042 et
958 2009 1145 2052 incorpora-

411 2066 465 2107 vit,
479 2076 515 2098 ac
538 2076 575 2098 ex
592 2064 636 2097 eis
656 2063 805 2097 omnibus
823 2063 867 2095 sic
886 2061 996 2102 unitis,
1015 2061 1145 2094 annexis

412 2125 444 2152 et
471 2117 684 2160 incorporatis
717 2116 845 2148 unicam
871 2115 1033 2147 dumtaxat
1064 2114 1146 2147 Con-

413 2171 646 2215 gregationem,
664 2179 729 2202 non
748 2168 887 2210 amplius
911 2167 1024 2200 Montis
1049 2166 1146 2200 Coro-

413 2235 482 2264 nae,
498 2224 554 2257 sed
569 2223 782 2255 Eremitarum
800 2220 1091 2253 Camaldulensium
1108 2220 1146 2253 de

414 2282 522 2310 cetero
547 2274 808 2317 nuncupandam,
833 2272 924 2306 cuius
945 2277 1042 2315 caput
1065 2278 1148 2305 esset

414 2331 555 2373 praelata
589 2337 713 2360 eremus
746 2325 1035 2359 Camaldulensium
1062 2325 1148 2357 Etru-

415 2383 490 2423 riae,
505 2380 653 2413 similiter
665 2383 821 2422 perpetuo
840 2377 940 2410 erexit
953 2383 984 2410 et
1000 2377 1146 2418 instituit3

415 2446 451 2467 ac
477 2435 608 2477 insuper
632 2432 719 2464 idem
744 2430 890 2463 Urbanus
918 2429 1149 2472 praedecessor

416 2489 570 2520 unionem
596 2489 628 2518 et
652 2483 946 2526 incorporationem
971 2483 1070 2515 eremi
1095 2483 1149 2515 Ca-

415 2538 622 2574 maldulensis
640 2538 673 2570 in
690 2536 855 2570 montibus
871 2546 972 2579 prope
990 2535 1150 2569 civitatem

415 2593 647 2629 Taurinensem
663 2591 757 2632 sitae,
771 2590 832 2622 una
847 2599 919 2622 cum
943 2589 1013 2622 aliis
1034 2589 1151 2622 eremis

978 221 1156 248 nummum
1179 220 1331 245 ROMANUM

1175 274 1207 301 et
1232 268 1380 301 domibus
1413 272 1444 301 et
1467 268 1547 302 locis
1573 268 1612 301 ab
1637 268 1674 300 ea
1699 266 1912 310 dependenti-

1174 321 1255 361 bus,
1279 320 1344 354 sivc
1376 321 1605 364 quoquomodo
1636 322 1675 353 ad
1700 320 1788 353 illam
1812 319 1913 363 perti-

1175 373 1339 413 nentibus,
1349 374 1513 416 praefatae
1524 372 1774 416 Congregationi
1792 372 1912 405 Camal-

1176 425 1303 457 dulensi
1328 425 1442 458 Montis
1461 425 1617 466 Coronae,
1636 426 1694 459 suh
1723 424 1819 458 certis
1836 429 1913 457 tunc

1177 477 1336 520 expressis
1353 477 1593 510 conditionibus
1605 478 1711 518 factas,
1721 476 1911 510 auctoritate

1177 529 1353 572 apostolica
1378 530 1570 572 approbavit
1595 534 1626 562 et
1650 529 1857 569 confirmavit,
1882 534 1914 561 et

1177 583 1265 622 alias,
1281 588 1378 626 prout
1400 583 1433 615 in
1457 583 1543 615 binis
1560 583 1662 626 ipsius
1681 583 1801 616 Urbani
1821 592 1914 625 prae-

1178 635 1357 668 decessoris
1369 634 1484 668 litteris
1498 635 1637 678 desuper
1652 634 1685 667 in
1698 635 1795 668 simili
1812 635 1915 667 forma

1179 687 1288 721 Brevis
1311 687 1362 720 die
1386 697 1444 720 vm
1468 687 1610 720 octobris
1630 696 1791 720 Mncxxxw
1816 692 1847 720 et
1864 686 1915 720 die

1179 751 1236 773 v111
1260 741 1385 783 augusti
1410 750 1555 774 Mncxxxv
1584 740 1760 783 respective
1785 739 1916 783 expedi-

1180 793 1245 834 tis,
1273 804 1411 835 quarum
1446 798 1576 826 tenores
1608 792 1831 836 praesentibus
1857 802 1915 835 pro

1180 847 1276 890 plene
1310 851 1342 879 et
1381 846 1579 879 sufficienter
1610 846 1770 889 expressis
1803 856 1840 878 ac
1876 846 1916 878 de

1180 899 1278 932 verbo
1305 899 1345 931 ad
1370 899 1504 931 verbum
1529 898 1658 931 insertis
1684 897 1799 930 haberi
1825 897 1917 930 volu-

1181 961 1264 992 mus,
1286 951 1418 984 uherius
1444 951 1640 984 continetur.

1225 1004 1302 1038 Cum
1341 1009 1447 1037 autem
1482 1004 1585 1047 (sicut
1617 1002 1820 1046 accepimus)
1848 1002 1918 1035 sub-

1182 1058 1257 1090 inde
1282 1057 1367 1090 inter
1402 1057 1536 1090 dilectos
1566 1056 1650 1089 filios
1688 1055 1837 1089 eremitas
1861 1054 1918 1088 Ca-

1182 1111 1409 1150 maldulenses,
1423 1110 1496 1143 illos
1513 1109 1667 1141 nimirum
1680 1108 1820 1142 nationis
1831 1108 1918 1140 Etru-

1181 1163 1248 1196 riae
1280 1163 1334 1206 qui
1368 1163 1507 1196 militant
1539 1162 1597 1195 sub
1622 1162 1752 1195 nomine
1777 1162 1918 1203 Congre-

1183 1216 1319 1259 gationis
1344 1215 1443 1248 eremi
1468 1225 1586 1255 sacrae,
1609 1225 1646 1247 ex
1671 1216 1756 1254 una,
1783 1218 1815 1247 et
1844 1214 1918 1246 illos

1183 1269 1348 1302 nationum
1391 1268 1495 1300 Status
1535 1267 1639 1300 nostri
1674 1266 1917 1307 Ecclesiastiei,

1183 1322 1316 1355 dominii
1336 1321 1459 1361 Veneti,
1477 1321 1570 1363 regni
1587 1320 1748 1363 Neapolis,
1765 1320 1918 1352 Poloniae

1183 1379 1215 1407 et
1238 1373 1447 1413 Germaniae,
1474 1373 1528 1416 qui
1553 1373 1630 1406 olim
1656 1372 1838 1405 militabant
1861 1373 1919 1405 sub

1183 1426 1312 1459 nomine
1337 1425 1604 1468 Congregationis
1621 1424 1736 1457 Montis
1761 1424 1916 1465 Coronae,

1184 1490 1220 1513 ex
1246 1480 1356 1519 altera,
1383 1490 1419 1511 ac
1444 1479 1518 1511 illos
1541 1477 1682 1510 nationis
1709 1478 1920 1511 Pedemonta-

1184 1543 1253 1573 nae,
1268 1542 1305 1565 ex
1330 1532 1393 1565 alia
1416 1531 1596 1574 respective
1621 1530 1787 1574 partibus,
1813 1530 1920 1563 variae

1184 1584 1383 1618 differentiae
1409 1594 1445 1616 ac
1470 1583 1709 1616 controversiae
1734 1588 1864 1616 exortae
1890 1588 1922 1617 et

1184 1637 1356 1670 suscitatae
1388 1636 1525 1670 suerint:
1560 1647 1631 1676 nos,
1656 1646 1715 1679 pro
1747 1635 1921 1668 commissa

1184 1690 1277 1724 nobis
1303 1691 1436 1723 caelitus
1458 1689 1628 1733 pastoralis
1653 1688 1749 1721 officii
1775 1690 1850 1721 cura
1866 1699 1922 1732 op-

1184 1749 1360 1788 portunum
1378 1742 1564 1775 huiusmodi
1582 1741 1725 1774 dissidiis
1742 1741 1939 1792 remedium,

1185 1797 1350 1837 adhibere,
1368 1801 1400 1828 et
1416 1796 1577 1828 fraternae
1597 1794 1762 1827 charitatis
1777 1795 1921 1827 amoeni-

1186 1854 1283 1883 tatem
1308 1849 1392 1881 inter
1407 1848 1557 1881 eremitas
1575 1847 1746 1890 praefatos,
1769 1852 1921 1890 quantum

1186 1913 1259 1936 cum
1282 1902 1419 1935 Domino
1437 1911 1619 1944 possumus,
1636 1900 1808 1933 restituere
1826 1904 1921 1942 atque

1186 1955 1320 1987 firmiter
1343 1953 1483 1986 solidare
1508 1952 1696 1996 cupientes,
1723 1952 1762 1984 de
1792 1962 1922 1985 venera-

1187 2008 1300 2041 bilium
1325 2006 1459 2038 fratrum
1483 2010 1669 2038 nostrorum
1692 2004 1723 2037 S.
1739 2004 1777 2036 R.
1795 2004 1830 2036 E.
1854 2015 1922 2037 car-

1189 2059 1345 2093 dinalium
1385 2058 1524 2101 negotiis
1561 2063 1591 2091 et
1632 2057 1922 2090 consultationibus

1189 2113 1414 2156 episcoporum
1441 2116 1473 2144 et
1496 2110 1691 2153 regularium
1721 2110 1923 2154 praeposito-

1188 2175 1283 2205 rum,
1310 2163 1365 2207 qui
1396 2162 1630 2196 controversias
1664 2167 1696 2195 et
1726 2162 1922 2196 differentias

1188 2217 1357 2262 praefatas,
1369 2226 1404 2249 ex
1416 2215 1640 2249 commissione
1651 2216 1846 2249 recolendae
1860 2226 1922 2248 me-

1189 2270 1309 2303 moriae
1334 2269 1505 2301 Alexandri
1530 2268 1590 2300 PP.
1619 2268 1669 2300 vll
1693 2268 1924 2311 praedecesso-

1189 2323 1232 2355 ris
1256 2323 1376 2366 pariter
1397 2321 1518 2361 nostri,
1538 2326 1661 2354 mature
1687 2331 1722 2353 ac
1751 2321 1924 2364 diligenter

1191 2375 1414 2410 examinarunt
1437 2379 1468 2407 et
1491 2374 1748 2417 perpenderunt,
1775 2374 1922 2415 consilio,

1191 2427 1428 2471 motuproprio,
1449 2437 1485 2459 ac
1505 2437 1542 2460 ex
1560 2429 1648 2459 certa
1666 2426 1801 2459 scientia
1818 2432 1849 2459 et
1864 2438 1924 2459 ma—

1192 2483 1263 2515 tura
1287 2480 1522 2514 deliberatione
1546 2480 1686 2521 nostris,
1713 2480 1818 2523 deque
1848 2490 1923 2523 apo-

1193 2534 1326 2568 stolicae
1351 2533 1519 2576 potestatis
1531 2532 1744 2576 plenitudine,
1760 2533 1923 2573 unionem,

1193 2586 1407 2621 annexionem
1439 2590 1470 2619 et
1500 2585 1795 2629 incorporationem
1827 2585 1925 2619 eremi

1917 218 1966 245 Αη.
1988 219 2018 246 C.
2037 219 2103 246 ⁴672
