2279 3260
153 253 202 278 Au.
219 252 248 279 C.
270 253 337 281 1671

347 308 538 346 procurator
582 304 743 346 generalis
779 304 907 337 Ordinis
947 305 1079 337 fratrum

345 355 446 389 sancti
479 356 567 389 Pauli
601 356 697 398 primi
724 357 877 390 eremitae
903 358 995 390 nobis
1021 362 1101 389 nii-s

343 419 401 451 per
418 408 534 452 exponi
553 408 635 448 fecit,
655 414 689 441 ut
706 419 880 449 sacrarum,
900 410 1011 453 eisque
1029 421 1079 442 an-
1099 445 1100 455 ἵ

344 460 524 493 cillantium
562 461 719 494 bonarum
760 462 936 495 litterarum
974 462 1079 495 studia
1099 469 1100 507 ζ

345 513 376 546 in
402 513 514 546 eodem
540 513 658 546 Ordine
683 515 785 556 magis
810 514 842 547 in
868 515 1009 548 futurum
1036 515 1079 547 vi—

345 571 452 608 geant,
476 570 508 598 et
531 566 645 599 fratres
665 566 766 609 ipsius
784 567 911 600 Ordinis
928 568 1079 610 congruis

344 619 505 651 honorum
536 619 687 662 praemiis
712 620 751 652 ad
776 620 831 653 illa
856 621 1079 663 amplectenda

342 676 437 714 atquc
464 673 689 714 prosequenda
714 673 890 705 alacriores
907 678 938 705 et
954 673 1078 705 serven-

343 724 441 757 tiores
466 724 657 766 reddantur,
677 725 743 768 ipse
768 731 961 768 procurator
981 736 1079 768 gene-

344 776 418 809 ralis
456 783 639 820 opportune
674 789 691 809 a
723 778 817 811 nobis
850 778 1015 821 provideri
1048 784 1079 811 et

343 835 377 861 ut
393 829 475 861 infra
499 830 658 871 indulgeri
680 841 887 874 summopere
907 831 1077 864 desideret:
1098 849 1100 875 g

387 883 401 924 ἓ
427 882 457 914 ἱ),
486 881 556 922 Nos,
583 883 730 915 ciusdem
764 883 985 926 procuratoris
1019 894 1075 925 ge·
1098 879 1100 904 ἦ

344 935 464 967 ueralis
498 935 576 967 votis
603 935 718 967 bacin
751 946 784 967 rc
819 941 974 978 quantum
1008 946 1079 968 cuin

343 986 477 1019 Domino
494 997 665 1029 possumus
691 987 908 1020 favorabiliter
935 998 1078 1020 annuere
1098 981 1101 1017 l

343 1040 496 1077 volentes,
516 1050 653 1082 eumque
675 1051 691 1071 a
709 1039 874 1082 quibusvis
899 1050 1079 1073 excommu-

343 1091 537 1130 nicationis,
563 1091 790 1134 suspensionis
826 1097 854 1124 et
890 1092 1077 1132 interdicti,
1099 1095 1101 1118 ἒ

342 1143 476 1187 aliisque
502 1144 730 1176 ecclesiasticis
756 1144 940 1183 sententiis,
968 1155 1080 1177 censu-

342 1196 386 1229 ris
412 1202 443 1229 et
468 1196 604 1239 poeuis,
630 1208 647 1228 a
672 1196 742 1229 inre
776 1198 824 1229 vel
856 1198 895 1229 ab
921 1197 1053 1230 homine
1070 1225 1077 1237 ,

342 1249 453 1292 quavis
477 1249 647 1281 occasione
673 1250 721 1281 vel
747 1251 843 1282 causa
864 1250 945 1289 latis,
967 1249 992 1282 si
1013 1250 1079 1293 qni-
1099 1243 1101 1278 Ι

341 1302 401 1334 bus
425 1302 671 1344 quomodolibet
704 1302 877 1334 innodatus
902 1302 1017 1343 existit,
1040 1304 1077 1335 ad
1100 1312 1101 1315 ’

341 1354 489 1387 cll'ectum
514 1355 733 1398 praesentium
769 1356 934 1388 dumtaxat
965 1360 1102 1389 conse-¹

341 1408 514 1450 quendum,
542 1408 655 1440 harum
693 1408 776 1441 serie
813 1409 1016 1441 absolventes
1049 1415 1081 1441 et

341 1462 527 1494 absolutum
554 1461 622 1494 sore
647 1467 836 1501 censenteS,
869 1462 1100 1514 snpplicatio-³

341 1513 435 1546 nibus
461 1514 529 1546 eius
555 1514 686 1547 nomine
712 1515 805 1547 nobis
825 1526 923 1558 super
940 1516 1001 1548 lioc
1023 1517 1079 1548 liu-

340 1565 459 1598 militer
492 1566 652 1609 porrectis
688 1566 857 1607 inclinati,
885 1568 1101 1619 anctoritat02

340 1618 524 1662 apostolica,
536 1624 647 1652 tenore
662 1619 896 1662 praesentium,
907 1620 1077 1654 statuimus
1098 1643 1100 1661 ξ

342 1677 373 1703 et
396 1672 583 1704 ordinamus
602 1676 637 1703 ut
662 1672 858 1715 deputentur
879 1683 940 1715 pro
965 1674 1078 1706 studiis

340 1723 546 1766 generalibus
579 1724 654 1756 dicti
679 1724 827 1765 Ordinis,
854 1724 887 1756 in
913 1725 1077 1768 ilungaria

341 1776 538 1809 monasteria
578 1776 724 1810 Tallense
744 1804 751 1818 ,
784 1777 975 1820 Vyhelicnse
998 1790 1005 1818 ;
1046 1775 1099 1812 ini

339 1828 474 1862 Polonia
498 1829 714 1869 Clarimonds,
732 1829 1021 1864 Czestocboviense
1047 1837 1078 1864 et

339 1882 551 1915 Cracoviense
569 1883 600 1915 S.
621 1883 784 1922 Stanislai;
805 1883 837 1915 in
855 1883 982 1917 Austria
999 1884 1077 1917 Neo-

338 1934 522 1974 stadiense;
550 1935 666 1978 quibus
687 1936 819 1968 accedat
843 1937 1076 1970 monasterium

338 1987 487 2020 eiusdem
520 1987 648 2021 Ordinis
674 1988 707 2020 in
738 1989 820 2020 alma
844 1988 928 2021 Urbe
964 1992 1077 2023 nostra

338 2051 444 2083 nuper
468 2045 623 2081 erectum,
649 2051 721 2073 cum
746 2041 944 2074 sufficientes
970 2043 1077 2075 reddi-

339 2099 386 2126 tus
412 2099 443 2126 et
467 2093 613 2127 aedificia
637 2095 821 2127 necessaria
845 2095 977 2128 arbitrio
1000 2106 1076 2129 con·

190 890 288 910 nocet-nit
311 895 329 910 u·

150 916 171 937 in
189 917 282 937 rubrica.

973 258 1003 280 (Π
1015 258 1115 281 HMFNS
1138 259 1155 282 X
1180 260 1227 282 ΡΡ.

1750 252 1813 287 183
1860 261 1954 289 amc.
1977 262 2042 291 ¹071

1124 311 1215 339 vente
1249 316 1311 338 non
1346 308 1510 350 potuerint
1540 308 1570 341 in
1605 320 1643 342 eo
1675 311 1852 343 studiomm

1122 357 1281 391 enrricula
1295 359 1417 402 peragi,
1432 359 1566 393 dilectus
1582 361 1664 394 filius
1680 363 1853 395 modernus

1122 420 1175 442 sen
1202 421 1260 453 pro
1287 416 1431 454 tempore
1457 412 1598 445 existens
1631 414 1779 456 superior
1803 426 1856 457 ge-

1123 462 1240 495 neralis
1257 463 1386 496 Ordinis
1404 464 1549 507 praefati,
1565 476 1637 497 cnm
1650 465 1854 508 beneplacito

1120 521 1316 554 memoratae
1343 517 1607 559 congregationis
1628 517 1853 557 cardinalium,

1122 567 1205 599 aliud
1232 568 1369 600 vicinum
1396 569 1582 602 substituat.

1165 620 1179 661 ἓ
1203 620 1234 652 4.
1264 620 1302 652 Ut
1326 626 1431 654 autern
1457 631 1578 661 eorum,
1604 622 1659 666 qui
1680 622 1785 655 studia
1807 632 1857 665 pe-

1122 672 1279 714 regerint,
1307 674 1434 706 labores
1460 674 1575 707 debitis
1601 674 1777 707 honoribus
1802 675 1856 707 dc-

1122 730 1285 765 corentur,
1310 726 1454 768 praefato
1479 727 1636 759 moderno
1655 731 1687 758 et
1706 737 1764 769 pro
1783 731 1856 759 tem-

1121 787 1200 819 pore
1222 777 1370 809 existenti
1392 777 1552 820 superiori
1578 778 1722 821 generali
1741 778 1856 811 fratres

1121 839 1290 871 expressos
1315 830 1389 862 dicti
1415 830 1544 862 Ordinis
1576 831 1712 874 peractis
1742 831 1856 864 studiis

1122 881 1308 914 huiusmodi
1333 883 1371 915 ad
1397 883 1573 925 magisterii
1595 894 1648 916 seu
1670 884 1855 917 doctoratus

1906 637 1934 657 Ad
1951 638 2049 658 unt-inra-

1867 665 1898 682 tn«
1908 665 1992 687 gradum
2003 671 2048 688 ,ιω-

1868 696 1944 709 moveri
1986 697 2047 716 {nunu

1868 716 1966 741 indulget.

1099 939 1100 946 ¹
1121 934 1266 977 aliosque
1293 935 1409 977 gi‘adus
1433 936 1656 976 scholasticos,
1681 937 1856 970 dummodo

1122 992 1228 1019 tamen
1254 987 1383 1029 praevio
1409 988 1557 1030 rigoroso
1582 989 1728 1022 examine
1758 990 1795 1022 ad
1824 990 1857 1022 id

1122 1040 1242 1082 reperti
1270 1040 1388 1072 suerint
1407 1040 1528 1081 idonei,
1544 1052 1601 1084 per
1619 1041 1734 1084 ipsum,
1751 1044 1811 1082 vel,
1831 1042 1857 1075 si

1122 1093 1229 1135 aliquo
1251 1092 1485 1135 impedimento
1511 1094 1658 1126 detentus
1676 1094 1780 1134 fuerit,
1800 1105 1858 1138 per

1121 1145 1227 1185 alium,
1253 1156 1311 1178 seu
1338 1146 1417 1179 alios
1442 1146 1480 1178 ad
1501 1147 1562 1179 hoc
1579 1147 1712 1180 idoneos
1730 1148 1769 1180 ab
1787 1147 1858 1191 ipso

1122 1198 1327 1240 delegandos,
1348 1199 1568 1242 promovendi,
1586 1210 1641 1232 seu
1660 1201 1856 1243 promoveri,

1122 1250 1233 1294 eisque
1267 1250 1360 1284 solita
1389 1252 1545 1293 graduum
1572 1251 1758 1286 huiusmodi
1783 1253 1859 1286 insi-

1122 1304 1205 1346 gnia,
1221 1303 1355 1336 servatis
1374 1304 1451 1337 alias
1477 1305 1654 1344 servandis,
1668 1306 1857 1339 conserendi

1122 1366 1178 1388 seu
1204 1356 1346 1388 conferri
1369 1357 1518 1397 faciendi,
1537 1357 1618 1389 itaut
1637 1357 1700 1390 sic¹
1718 1359 1857 1401 promoti

1122 1414 1154 1441 et
1178 1408 1323 1451 graduali
1344 1409 1492 1442 omnibus
1517 1415 1548 1442 et
1573 1409 1709 1453 singulis
1737 1412 1857 1453 gratus

1122 1462 1354 1504 praerogativis
1379 1474 1414 1495 ac
1439 1463 1618 1506 privilegiis
1656 1464 1802 1497 fruantur
1826 1472 1859 1498 et

1122 1515 1302 1558 gaudeant,
1332 1515 1447 1558 quibus
1475 1516 1616 1557 gaudent
1647 1522 1680 1550 et
1708 1517 1858 1550 fruimtur

1122 1567 1175 1609 qui
1201 1566 1233 1598 in
1259 1568 1396 1610 publicis
1421 1568 1682 1602 universitatibus
1701 1570 1738 1602 ad
1757 1570 1858 1613 ipsos—

1121 1624 1185 1651 met
1209 1620 1327 1661 gradus
1351 1621 1492 1663 promoti
1528 1626 1621 1661 sunt,
1651 1622 1856 1661 facultatem,

1121 1672 1309 1705 auctoritate
1336 1678 1368 1705 et
1393 1679 1504 1706 tenore
1524 1674 1686 1717 praefatis,
1707 1675 1856 1708 concedi-

1120 1736 1190 1758 mus
1215 1731 1248 1757 et
1272 1725 1486 1768 impartimur.

1163 1778 1177 1821 g
1202 1777 1233 1810 5.
1261 1778 1440 1818 Praeterea,
1463 1784 1497 1810 ut
1522 1789 1616 1812 nemo
1641 1780 1794 1823 deinceps
1816 1781 1853 1813 ad
1916 1796 2050 1816 prauam„

1120 1833 1320 1874 praelaturas
1345 1837 1377 1865 et
1401 1832 1505 1865 officia
1530 1832 1605 1865 dicti
1630 1833 1777 1873 Ordinis,
1803 1822 2050 1868 vi-h'.2'.¹'?1'3.-1?.¹f¹'¹.3¹132

1120 1884 1237 1916 delicet
1261 1885 1300 1917 ad
1326 1885 1497 1927 generalis,
1523 1886 1766 1929 vicegeneralis‚
1796 1875 2048 1922 dis-{¹J'J.i.¹'⁰⁸⁸⁰‘¹‘'

1118 1935 1266 1977 finitoris‚
1293 1938 1481 1978 secretarii,
1509 1938 1725 1982 procuratoris
1751 1950 1852 1982 gene-

1119 1989 1206 2029 ralis,
1233 1990 1441 2033 provincialis
1468 1996 1500 2024 et
1531 1991 1709 2035 superioris
1742 1992 1855 2025 localis

1118 2053 1273 2083 munera,
1298 2044 1415 2076 assumi
1440 2045 1562 2088 possit,
1589 2046 1643 2089 qui
1670 2056 1734 2078 non
1761 2045 1857 2078 fuerit

1119 2096 1232 2128 doctor
1256 2107 1368 2130 sacrae
1395 2097 1590 2141 theologiae,
1609 2098 1669 2131 nisi
1695 2100 1775 2132 sorte
1795 2099 1855 2131 dis-

337 2146 534 2189 gregationis
576 2147 810 2180 venerabilium
844 2148 979 2181 fratrum
1011 2159 1076 2182 no-
1094 2140 1097 2197 l
1117 2148 1296 2181 finitorium
1319 2161 1390 2182 cun]
1415 2151 1523 2194 aliquo
1549 2153 1598 2185 vel
1623 2152 1788 2196 aliquibus
1809 2152 1854 2185 vi-

337 2205 479 2232 strorum
503 2199 534 2233 S.
567 2200 603 2232 R.
635 2200 669 2232 E.
701 2200 912 2234 cardinalium
937 2202 1074 2244 negotiis
1118 2206 1169 2233 tae
1194 2203 1351 2245 probatae
1376 2203 1544 2246 religiosis,
1566 2204 1656 2237 iustis
1678 2205 1717 2238 de
1738 2206 1852 2246 causis,

336 2253 568 2295 propagandae
588 2252 663 2286 fidei
681 2253 943 2297 praepositorum
961 2254 1075 2288 habue-
1094 2246 1097 2311 ὲ
1119 2254 1376 2298 dispensaverit,
1410 2257 1493 2289 dicta
1523 2258 1713 2291 auctoritate
1739 2259 1852 2291 harum

337 2304 389 2336 rit.
418 2305 566 2338 Lectores
590 2306 700 2338 idonei
726 2311 757 2339 et
782 2307 948 2339 scholares
970 2307 1002 2339 in
1024 2308 1073 2340 his
1094 2319 1096 2350 ]
1118 2307 1202 2340 serie
1229 2308 1444 2342 decernimus.
1468 2310 1535 2343 Hoc
1557 2315 1662 2343 tamen
1688 2311 1854 2344 decretum

337 2357 584 2399 constituantur,
603 2359 656 2402 qui
674 2359 788 2392 studiis
811 2360 926 2393 sedulo
952 2360 1075 2393 incum-
1094 2352 1096 2376 ¹
1118 2360 1248 2393 denium
1265 2362 1371 2394 locum
1389 2362 1508 2395 babere
1530 2364 1689 2403 volumus,
1705 2375 1786 2404 cum,
1806 2364 1855 2396 iu-

337 2410 416 2443 bant
435 2412 473 2443 ad
489 2412 725 2455 praescriptum
742 2413 1011 2446 constitutionum
1033 2414 1074 2447 di·
1117 2413 1202 2447 dicio
1220 2414 1352 2458 capituli
1378 2415 1538 2458 generalis
1556 2416 1683 2448 Ordinis
1706 2416 1854 2460 praefati,

337 2463 379 2495 cti
404 2463 543 2497 Ordinis

141 2524 325 2572 hsvugionnoab
381 2517 452 2561 §3
480 2518 589 2558 Porro,
627 2518 653 2550 si
687 2519 816 2562 aliquod
852 2529 887 2552 ex
921 2520 1073 2563 predictis

142 2557 327 2623 Ρέῗιιιῖἶααοῖιῖῧῖ
338 2571 546 2603 monasteriis
580 2571 619 2604 ab
645 2571 821 2605 haereticis
846 2574 896 2606 vel
922 2583 939 2606 a
964 2573 1072 2606 Turcis

142 2607 218 2625 ’ω’
337 2629 530 2668 occupatum
555 2624 664 2666 suerit,
693 2630 746 2657 aut
770 2625 833 2658 alio
859 2636 935 2659 casu
961 2636 1073 2659 occur-

1118 2472 1165 2500 tot
1189 2478 1327 2501 numero
1353 2469 1505 2501 doctores
1528 2469 1666 2509 suerint,
1693 2469 1747 2512 qui
1779 2479 1853 2512 pos-

1117 2521 1180 2553 sint
1198 2521 1347 2553 omnibus
1371 2521 1484 2554 officiis
1503 2521 1672 2564 religionis
1691 2521 1849 2554 sufficere.

1153 2636 1160 2660 1
1186 2634 1252 2661 Male
1268 2635 1331 2662 edit.
1348 2635 1427 2662 Main.
1444 2635 1509 2670 tegit
1522 2636 1579 2662 sive
1594 2644 1641 2673 pro
1657 2636 1697 2663 sic
1711 2635 1749 2670 (κ’.
1764 2637 1812 2669 ¹12),-
