2279 3260
448 250 513 283 728

493 310 741 353 Congregationi
767 310 797 344 S.
823 310 927 344 Officii
953 310 992 343 de
1013 309 1097 342 Urbe
1118 308 1148 341 in

492 364 687 408 quibusdam
713 363 816 396 causis
841 362 880 395 ad
907 362 1027 396 dictum
1047 360 1149 394 tribu-

492 418 544 450 nal
571 416 791 461 spectantibus
807 443 814 456 ,
849 425 932 459 quae
957 419 1070 447 contra
1096 413 1147 447 di-

493 476 579 503 ctum
607 470 720 514 Vieyra
751 480 790 503 ex
825 476 1030 511 quacumque
1055 467 1151 499 causa

493 523 614 556 moveri
647 528 777 566 possent
813 521 843 553 in
874 520 961 553 dicto
997 519 1151 552 tribunali

492 577 523 610 S.
552 576 655 610 Officii
680 574 912 616 Portu-galliae,
940 571 1015 605 573.

405 630 589 664 CLXXXIII.
610 629 679 662 Alia
704 627 864 661 absolutio
890 626 1018 659 Ioannis
1044 625 1152 669 Bapti-

493 688 561 715 stae
585 682 729 722 Sauvage
755 685 786 712 et
811 677 973 712 Francisci
998 677 1149 717 Perinet,

495 735 727 769 canonicorum
754 732 909 765 ecclesiae
942 731 1149 770 Bisuntinae,

495 800 513 822 a
537 787 682 822 censuris
708 792 738 820 et
755 785 868 830 poenis
885 785 1003 829 quibus
1019 790 1154 828 propter

497 841 699 875 temerariam
738 839 929 873 electionem
968 838 1081 871 decani
1107 837 1155 870 di-

496 901 565 928 ctae
590 893 744 926 ccclesiae
769 892 808 925 ab
835 891 1016 925 Alexandro
1036 891 1089 923 vlt
1112 890 1155 927 in-

495 947 618 986 nodati,
643 952 673 979 et
698 946 738 978 de
763 945 831 978 eius
856 944 969 978 ordine
1001 949 1032 976 et
1057 952 1151 976 man-

496 1002 571 1034 dato
597 999 781 1033 denunciati
808 1000 944 1038 fuerant,
973 997 1047 1030 575.

406 1054 586 1089 CLXXXIV.
621 1052 829 1087 Confirmatio
862 1051 982 1085 decreti
1014 1051 1172 1093 Congre-·

496 1106 635 1147 gationis
659 1115 828 1138 sacrorum
854 1105 976 1138 rituum
1002 1114 1043 1137 ne
1062 1104 1155 1136 liceat

498 1159 651 1192 fratribus
663 1158 828 1192 Trinitatis
842 1156 1088 1201 Redemptionis
1103 1156 1157 1189 Ca-

498 1214 661 1257 ptivorum
687 1212 807 1244 habere
832 1210 990 1253 imagines
1016 1220 1088 1242 oum
1107 1219 1157 1242 eo-

498 1277 569 1300 rum
603 1266 717 1298 habitu
753 1264 896 1308 depictas
932 1264 978 1296 vel
1016 1263 1156 1306 sculptas

498 1319 582 1352 beati
614 1318 700 1352 Petri
725 1317 886 1350 Paschasit
919 1315 1068 1359 martyris
1092 1315 1153 1348 Or-

500 1372 583 1404 dinis
607 1372 641 1404 B.
663 1370 780 1403 Mariae
798 1370 836 1403 de
853 1369 1000 1402 Mercede
1018 1368 1156 1401 Redem-

498 1425 618 1468 ptionis
643 1424 861 1467 Captivorum,
889 1421 963 1454 578.

411 1479 577 1514 CLXXXV.
606 1478 767 1511 Statutum
785 1482 820 1509 ut
845 1476 877 1508 in
902 1474 1158 1517 Congregatione

500 1530 677 1565 Cassinensi
693 1529 928 1562 monachorum
943 1527 1072 1561 Ordinis
1089 1537 1159 1560 san-

500 1587 540 1619 eti
566 1585 730 1619 Benedicti
749 1585 883 1618 omnino
900 1589 1067 1617 serventur
1084 1593 1159 1616 con-

501 1639 685 1673 stitutiones
727 1645 757 1671 et
799 1638 924 1671 litterae
963 1636 1159 1680 apostolicae

502 1693 585 1725 cirea
620 1692 843 1736 promotiones
879 1691 919 1723 ad
953 1689 1097 1723 abbatias
1124 1688 1160 1720 ti-

502 1748 620 1779 tulares
641 1756 678 1779 ac
703 1747 876 1779 decanatus
902 1745 1061 1787 gradum,
1090 1753 1160 1775 nec-

502 1811 567 1833 non
594 1801 791 1833 deeanorum
825 1808 998 1831 numerum
1025 1803 1054 1830 et
1078 1807 1156 1840 pro-

504 1853 739 1887 movendorum
777 1852 947 1896 qualitates
982 1851 1021 1884 de
1053 1856 1160 1883 cetero

507 1912 616 1939 exacte
637 1912 667 1939 et
682 1904 911 1938 inviolabiliter
924 1903 1088 1937 observari
1110 1903 1162 1936 de-

505 1961 593 1999 bere,
614 1970 674 1992 nec
699 1958 912 2002 expectativas
936 1958 975 1990 ad
1001 1956 1162 2000 prioratus

504 2019 534 2046 et
559 2013 704 2045 abbatias
735 2012 879 2055 aliasque
916 2011 1087 2053 dignitates
1112 2010 1160 2043 vel

504 2066 623 2109 gradus
648 2065 751 2098 dictae
772 2064 1035 2106 Congregatiouis
1055 2063 1161 2107 primo

504 2124 672 2152 vacaturos
687 2118 836 2162 cuiquam
856 2117 989 2161 posthac
1014 2117 1080 2149 ullo
1100 2126 1163 2149 mo-

504 2173 545 2204 do
571 2171 705 2204 concedi
730 2180 835 2214 posse,
863 2169 938 2202 579.

414 2225 593 2260 CLXXXVI.
618 2224 799 2257 Prohibitio
817 2234 857 2256 ne
873 2224 987 2256 fratres
1013 2222 1084 2256 ta'ici
1106 2233 1162 2256 seu

504 2278 649 2312 conversi
675 2278 803 2312 Ordinis
827 2277 1045 2310 Eremitarum
1062 2277 1163 2310 sancti

503 2331 673 2374 Augustini
698 2336 864 2364 transeant
889 2331 929 2363 ad
954 2335 1071 2363 statum
1101 2330 1163 2362 cle—

504 2386 649 2425 ricalem,
677 2395 733 2417 sen
751 2384 790 2418 ad
808 2383 938 2417 ordines
955 2392 1165 2427 promovean-

504 2445 565 2479 tur,
583 2437 678 2471 etiam
698 2437 807 2479 vigore
825 2437 1024 2469 indultorum
1040 2441 1165 2479 aposto-

504 2492 642 2524 licorum
659 2518 667 2532 ,
706 2490 767 2523 nisi
795 2490 894 2534 petita
920 2495 951 2522 et
975 2489 1106 2522 obtenta
1132 2488 1163 2521 in

503 2544 630 2588 scriptis
676 2543 805 2577 licentia
853 2548 917 2576 tam
958 2541 1163 2586 provincialis

505 2609 602 2643 quam
641 2597 800 2641 generalis
816 2624 823 2638 ‚
852 2602 882 2630 et
907 2597 1035 2629 servata
1059 2596 1164 2628 forma

505 2653 694 2687 eorumdem
728 2652 927 2686 indultorum
944 2678 951 2691 ,
975 2649 1033 2683 sub
1058 2651 1162 2693 poena

1000 257 1177 281 nummum
1204 257 1355 282 Romnum

1291 314 1468 352 perpetuae
1493 309 1713 354 suspensionis
1739 316 1769 343 et
1795 311 1949 344 redactio-

1292 361 1341 393 nis
1360 361 1390 394 in
1409 372 1579 395 numerum
1606 373 1848 401 conversorum,
1870 363 1944 396 582.

1203 413 1384 448 CLXXXVI.
1413 414 1539 448 Erectio
1556 416 1721 449 custodiae
1737 416 1796 449 sub
1819 417 1949 449 nomine

1293 467 1521 500 Immaculatae
1537 467 1762 512 Conceptionis
1781 470 1814 503 B.
1831 470 1868 503 M.
1887 471 1950 503 t'ir-

1295 519 1378 561 ginis
1396 519 1427 552 in
1448 530 1563 553 novam
1589 521 1799 564 provinciam,
1820 532 1891 556 cum
1916 523 1951 554 il-

1295 572 1355 605 lius
1398 572 1686 607 dismembratione
1726 584 1744 606 a
1785 576 1949 618 provincis·

1295 626 1326 658 S.
1357 626 1485 659 Antonii
1518 626 1702 659 Brasiliensi
1727 626 1855 660 Ordinis
1881 629 1947 660 sra-

1296 685 1380 711 trnm
1412 679 1570 712 Minorum
1597 681 1698 712 sancti
1724 680 1882 713 Francisci
1913 681 1951 713 (le

1295 730 1504 765 Observantia
1524 731 1794 765 Discalceatorum
1817 733 1846 765 in
1865 734 1953 766 Lusi-

1297 784 1394 823 tania,
1421 784 1496 817 484.

1207 836 1419 870 CLXXXVIII.
1447 837 1589 870 Licentia
1606 838 1760 871 fundandi
1779 845 1953 872 conventus

1296 890 1419 935 ubique
1449 891 1594 924 locorum
1621 891 1748 924 Ordinis
1779 892 1810 925 B.
1836 892 1953 925 Mariae

1298 944 1339 976 dc
1364 943 1509 976 Mercede
1540 944 1784 987 Redemptionis
1807 945 1954 988 Captivo-

1297 1006 1410 1029 vorum
1438 1002 1501 1029 tam
1527 996 1747 1030 Calceatorum
1773 1008 1871 1040 quam
1889 999 1955 1031 Dis-

1298 1050 1513 1082 calceatorum
1540 1050 1579 1082 de
1612 1051 1680 1083 sola
1705 1050 1832 1083 licentia
1857 1050 1952 1083 Ordi-

1298 1103 1465 1136 nariorum
1491 1104 1714 1146 superioribus
1732 1104 1807 1136 dicti
1826 1105 1955 1137 Ordinis

1299 1158 1451 1189 concessa
1487 1157 1527 1189 ad
1563 1156 1680 1189 limites
1714 1157 1955 1190 Constitutionis

1299 1209 1472 1242 Clementis
1498 1210 1534 1249 X,
1562 1208 1637 1242 587.

1209 1263 1392 1296 CLXXXIX.
1422 1264 1594 1304 Statutum,
1619 1269 1650 1295 ut
1678 1263 1717 1295 de
1742 1269 1871 1299 cetero,
1900 1265 1954 1306 qui

1214 1688 1272 1721 XC.

1300 1315 1499 1348 convictores
1536 1315 1567 1348 in
1604 1315 1747 1357 collegiis
1783 1316 1957 1359 pontificiis

1300 1368 1501 1410 Anglorum,
1540 1368 1758 1409 Graecorum,
1791 1370 1958 1402 Maronita-

1301 1432 1384 1458 rum,
1405 1421 1574 1454 Scotorum
1601 1432 1637 1454 ac
1661 1422 1879 1454 Hibernorum
1908 1433 1957 1455 re-

1301 1474 1488 1518 cipiuntur,
1517 1475 1655 1507 alumnis
1689 1474 1831 1518 ipsorum
1864 1475 1960 1508 colle-

1302 1528 1430 1568 giorum
1457 1527 1488 1560 in
1514 1528 1599 1561 victu
1632 1535 1663 1560 et
1688 1528 1801 1560 vestitu
1830 1530 1959 1571 totaque

1302 1580 1480 1614 domestic-[1
1504 1581 1674 1624 disciplina
1694 1592 1728 1614 se
1754 1581 1959 1614 conformare

1303 1635 1452 1673 debeant,
1480 1634 1555 1667 589.

1301 1688 1479 1720 Proliibitio
1505 1687 1692 1721 extrahendi
1718 1688 1818 1720 libros
1844 1688 1960 1720 biblio-

1304 1741 1470 1773 thecarum
1498 1751 1533 1773 ex
1559 1740 1762 1773 monasteriis
1779 1741 1959 1783 Congrege-

1305 1794 1400 1827 ti0nis
1437 1795 1630 1827 reformatae
1667 1793 1768 1826 sancti
1805 1795 1959 1827 Bet-nardi

1303 1847 1433 1881 Ordinis
1453 1847 1681 1887 Cisterciensis‚
1709 1846 1782 1880 591.

1215 1900 1312 1935 CXCI.
1330 1900 1489 1934 Statutum
1503 1900 1587 1933 cirea
1603 1909 1702 1933 novos
1718 1900 1869 1932 transitus
1890 1911 1959 1944 pro-

1306 1954 1464 1987 fessorum
1491 1952 1659 1987 Societatis
1684 1953 1752 1985 Iesu
1772 1963 1788 1986 e
1807 1953 1890 1986 dicta
1908 1953 1964 1986 So-

1307 2008 1421 2041 cietate
1455 2007 1495 2039 ad
1530 2006 1609 2039 alios
1634 2006 1769 2039 Ordines
1794 2006 1964 2038 translato-

1307 2071 1390 2101 rum,
1417 2059 1492 2092 592.

1216 2114 1332 2149 CXCII.
1355 2113 1564 2147 Confirmatio
1578 2112 1821 2156 privilegiorum
1840 2112 1965 2144 uniter-

1305 2167 1391 2200 sitati
1416 2166 1513 2200 studii
1538 2165 1696 2208 generalis
1721 2165 1860 2198 Cesenae
1881 2166 1964 2197 eius-

1307 2231 1370 2264 que
1383 2219 1526 2262 collegiis
1539 2229 1557 2251 a
1571 2219 1704 2252 diversis
1721 2219 1872 2252 Romanis
1886 2219 1965 2251 Pon-

1308 2272 1632 2317 tificibusrespective
1646 2282 1886 2308 concessorum,
1901 2282 1964 2304 am-

1306 2328 1482 2372 pliatorum
1512 2333 1543 2359 et
1572 2326 1851 2364 confirmatorum,
1879 2335 1966 2358 nem-

1307 2393 1348 2425 pe
1373 2380 1504 2414 creandi
1529 2380 1673 2413 notarios
1698 2386 1729 2413 et
1752 2379 1964 2423 promovendi

1308 2433 1480 2479 quotannis
1516 2439 1656 2477 quatuor
1688 2434 1728 2467 ad
1758 2433 1961 2467 doctoratum

1308 2488 1478 2532 utriusque
1504 2487 1583 2520 iuris
1604 2487 1740 2530 collegio
1766 2486 1964 2525 iuristarum‚

1307 2552 1345 2574 ac
1368 2540 1567 2583 aggregandi
1600 2540 1736 2583 collegio
1760 2539 1966 2584 physicorum

1305 2600 1337 2628 et
1362 2594 1567 2627 medicorum
1594 2603 1818 2638 quoscumque
1844 2593 1874 2625 in
1900 2598 1967 2625 arte

1307 2647 1487 2681 medicinae
1513 2647 1634 2691 peritos
1655 2647 1730 2680 huic
1756 2645 1892 2688 collegio
1918 2656 1966 2678 re-
