2279 3260
139 257 192 283 An.
210 257 239 284 C.
258 253 326 284 1672

169 1841 263 1863 Pontitex
283 1848 318 1868 ap-

135 1870 211 1894 prohat
237 1870 319 1896 praedi-

954 258 1096 283 CLEMENS
1117 260 1136 283 Χ
1161 260 1209 283 ΡΡ.

334 307 581 350 assignationem
606 308 694 341 mille
722 312 940 340 tercentorum
966 308 1072 340 trede-

335 359 394 391 cim
419 366 581 393 scutorum
612 366 643 393 et
674 361 836 403 octogiuta
865 359 1069 392 baioccortun

335 412 496 444 annuatim
524 412 601 453 sieri,
627 419 723 456 atque
750 414 789 445 ita
816 413 845 445 in
872 418 970 445 totum
996 423 1072 455 qua-

335 469 409 497 tuor
432 465 533 498 millia
572 466 709 498 ducenta
735 466 965 508 nonagintasex
985 471 1072 497 scuta

334 521 365 548 et
385 516 618 560 quinquaginta
636 523 708 551 octo
726 518 902 551 baioccbos
921 524 1070 551 monetae

334 568 517 601 huiusmodi
544 567 718 613 quotannis
743 571 849 603 eidem
879 581 991 614 capsae
1017 581 1071 613 ap—

333 621 464 663 plicari:
492 632 625 665 eamque
657 623 695 656 de
720 623 883 656 communi
910 633 1070 655 consensu

333 683 469 716 aequam
488 674 714 717 applicationis
732 676 915 708 huiusmodi
935 675 1071 718 reparti-

334 726 453 759 tionem
478 727 561 760 inter
586 728 695 760 onmia
716 728 817 771 ipsius
842 728 1071 770 Congregatio-

333 779 382 811 nis
408 780 611 820 monasteria,
633 787 850 813 concurrente
869 780 1017 813 etiamad
1039 780 1069 811 id

333 832 495 874 provincia
510 833 638 872 Veneta,
661 834 815 866 feceriut:
844 843 974 872 verum,
995 843 1071 864 con-

333 885 514 918 siderantes
546 886 633 928 quod
651 886 675 918 si
694 886 778 918 intra
798 886 929 918 brevem
946 885 1070 918 biennii

335 937 507 970 terminum
533 939 571 970 ad
589 938 808 971 venditionem
826 939 983 970 bonorum
1009 943 1071 969 sta-

332 989 446 1022 bilium
465 995 551 1022 esset
569 990 814 1031 deveniendum,
837 991 892 1023 illa
916 990 1070 1023 vilissimo

332 1042 437 1085 pretio
473 1042 612 1075 distrahi
646 1054 780 1076 necesse
819 1043 901 1076 soret
938 1048 1071 1086 propter

333 1094 618 1136 tergiversationes
666 1100 762 1138 atque
810 1095 1069 1128 machinationes

333 1151 529 1189 emptorum,
547 1147 601 1190 qui
626 1148 852 1190 superioribus
876 1147 921 1179 sic
940 1148 978 1180 ad
996 1158 1071 1180 ven-

333 1199 478 1232 dendum
495 1199 615 1232 coactis
636 1200 710 1233 vilia
728 1205 759 1233 et
776 1200 825 1233 vix
841 1200 973 1233 dimidia
994 1200 1068 1232 iusti

332 1253 450 1285 valoris
478 1254 584 1296 pretia
609 1253 772 1294 afferrent,
803 1260 900 1298 atque
927 1255 969 1287 ita
994 1266 1069 1288 ven-

332 1305 471 1340 ditiones
496 1317 567 1339 cum
593 1307 781 1349 gravissimo
816 1308 1010 1341 detrimento
1037 1314 1066 1341 et

330 1358 423 1391 ruina
452 1359 724 1392 monasteriorum
759 1365 1011 1403 extorquerent,
1039 1367 1068 1393 et

330 1412 469 1454 proinde
487 1422 503 1444 e
522 1423 556 1444 re
583 1412 683 1455 ipsius
708 1412 975 1456 Congregationis
995 1425 1065 1446 ma-

331 1474 475 1507 gnopere
494 1465 559 1498 sore
579 1465 840 1506 existimaverint,
862 1467 886 1499 si
910 1468 1066 1500 terminus

331 1516 516 1550 huiusmodi
549 1518 587 1550 ad
615 1519 865 1561 quadriennium
898 1521 1090 1563 ampliare-¹.

332 1575 402 1601 tur:
429 1570 522 1602 nobis
553 1576 727 1614 propterea
761 1572 837 1605 dicti
870 1579 1067 1615 exponentes

331 1623 501 1656 humiliter
514 1624 690 1667 supplicari
710 1625 857 1659 fecerunt
882 1632 917 1658 ut
933 1626 965 1658 in
978 1638 1067 1670 prae-

330 1675 437 1708 missis
464 1682 646 1719 opportune
671 1678 843 1720 providere
872 1684 903 1711 et
927 1684 961 1710 ut
984 1679 1068 1711 infra

331 1727 500 1770 indulgere
527 1729 565 1761 de
590 1729 791 1772 benignitate
817 1731 994 1773 apostolica
1019 1732 1066 1764 di-

331 1791 516 1823 gnaremur.

373 1835 388 1876 ἓ,
413 1833 443 1867 3.
466 1833 530 1866 Nos
549 1834 655 1877 igitur,
682 1834 950 1878 Congregationis
975 1847 1068 1879 prae-
1088 1841 1090 1853 '¹

331 1886 414 1919 satae
440 1886 535 1918 statui
561 1892 593 1918 et
616 1888 806 1927 levamento,
829 1894 983 1930 quantum
1010 1900 1068 1922 no-

329 1939 379 1971 bis
397 1950 432 1972 ex
451 1940 515 1972 alto
534 1940 732 1980 conceditur,
750 1940 950 1984 prospicere,
965 1941 1068 1984 ipsos-

331 2003 393 2035 que
418 1998 619 2035 exponentes
637 1993 787 2036 specialis
814 1994 921 2026 favore
948 1995 1066 2036 gratiae

328 2045 485 2088 prosequi
511 2046 669 2085 volentes,
693 2051 725 2078 et
750 2056 860 2078 eorum
886 2046 1067 2088 singulares
1088 2068 1089 2074 ι

329 2108 485 2141 personas
503 2108 520 2129 ιι
538 2098 700 2140 quibusvis
714 2099 1065 2139 excommun-ationis,

329 2150 555 2193 suspensionis
572 2156 603 2182 et
620 2151 797 2191 interdicti,
814 2151 950 2194 aliisque
965 2154 1068 2185 eccle-
1088 2149 1089 2152 '

330 2203 467 2235 siasticis
489 2203 666 2243 sententiis,
686 2203 830 2236 consulis
856 2210 887 2237 et
904 2205 1031 2247 poenis,
1050 2217 1067 2238 a

331 2257 399 2289 iure
419 2258 468 2288 vel
485 2258 524 2289 ab
543 2257 684 2297 homine⁷
702 2257 812 2300 quavis
829 2258 997 2290 occasione
1017 2260 1089 2291 vel

330 2309 524 2350 causalatis,
543 2310 569 2342 si
586 2310 703 2353 quibus
719 2310 985 2353 quomodolibet
978 2322 1067 2344 1nno
1086 2292 1089 2367 l

329 2361 438 2395 data¹e
457 2362 605 2402 existunt,
624 2363 662 2396 ad
684 2362 829 2396 effectum
848 2364 1065 2407 praesentium
1087 2370 1088 2410 l

329 2415 495 2448 dumtaxat
531 2416 806 2458 consequendum,
833 2416 946 2449 harum
982 2417 1064 2449 se1ie
1086 2430 1088 2442 =

327 2467 533 2500 absolventes
551 2473 581 2500 et
598 2468 777 2501 absoluta&z
796 2469 862 2502 [ore
881 2473 1063 2510 censentes,
1085 2446 1088 2517 Ι

327 2533 363 2554 ac
385 2521 562 2553 litterarum
577 2526 608 2554 et
624 2521 832 2566 chirographi
848 2524 1064 2566 praefatorum

365 2593 376 2618 1
400 2591 471 2617 Edit.
491 2590 570 2617 Main.
591 2592 658 2626 legit
678 2593 814 2621 innodati
831 2595 870 2629 (rt.
892 2597 941 2629 T.).

364 2636 381 2663 2
400 2635 470 2664 Edit.
491 2635 570 2663 Main.
592 2636 656 2672 legit
674 2638 815 2667 absolutos
835 2636 872 2673 (n.
889 2639 938 2674 T.).

1742 251 1807 285 3:33
1853 260 1901 286 An.
1920 259 1947 285 C.
1972 258 2038 285 ιιι-ιτ

1114 312 1243 340 tenores
1268 308 1494 351 praesentibus
1519 318 1577 350 pro
1606 308 1702 351 plene
1729 314 1760 341 et
1784 308 1849 341 sus-

1114 360 1259 393 sicienter
1284 361 1443 403 expressis
1469 366 1499 393 et
1524 360 1654 392 insertis
1681 361 1850 401 babentes,

1114 412 1300 445 huiusmodi
1327 412 1614 456 supplicationibus
1639 413 1796 453 inclinati,
1817 424 1853 445 ac

1114 465 1218 497 audita
1236 476 1333 508 super
1350 465 1535 508 praemissis
1561 465 1728 497 memorati
1747 465 1851 498 Caroli

1115 518 1289 551 cardinalis
1308 524 1337 551 et
1356 524 1446 561 piot(
1451 517 1548 550 ct01is
1565 519 1622 550 rel
1625 518 1742 550 itione:

1158 581 1179 603 1.
1190 570 1227 602 [t
1242 571 1418 613 capitulum
1434 571 1586 613 generale
1601 570 1851 613 dictaeCongre-
1874 582 1996 605 rrorwu
1985 588 2043 603 ιιι-

1115 622 1265 664 gationis,
1289 623 1374 665 quod
1401 623 1440 655 de
1467 623 1525 654 ttie
1531 622 1606 655 nnio
1624 622 1655 654 in
1675 623 1849 655 triennium
1861 609 1953 634 ‘’nuh“
1951 611 2042 630 ‘mam'

1115 672 1272 704 celebrari
1298 673 1453 705 hactenus
1483 672 1668 712 consuevit,
1698 672 1850 715 deinceps

1115 725 1155 756 de
1181 725 1336 757 sexennio
1370 725 1401 757 in
1434 725 1622 757 sexenuium
1655 725 1848 765 celebretur,

1115 777 1227 820 illique
1243 778 1302 810 soli
1318 778 1451 810 abbates
1467 778 1631 820 regiminis
1645 783 1676 810 et
1694 778 1849 818 titulares,

1114 840 1179 862 non
1194 835 1300 862 autem
1315 830 1367 862 alii
1383 831 1441 862 sub
1453 841 1655 873 quocumque
1673 835 1849 873 praetextu,

1114 881 1273 915 interesse
1293 882 1442 922 debeant,
1458 883 1647 915 auctoritate
1663 883 1848 926 apostolica,

1117 941 1226 967 tenore
1252 935 1473 978 praesentium
1492 935 1660 967 statuimus
1678 941 1707 967 et
1726 936 1850 968 ordina-

1114 997 1201 1018 mus:
1223 998 1259 1019 ac
1276 987 1412 1029 proinde
1438 987 1589 1030 praefatis
1614 988 1777 1020 modernis
1798 989 1852 1020 ab-

1114 1039 1178 1071 bati
1205 1039 1349 1082 generali
1368 1044 1399 1072 et
1428 1040 1648 1072 visitatoribus
1678 1051 1713 1072 ac
1738 1051 1852 1083 procu-

1113 1092 1212 1125 ratori
1239 1093 1381 1135 generali
1415 1092 1560 1126 eiusdem
1585 1093 1851 1136 Congregationis

1114 1156 1171 1177 sua
1184 1146 1360 1188 respective
1379 1145 1485 1178 officia
1502 1146 1541 1178 ad
1560 1146 1646 1178 aliud
1665 1146 1850 1185 triennium.

1113 1209 1130 1230 a
1143 1198 1206 1231 fine
1222 1198 1365 1239 triennii,
1384 1199 1422 1232 ad
1442 1199 1528 1242 quod
1546 1199 1578 1231 in
1597 1200 1741 1242 proxime
1756 1211 1851 1243 prae-

1113 1251 1206 1284 terito
1226 1251 1326 1294 ipsius
1351 1251 1616 1294 Congregationis
1638 1252 1781 1295 capitulo
1799 1264 1852 1295 ge-

1112 1303 1215 1336 nerali
1236 1304 1328 1336 electi
1356 1305 1496 1343 suerunt,
1517 1305 1770 1347 computandum
1793 1305 1850 1347 (ita

1110 1362 1145 1388 ut
1169 1357 1294 1389 interea
1309 1357 1341 1388 in
1360 1357 1424 1389 suis
1443 1357 1557 1389 officiis
1577 1357 1761 1390 huiusmodi
1779 1368 1850 1390 cum

1113 1409 1263 1441 omnibus
1276 1415 1308 1442 et
1320 1410 1455 1452 singulis
1469 1409 1746 1453 praeeminentiis,
1760 1421 1849 1453 prae-

1111 1462 1274 1505 rogativis,
1296 1463 1514 1503 facultatibus,
1534 1463 1737 1503 auctoritate,
1755 1464 1850 1506 privi-

1112 1515 1212 1557 legiis,
1228 1515 1340 1558 gratiis
1359 1520 1390 1548 et
1404 1515 1547 1556 indultis,
1566 1526 1602 1548 ac
1620 1516 1802 1548 bonoribus
1819 1522 1850 1549 et

1110 1569 1263 1602 oneribus
1287 1569 1389 1602 solitis
1416 1574 1447 1601 et
1472 1569 1636 1602 consuetis
1658 1570 1848 1603 continuare

1111 1622 1212 1654 libere
1231 1627 1261 1654 et
1279 1622 1366 1654 licite
1380 1622 1504 1665 possint
1522 1627 1554 1654 et
1567 1623 1719 1664 valeant),
1736 1623 1848 1655 eadem

1111 1675 1312 1716 auctoritate,
1328 1675 1444 1707 barum
1460 1675 1543 1707 serie
1562 1685 1784 1718 prorogamus,
1796 1687 1848 1707 ex-

1111 1728 1274 1761 tendimus
1299 1733 1331 1760 et
1355 1728 1561 1771 ampliamus:

1154 1791 1188 1813 11.
1207 1779 1431 1814 Visitationes¹
1449 1785 1555 1813 autem
1573 1781 1846 1814 monasteriorum
1869 1792 2042 1822 *Prorogauovt-

1110 1833 1377 1877 Congregationis
1404 1834 1613 1877 praedictae,
1643 1845 1724 1877 quae
1754 1822 1984 1867 annis⁵¹m¹⁰⁰m

1111 1887 1246 1929 singulis
1260 1887 1328 1919 fleri
1342 1887 1504 1927 solebant,
1518 1887 1550 1919 in
1565 1893 1728 1930 posterum
1742 1888 1846 1930 singu-

1088 1957 1090 1966 ι
1111 1941 1149 1972 lis
1169 1940 1316 1973 trienniis
1335 1942 1434 1973 semel
1455 1945 1577 1973 tantum
1598 1941 1666 1973 sieri
1685 1943 1844 1975 volumus:

1155 2003 1203 2026 111.
1226 1993 1359 2026 Necnon
1385 1994 1590 2037 sup1adictae
1614 1995 1826 2028 1¹·ecleationis
1838 2003 2040 2050 ’effli‘lfflssmtssff

1111 2058 1192 2090 quae
1214 2047 1356 2079 Ventura
1372 2058 1439 2080 voc
1434 2052 1516 2088 atu1,
1531 2047 1561 2079 in
1581 2048 1692 2080 eadem
1707 2048 1811 2091 Consu
1814 2060 1845 2081 e·
1856 2059 1913 2076 turae
1928 2062 1980 2076 mn
1972 2062 2018 2082 nv

1111 2100 1251 2142 gatione,
1272 2100 1415 2143 quamvis
1438 2099 1506 2132 fieti
1524 2100 1653 2141 solitae,
1670 2111 1774 2141 usum,
1791 2112 1844 2133 au-

1111 2153 1258 2185 ctoritate
1287 2158 1319 2185 et
1337 2158 1451 2186 tenore
1472 2153 1842 2210 p1aedictis,pe1petuo

1111 2206 1254 2238 tollimus
1272 2211 1303 2238 et
1319 2206 1521 2248 abtogamus,
1536 2205 1705 2249 ipsamque
1723 2216 1844 2239 reciea-

1111 2259 1233 2291 tionem
1248 2259 1286 2291 de
1303 2264 1411 2291 cetero
1429 2257 1496 2290 fleri
1519 2258 1754 2301 prohibemus:

1154 2311 1319 2344 lv.P011¹o
1346 2317 1449 2344 taxam
1472 2316 1503 2344 et
1525 2322 1621 2354 lepat
1625 2317 1772 2344 titionem
1790 2318 2036 2365 ιιιι-ῂῑιῑοερετῑιῑῑοᾱῡζ

1109 2375 1247 2396 nuorum
1278 2369 1424 2407 quatuor
1459 2364 1596 2397 millium
1629 2365 1843 2397 dueentfflum
1854 2351 1942 2392 bauli'm
1961 2351 2027 2371 appu>

1109 2418 1286 2460 nonaginta
1310 2428 1363 2450 sex
1381 2423 1543 2450 scutorum
1562 2423 1593 2450 et
1611 2418 1844 2461 quinquaginta

1110 2476 1181 2503 octo
1202 2470 1417 2511 baioccorum,
1440 2481 1553 2513 capsae
1575 2471 1725 2513 publicae
1752 2481 1844 2513 prae-

1108 2524 1191 2556 fatae
1219 2524 1470 2564 solvendorum,
1497 2523 1658 2556 communi
1684 2531 1843 2556 consensu

1145 2641 1154 2667 t
1178 2639 1243 2667 Male
1259 2639 1324 2667 edit.
1341 2639 1418 2667 Main.
1437 2639 1498 2675 tegit
1520 2640 1683 2667 visitatores
1698 2640 1735 2673 (R.
1748 2637 1796 2672 R).
