2279 3260
250 262 295 286 Λη,
315 259 342 287 c.
368 261 435 288 1075
480 254 544 288 532

442 311 654 355 Neapolitano
678 314 808 348 fratrum
833 314 1108 349 Discalccatorum
1125 313 1177 346 lli-

443 366 575 408 spaniae
607 366 736 400 Ordinis
768 368 926 401 lllinorum
951 366 1054 400 sancti
1080 366 1178 399 Fran-

442 417 516 450 cisci
552 419 590 451 dc
624 420 830 452 Observantia
861 425 1120 462 nuncupatorum
1144 418 1176 451 in

443 471 663 504 executionem
689 472 899 514 quarumdam
936 477 1119 505 nostrarum
1145 471 1176 503 in

442 522 536 555 simili
565 524 663 556 forma
681 524 789 556 brevis
807 524 987 557 litterarum
1012 524 1179 557 auctorita-

444 580 472 607 te.
497 576 674 618 apostolica
699 582 803 608 crecta
829 583 861 609 et
884 577 1040 617 instituta,
1067 576 1179 609 variis—

443 639 505 670 que
531 629 642 671 gratiis
667 634 698 661 01
721 628 982 662 ordinationibus
1009 640 1067 672 pro
1093 629 1177 661 felici

443 681 527 713 illius
553 682 712 722 gubernio
737 681 891 714 emanatis
924 692 983 724 per
1014 681 1091 714 alias
1116 687 1178 714 ter-

443 744 499 765 nas
520 733 641 776 pariter
666 733 697 765 111
720 733 822 765 forma
840 733 948 766 Brevis
973 733 1099 766 litteras
1123 744 1179 766 no-

442 792 523 818 stras
561 787 718 826 decorata,
756 792 851 829 atque
888 786 1029 819 stabilita
1061 787 1175 826 suerat,

442 849 511 870 tum
532 839 674 871 custodia
692 838 762 881 ipsa
780 838 811 871 in
830 839 876 871 sui
898 839 1077 881 primordio
1103 839 1179 871 mul—

443 891 481 923 tis
507 896 568 923 tam
595 890 714 923 Itomae
740 901 834 933 quam
853 891 990 924 subinde
1015 891 1046 923 in
1064 891 1179 934 Ilisp'a-

442 943 493 976 nia
511 943 821 976 contradictionibus
839 949 958 983 vexata,
978 949 1010 976 et
1029 954 1088 986 per
1107 944 1178 976 illas

443 1001 603 1038 tamquam
636 1006 747 1029 aurum
773 997 805 1029 in
831 997 960 1030 fornace
982 997 1120 1040 probata
1149 1004 1179 1029 01,

442 1048 618 1091 purificata,
634 1059 670 1082 ac
686 1049 726 1081 ab
744 1048 948 1092 illis,quippe
968 1050 1179 1082 insubsisten-

443 1100 526 1132 tibus
552 1107 583 1133 et
607 1112 642 1134 ex
670 1101 875 1135 animositate
898 1101 1178 1145 provenientibus,

445 1157 510 1184 tum
529 1153 646 1186 iudicio
657 1153 923 1196 Congregationis
944 1154 1178 1187 venerabilium

443 1205 576 1238 fratrum
601 1211 787 1239 nostrorum
805 1206 836 1239 S.
856 1206 892 1239 R.
912 1207 946 1239 E.
965 1207 1179 1240 cardinalium

443 1258 584 1300 negotiis
602 1263 633 1291 et
646 1258 935 1292 consultationibus
954 1259 1179 1302 episcoporum

443 1316 475 1343 ct
494 1310 689 1353 regularium
712 1311 926 1353 praepositae,
960 1316 1026 1343 tum
1056 1311 1179 1344 carissi-

443 1362 487 1394 mi
513 1363 544 1394 in
570 1362 697 1396 Christo
722 1362 779 1395 filii
805 1363 909 1396 nostri
935 1357 1038 1396 Caroli
1065 1363 1178 1406 IIispa-

443 1415 566 1448 niarum
592 1415 676 1458 regis
707 1416 870 1455 catholici,
902 1416 955 1458 qui
981 1426 1039 1458 pro
1065 1416 1179 1448 eximia
1200 1426 1201 1431 ¹

444 1470 500 1499 sua
525 1478 601 1509 erga
625 1478 683 1500 nos
704 1472 735 1499 et
752 1467 867 1500 Sedem
884 1467 1102 1510 Apostolicam
1128 1478 1179 1500 re-

443 1520 587 1553 verentia
609 1531 676 1553 rem
697 1530 825 1552 onmem
847 1521 884 1553 ad
914 1531 1101 1563 supremum
1121 1531 1180 1554 no-

443 1578 543 1605 strum
572 1578 604 1605 ct
639 1573 743 1605 dictae
775 1572 865 1605 Sedis
900 1572 1055 1605 iudicium
1082 1573 1178 1606 remi-

443 1630 539 1665 serat,
565 1625 725 1668 acquitate
751 1630 848 1668 atquc
872 1625 992 1668 pietate
1009 1653 1016 1666 ,
1043 1625 1180 1659 liberata

444 1676 567 1720 suisset)
599 1688 681 1718 nos,
708 1677 853 1710 eiusdem
884 1678 1049 1711 custodiae
1081 1679 1178 1711 statui

443 1735 473 1762 ct
494 1730 695 1762 incremento
720 1730 911 1773 providere,
936 1742 972 1764 ac
995 1731 1179 1765 huiusmodi

442 1782 744 1825 perturbationibus
763 1793 875 1816 ansam
893 1783 925 1816 in
940 1783 1079 1816 futurum
1091 1795 1180 1827 prae-

444 1834 553 1867 cidere
568 1835 746 1878 cupientes,
760 1837 859 1869 multa
873 1836 911 1868 ad
926 1836 1065 1869 savorem
1078 1836 1178 1880 ipsius

443 1888 610 1920 custodiae
635 1888 802 1921 statuimus
827 1894 859 1922 et
882 1889 1112 1930 ordinavimus,
1131 1890 1179 1923 di-

443 1950 616 1983 versasque
642 1941 879 1974 declarationes
901 1947 933 1974 ct
952 1942 1180 1976 concessiones

444 1993 589 2033 fecimus,
616 2004 651 2026 ac
675 1994 759 2026 inter
783 1994 845 2026 alia
868 1994 1026 2028 voluimus
1045 2000 1077 2028 et
1094 1995 1181 2028 ordi-

443 2046 590 2078 navimus
621 2051 657 2078 ut
681 2047 856 2090 capitulum
883 2048 986 2081 dictae
1012 2049 1179 2082 custodiae

444 2099 723 2141 compromitteret
739 2100 771 2132 in
790 2111 945 2143 personas
971 2107 1108 2144 quatuor
1131 2112 1180 2135 re-

442 2150 643 2193 ligiosorum,
670 2154 761 2194 zelo,
798 2153 970 2196 prudentia
1001 2159 1032 2187 et
1060 2154 1179 2188 virtute

443 2204 675 2246 praeditorum,
694 2205 748 2248 qui
774 2217 791 2238 a
809 2207 986 2239 venerabili
1008 2208 1106 2240 fratre
1127 2218 1179 2240 no-
1200 2235 1201 2239 ,

443 2261 512 2288 stro
537 2257 707 2290 Francisco
742 2258 893 2302 episcopo
929 2258 1070 2292 Ostiensi
1096 2260 1179 2293 eius-

443 2308 515 2341 dem
537 2309 568 2342 S.
592 2309 629 2342 R.
652 2309 687 2342 E.
715 2310 869 2343 cardinali
895 2311 1073 2344 Barberino
1099 2323 1179 2345 nun-

443 2368 568 2404 cupato,
587 2362 660 2395 dicti
679 2362 806 2395 Ordinis
830 2364 915 2407 apud
938 2375 995 2397 nos
1015 2370 1047 2397 et
1062 2365 1177 2398 Sedcm

442 2414 640 2456 praedictam
679 2421 874 2457 protectore,
901 2416 1082 2459 approbati,
1121 2427 1177 2450 seu

443 2467 519 2498 alias
552 2467 591 2499 ab
624 2467 695 2510 ipso
729 2468 884 2500 nominati
910 2474 1026 2508 essent,
1053 2469 1178 2512 ipsique

442 2519 718 2562 compromissarii
751 2525 865 2552 statuta
891 2526 922 2553 et
946 2521 1177 2561 ordinationes,

443 2572 560 2615 quibus
596 2573 710 2605 eadem
744 2573 890 2605 custodia
921 2573 953 2605 in
983 2579 1179 2618 perpetuum

440 2626 508 2669 regi
543 2631 573 2658 et
603 2626 778 2670 gubernari
816 2626 961 2668 deberet,
999 2628 1177 2660 secundum

1020 266 1199 291 nULLAmt'M
1223 266 1374 293 ROMANUM

1220 314 1324 348 datam
1350 315 1410 349 sibi
1436 327 1453 349 a
1477 317 1611 351 Domino
1628 317 1832 362 prudentiam
1854 318 1953 351 consi-

1220 373 1331 400 cereut
1347 374 1378 401 et
1396 376 1637 412 componerent,
1656 377 1688 403 01
1708 371 1786 403 alias
1803 375 1898 413 prout
1921 369 1953 402 in

1221 420 1340 452 nostris
1366 421 1506 464 desuper
1526 421 1558 454 in
1583 423 1678 456 simili
1713 423 1814 456 sormi}
1845 421 1952 455 Brevis

1221 472 1271 505 die
1289 482 1386 505 xxviii
1412 473 1536 515 augusti
1554 484 1715 508 nncrxxm
1733 474 1890 518 expeditis
1907 474 1954 507 lit-

1221 524 1298 557 teris
1323 524 1454 557 uberius
1479 525 1673 558 continetur.

1263 577 1278 619 g
1294 576 1325 609 02.
1346 577 1421 609 Cum
1439 582 1544 609 autem
1562 577 1660 620 (sicut
1677 579 1878 623 accepimus)
1896 584 1953 613 sta·
1981 592 2148 622 ,nummum-

1964 617 2147 670 ‘n'kl'i'nf‘ffft'al'l

1931 684 1936 689 .
1964 675 2025 691 cmm.

1221 633 1287 660 tuta
1311 633 1342 660 ct
1362 628 1582 661 ordinationes
1599 629 1780 663 huiusmodi
1798 631 1885 663 iuxta
1903 642 1954 664 ea—

1222 681 1367 713 rumdem
1395 681 1576 713 litterarum
1608 687 1788 715 nostrarum
1813 683 1954 726 disposi—

1222 733 1342 765 tionem
1369 733 1429 765 iam
1455 733 1536 765 sacta
1560 739 1656 776 atque
1678 734 1762 767 edita
1788 735 1955 778 reperian-

1223 791 1292 825 tur,
1314 786 1465 829 dictaque
1497 786 1652 827 custodia,
1682 797 1764 829 quae
1794 798 1845 820 sex
1879 798 1955 822 con-

1222 838 1370 870 ventibus
1395 838 1550 871 canonice
1582 839 1697 872 crectis
1735 844 1767 872 01
1801 840 1954 873 institutis

1222 896 1348 923 constat
1372 896 1402 923 01
1423 891 1519 923 alium
1539 896 1732 924 conventum
1751 891 1896 934 erigendi
1913 893 1956 924 sa-

1222 944 1371 976 eultatem
1396 955 1414 976 a
1431 943 1511 976 Sede
1537 944 1680 986 praefata
1700 943 1850 984 obtinuit,
1876 945 1954 977 nulli

1222 996 1408 1039 provinciae
1443 996 1570 1029 Ordinis
1611 996 1744 1039 praefati
1783 996 1954 1035 subiaceat,

1222 1049 1278 1081 sed
1305 1060 1321 1081 a
1347 1048 1480 1091 proprio
1506 1049 1639 1081 custode
1664 1058 1736 1080 cum
1762 1058 1818 1081 suo
1844 1048 1957 1082 defini-

1223 1101 1304 1134 torio
1323 1101 1530 1143 gubernetur,
1552 1111 1588 1133 ac
1606 1101 1638 1133 in
1658 1102 1694 1133 ea
1712 1101 1864 1144 capitula,
1881 1111 1956 1134 con-

1222 1154 1427 1196 gregationes
1452 1159 1484 1186 et
1503 1153 1556 1186 alii
1582 1163 1786 1196 congressus,
1807 1159 1904 1196 prout
1923 1154 1955 1187 111

1221 1206 1397 1249 provinciis
1409 1206 1484 1239 dicti
1500 1205 1639 1245 Ordinis,
1650 1206 1862 1246 celebrentur,
1877 1206 1956 1249 ipsa-

1222 1269 1284 1301 que
1309 1258 1453 1291 custodia
1477 1257 1616 1300 propriis
1640 1257 1755 1300 sigillis
1786 1258 1900 1290 maiori
1926 1263 1958 1290 et

1221 1311 1338 1344 minori
1363 1316 1477 1350 utatur,
1497 1320 1532 1342 ac
1556 1309 1788 1352 praerogativis
1814 1310 1879 1342 sere
1904 1311 1957 1343 ad—

1221 1364 1323 1396 instar
1346 1362 1584 1406 provinciarum
1609 1361 1795 1394 huiusmodi
1821 1361 1954 1402 fruatur,

1222 1416 1309 1448 itaut
1325 1415 1353 1448 ei
1371 1414 1454 1448 nibil
1468 1414 1527 1447 nisi
1543 1424 1660 1447 nomen
1675 1413 1858 1457 provinciae
1870 1414 1959 1448 dees—

1222 1479 1256 1501 se
1278 1468 1445 1501 videatur:
1465 1467 1541 1499 111110
1560 1472 1606 1499 est
1629 1467 1714 1510 quod
1732 1477 1801 1507 nos,
1821 1466 1956 1500 firmiori

1222 1527 1319 1564 atque
1338 1519 1483 1553 solidiori
1505 1519 1651 1552 eiusdem
1672 1519 1837 1552 custodiae
1861 1520 1956 1552 statui

1222 1584 1445 1617 prosperoque
1466 1572 1551 1606 illius
1574 1572 1727 1615 regimini
1752 1583 1788 1605 ac
1805 1583 1958 1616 progres-

1223 1627 1271 1660 sui
1305 1632 1337 1660 ct
1372 1626 1584 1667 incremento,
1611 1631 1763 1669 quantum
1795 1626 1888 1659 nobis
1919 1636 1956 1659 ex

1222 1681 1287 1713 alto
1323 1679 1523 1720 conceditur,
1549 1679 1718 1722 providere
1743 1679 1896 1721 volentes,
1921 1689 1958 1712 ac

1223 1734 1415 1767 dilectorum
1433 1732 1577 1766 filiorum
1595 1732 1738 1765 custodis
1760 1738 1793 1765 et
1809 1731 1958 1765 definito·

1223 1797 1292 1819 rum
1320 1786 1524 1828 aliorumque
1550 1785 1683 1818 fratrum
1707 1785 1873 1818 custodiae
1899 1785 1958 1817 hu-

1223 1839 1360 1872 iusmodi
1381 1839 1564 1881 singulares
1582 1848 1736 1881 personas
1761 1848 1778 1870 a
1795 1837 1957 1881 quibusvis

1223 1890 1579 1930 excommunicationis,
1605 1890 1829 1934 suspensionis
1855 1895 1887 1923 et
1909 1890 1957 1922 in-

1224 1944 1359 1985 terdicti,
1375 1943 1510 1986 aliisque
1528 1942 1755 1975 ecclesiasticis
1774 1942 1955 1982 sententiis,

1223 1995 1368 2029 censuris
1394 2000 1425 2028 et
1448 1994 1572 2038 poenis,
1588 2005 1605 2027 a
1626 1994 1693 2026 iure
1716 1994 1767 2026 vel
1789 1993 1827 2026 ab
1853 1993 1957 2026 homi-

1222 2059 1273 2090 ne,
1288 2048 1399 2092 quavis
1425 2046 1596 2080 occasione
1620 2046 1669 2078 vel
1695 2047 1788 2079 causa
1813 2045 1904 2086 latis,
1930 2046 1955 2078 si

1223 2102 1338 2146 quibus
1359 2099 1606 2144 quomodolibet
1634 2099 1780 2132 innodati
1805 2099 1955 2139 existunt,

1221 2154 1261 2188 ad
1282 2154 1427 2187 effectum
1452 2151 1671 2196 praesentium
1696 2152 1859 2184 dumtaxat
1882 2161 1957 2183 con-

1222 2207 1432 2250 sequendum,
1447 2206 1562 2238 harum
1588 2205 1670 2238 serie
1695 2205 1900 2237 absolventes
1925 2209 1957 2236 et

1222 2258 1400 2292 absolut0s¹
1419 2259 1485 2292 sore
1504 2262 1681 2298 censentes,
1700 2267 1829 2290 necnon
1846 2257 1956 2300 quina-

1222 2324 1294 2345 rum
1318 2317 1499 2345 nostrarum
1526 2311 1705 2344 litterarum
1738 2311 1955 2353 praefatarum

1223 2373 1363 2405 tenores,
1380 2369 1412 2397 et
1436 2364 1496 2396 alia
1517 2373 1752 2406 quaecumque,
1772 2363 1866 2396 etiam
1884 2373 1955 2406 spe-

1222 2417 1343 2451 cificam
1368 2422 1397 2450 et
1423 2416 1619 2449 individuam
1640 2416 1838 2449 mentionem
1855 2420 1887 2449 et
1903 2426 1956 2449 ex-

1222 2470 1423 2514 pressionem
1437 2469 1649 2512 requirentia,
1661 2469 1886 2513 praesentibus
1896 2479 1955 2513 pro

1223 2524 1318 2567 plene
1333 2528 1364 2555 et
1381 2522 1578 2555 sufficienter
1596 2523 1756 2565 expressis
1773 2528 1805 2556 et
1827 2521 1955 2557 insertis

1261 2639 1267 2662 1
1288 2636 1380 2663 Potius
1395 2637 1453 2672 lege
1468 2637 1610 2665 absolutas
1626 2643 1661 2672 (R.
1678 2637 1729 2672 T.).

1955 269 2002 296 Λη.
2020 268 2049 296 C.
2072 269 2139 298 1675
