2279 3260
261 238 308 262 An.
330 238 356 264 tl.
384 236 449 262 tow
494 228 557 260 080

496 297 563 319 vin.
587 285 742 329 Sepitmo,
778 286 802 317 si
832 285 886 317 scit
921 284 1003 326 qnod
1030 283 1069 315 sit
1093 282 1184 320 liber,

454 339 538 371 idest
555 338 641 382 qnod
659 348 723 370 non
741 337 781 370 sit
799 348 857 369 nee
876 337 970 369 fuerit
995 345 1103 368 servus
1129 344 1184 366 seu

453 390 659 434 mancipium.

497 454 538 476 lx.
565 443 690 484 Ortavo,
716 444 739 475 si
766 444 825 476 scit
850 443 933 486 quod
968 441 1069 473 (lictus
1095 449 1186 482 prae-

453 496 588 529 tendens
614 507 675 529 non
702 496 741 528 sit
770 496 885 538 ligatus
917 494 1045 526 vinculo
1078 491 1186 524 matri·
1210 490 1211 494 ’

453 549 551 582 monii
573 550 621 582 vel
649 549 708 581 tide
735 546 942 591 sponsalium,
962 546 1041 578 itaut
1066 545 1104 577 de
1130 545 1185 576 sna

451 605 589 645 persona
614 602 788 644 disponere
816 611 879 632 non
906 599 1020 642 possit.

494 666 522 688 x.
549 655 649 694 Nono,
668 654 692 685 si
718 653 776 685 scit
802 652 888 695 quod
909 651 1027 683 babeat
1045 650 1184 693 aliquam

452 707 667 740 infirmitatem
693 704 926 747 contagiosum.

495 770 536 792 xi.
564 759 702 797 Decimo,
730 758 754 789 si
781 757 840 790 scit
865 756 949 799 qnod
980 755 1098 788 habeat
1129 753 1187 786 ali-

451 823 515 855 qua
540 811 646 844 debita
671 821 752 854 qnae
778 810 902 842 solvere
919 819 984 841 non
1002 807 1112 851 possit,
1138 806 1185 839 vel

452 866 477 897 si
496 869 642 898 teneatur
659 864 794 896 reddere
814 862 972 895 rationem
991 872 1026 894 ex
1046 871 1109 903 qna
1125 858 1186 902 ipsi

452 919 499 951 vel
524 917 633 950 Ordini
660 921 772 949 nostro
799 916 906 959 aliqua
930 914 975 946 vis
1008 923 1061 946 seu
1087 913 1188 945 mole-

452 972 510 1004 stia
535 970 688 1013 subsequi
713 970 828 1002 valeat.
1177 1012 1181 1014 p

496 1035 552 1057 xu.
580 1023 767 1062 Undecimo,
795 1021 820 1054 si
847 1021 905 1053 scit
929 1020 1014 1064 quod
1040 1024 1190 1063 praeten-

453 1078 532 1110 dens
559 1075 653 1108 fuerit
679 1071 818 1108 novitius
834 1075 883 1107 vel
901 1073 1065 1117 professus
1083 1072 1116 1104 in
1134 1081 1189 1104 no-

452 1132 517 1163 stra
542 1128 703 1171 religione
728 1129 776 1160 vel
802 1127 833 1159 in
860 1127 968 1169 aliquo
985 1135 1189 1169 quocumque

451 1182 591 1221 Ordine,
626 1180 879 1223 congregatione
918 1190 975 1212 seu
1012 1178 1189 1217 societate,

454 1236 549 1269 etiam
567 1235 599 1267 in
617 1233 735 1266 nostris
752 1232 899 1276 patribus
918 1231 1073 1265 Calceatis
1091 1231 1139 1263 vel
1159 1230 1189 1262 in

452 1288 657 1322 Discalceatis
683 1298 738 1320 seu
765 1286 956 1319 Reformatis
980 1285 1082 1317 nostri
1100 1283 1191 1316 Ordi-

453 1342 503 1374 nis
529 1352 594 1374 non
621 1340 774 1373 subiectis
799 1344 928 1372 nostrae
961 1336 1188 1370 iurisdictioni.

495 1404 564 1427 xni.
588 1392 795 1431 Duodecimo,
814 1392 841 1423 si
860 1390 919 1423 scit
936 1390 1022 1433 quod
1040 1393 1190 1432 praeten-

453 1447 532 1480 dens
557 1451 588 1478 et
612 1444 693 1488 petit
718 1449 750 1476 et
773 1443 921 1486 accipere
953 1443 1021 1475 vult
1046 1440 1190 1474 habitum

453 1504 570 1543 sponte
597 1503 628 1531 et
652 1497 786 1541 proprio
813 1495 926 1528 affectu
959 1505 995 1527 ae
1025 1496 1190 1528 voluntate

453 1553 596 1592 allectus,
624 1560 690 1583 non
715 1549 754 1589 vi,
780 1554 877 1588 metu,
904 1548 1025 1589 fraude,
1051 1552 1106 1580 aut
1129 1548 1191 1580 alio

452 1607 597 1639 humano
619 1609 781 1647 respectu.

496 1669 561 1692 x1v.
586 1655 828 1697 Decimotertio‚
854 1655 879 1688 si
897 1655 955 1688 scit
976 1654 1061 1698 qnod
1078 1664 1190 1697 paren-

454 1717 502 1745 tes
517 1710 761 1755 praetendentis
779 1708 844 1741 sint
860 1718 1030 1751 pauperes,
1047 1707 1129 1740 itaut
1153 1707 1190 1739 ad

453 1763 719 1797 sustentationem
738 1771 828 1794 suam
843 1760 1011 1803 indigeant
1031 1759 1192 1792 adiutorio

454 1816 550 1856 illius,
567 1816 616 1848 vel
634 1814 803 1857 religionis
822 1814 847 1846 si
865 1813 1039 1856 recipiatur
1051 1813 1089 1845 ad
1108 1823 1189 1845 eam.

499 1879 549 1903 xv.
578 1869 840 1911 Decimoqnarto‚
865 1866 890 1899 si
917 1866 977 1899 scit
994 1876 1105 1898 verum
1121 1876 1192 1899 esse

455 1933 550 1957 omne
569 1922 657 1965 quod
675 1920 816 1964 deponit,
831 1920 911 1952 itaut
928 1920 953 1952 si
971 1919 1092 1962 aliquid
1111 1925 1193 1952 esset

455 1976 488 2009 in
514 1975 709 2008 contrarium
734 1973 835 2006 sciret
857 1973 907 2006 vel
932 1972 1116 2005 audivisset.

500 2039 564 2061 xw.
583 2027 615 2060 Si
640 2027 672 2059 in
697 2025 805 2069 aliqua
830 2025 963 2067 regione
989 2026 1038 2057 vel
1063 2025 1193 2067 provin-

456 2082 505 2115 cia
523 2091 606 2124 opus
626 2078 950 2112 fueritstrictioribus
969 2078 1128 2120 aliquibus
1147 2078 1192 2109 in-

457 2133 730 2177 terrogationihus
746 2159 753 2172 ‚
779 2132 964 2174 superiores
990 2132 1059 2164 illas
1085 2141 1189 2174 appo—

456 2193 535 2221 nant
560 2187 592 2219 in
621 2184 894 2227 interrogatorio,
920 2189 950 2217 et
982 2184 1192 2217 informantes

457 2241 670 2284 adimpleant.

502 2304 578 2327 xvii.
597 2292 733 2334 Insuper
747 2290 857 2324 stricte
870 2291 1088 2334 praecipimus
1106 2291 1192 2334 quod

458 2348 596 2392 quilibet
613 2346 799 2385 informans
815 2345 873 2377 sub
887 2347 993 2387 poena
1011 2345 1114 2387 gravis
1129 2346 1194 2377 cnl-

458 2412 538 2445 pae,
566 2409 624 2443 per
658 2399 726 2432 dies
751 2398 893 2441 proferat
922 2397 1018 2430 fidem
1043 2398 1193 2440 baptismi

459 2452 714 2499 prae-tendentis,
731 2456 762 2483 et
785 2451 872 2483 illam
896 2450 1020 2483 inserat
1043 2451 1196 2484 inffirnia-

461 2507 550 2547 noni,
576 2511 611 2538 ut
635 2505 674 2538 de
700 2504 860 2547 baptismo
886 2508 919 2536 et
942 2509 1043 2536 aetate
1061 2510 1194 2544 constet,

460 2560 680 2602 inscribatque
706 2558 739 2590 in
757 2557 840 2590 libro
865 2556 898 2589 in
924 2567 988 2599 quo
1014 2557 1083 2589 eius
1108 2568 1197 2590 rece-

461 2614 528 2659 ptio
550 2618 582 2646 et
604 2610 767 2656 professio
792 2609 964 2644 scribenda
982 2615 1051 2647 est:
1072 2612 1198 2654 praela-

1044 231 1223 259 nnthmM
1246 231 1397 260 nouantur

1230 286 1279 313 tus
1305 288 1422 324 antem,
1447 285 1498 327 qni
1521 296 1584 318 non
1605 286 1717 318 seem-it
1742 287 1960 320 testimonium

1228 334 1376 377 baptismi
1398 337 1493 370 scribi
1519 337 1549 370 in
1572 339 1664 379 libro,
1691 344 1721 372 et
1746 340 1798 383 qui
1821 340 1961 383 aliquem

1229 386 1265 418 ad
1302 388 1536 430 professionem
1572 393 1737 425 admiserit
1770 393 1839 426 sine
1877 393 1962 426 dicta

1229 439 1377 483 baptismi
1404 441 1474 482 tide,
1501 454 1612 476 severe
1634 445 1795 488 puniatur.

1272 502 1360 525 xvnl.
1387 493 1480 526 Facta
1516 495 1744 530 informatione
1782 502 1815 530 et
1838 498 1959 537 clausa,

1228 544 1296 587 ipse
1318 545 1495 579 informans
1513 552 1603 580 curet
1618 548 1705 581 illam
1723 550 1962 593 quamprimum

1230 598 1354 631 tradere
1372 599 1457 641 patri
1476 599 1623 632 ministro
1642 606 1816 634 conventus
1830 603 1880 634 vel
1898 604 1963 635 eol-

1228 650 1303 692 legii
1328 651 1359 682 in
1382 662 1446 693 qno
1473 653 1689 694 praetendens
1715 653 1825 686 habitu
1850 659 1962 687 nostro

1229 704 1360 736 indutus
1378 709 1447 746 est;
1473 711 1504 738 et
1521 705 1624 738 dictus
1641 705 1788 739 minister
1805 717 1840 740 ae
1857 707 1964 740 consi-

1229 756 1312 789 liarii
1331 762 1362 790 et
1378 757 1529 800 magister
1546 759 1743 792 novitiorum
1768 760 1817 792 vel
1842 760 1965 803 profes-

1230 820 1348 849 sorum,
1374 811 1434 851 vel,
1452 811 1478 844 si
1496 811 1539 843 ibi
1558 811 1704 844 minister
1720 822 1786 845 non
1804 818 1864 853 est,
1883 813 1966 845 vica-

1230 863 1309 903 rius,
1336 874 1448 896 omnes
1475 864 1584 906 itaque
1602 864 1699 897 simul
1717 864 1848 897 videant
1864 865 1966 898 infor-

1231 914 1404 948 mationem
1429 922 1461 948 et
1484 917 1669 959 approbent
1704 917 1753 949 vel
1779 917 1965 960 reprobent,

1233 973 1265 1000 et
1295 968 1453 1001 rationem
1484 967 1625 1001 fideliter
1657 969 1796 1002 reddant
1827 970 1967 1012 capitulo

1233 1021 1434 1054 conventuali
1460 1021 1499 1054 de
1524 1022 1683 1055 contentis
1701 1022 1734 1054 iu
1751 1023 1811 1063 ea;
1835 1027 1867 1055 et
1891 1032 1968 1055 one-

1233 1084 1339 1106 ramus
1356 1074 1570 1107 conscientias
1588 1075 1846 1107 examinatorum
1865 1075 1968 1108 dictae

1234 1127 1471 1160 informationis
1504 1133 1535 1160 et
1565 1127 1790 1170 religiosorum
1819 1127 1969 1170 capitula-

1234 1180 1315 1212 rium
1340 1190 1438 1222 snper
1462 1185 1599 1213 secreto.

1277 1243 1340 1265 ΧΙΧ.
1360 1232 1390 1265 Si
1411 1232 1598 1265 informatio
1619 1231 1688 1265 sieri
1716 1234 1883 1266 commode
1903 1243 1970 1266 non

1234 1285 1338 1328 possit
1373 1290 1545 1328 antequam
1581 1286 1798 1328 praetendens
1835 1285 1972 1329 accipiat

1236 1337 1390 1377 habitum,
1409 1338 1523 1370 saltem
1542 1337 1692 1380 superior
1716 1342 1894 1371 conventus
1920 1340 1969 1371 vel

1235 1390 1374 1433 collegii,
1393 1391 1441 1423 vel
1458 1390 1527 1423 eius
1544 1390 1675 1423 nomine
1689 1389 1781 1423 alius¹
1799 1391 1970 1433 religiosus

1235 1443 1274 1475 ab
1292 1443 1361 1486 ipso
1375 1443 1555 1486 deputatus,
1570 1453 1680 1476 eoram
1694 1443 1968 1476 examinatoribus

1235 1495 1401 1528 destinatis
1425 1506 1486 1539 pro
1512 1495 1796 1528 informationibus
1822 1495 1971 1528 videndis

1235 1549 1319 1581 clare
1345 1553 1376 1581 et
1400 1548 1550 1582 distincte
1574 1550 1662 1591 legat
1687 1548 1972 1591 interrogatorinm

1235 1601 1488 1644 praetendentis,
1512 1607 1543 1633 et
1568 1611 1625 1644 per
1649 1601 1754 1644 ipsum
1784 1601 1973 1643 singillatim

1235 1653 1421 1696 interroget,
1448 1659 1583 1697 accepto
1603 1654 1643 1687 ab
1663 1654 1777 1687 eodem
1794 1653 1973 1686 iuramento

1236 1707 1274 1739 de
1296 1707 1429 1739 veritate
1445 1707 1589 1747 dicenda,
1608 1712 1639 1739 et
1656 1717 1696 1739 an
1715 1706 1974 1749 comprehenda-

1237 1765 1287 1792 tur
1304 1760 1337 1792 in
1358 1759 1466 1803 aliquo
1485 1770 1520 1792 ex
1540 1760 1583 1792 ibi
1602 1759 1775 1799 contentis,
1791 1764 1823 1791 et
1846 1764 1970 1802 postea,

1236 1813 1475 1856 quamprimum
1500 1813 1654 1856 possibile
1681 1812 1731 1852 sit,
1749 1811 1803 1844 fiat
1827 1812 1974 1845 informa-

1237 1867 1280 1899 tio
1300 1866 1438 1899 iuridica
1456 1871 1487 1899 et
1501 1866 1660 1909 plenaria,
1677 1876 1773 1908 quam
1790 1865 1974 1908 approbent

1235 1921 1285 1953 vel
1302 1919 1478 1962 reprobent
1494 1919 1647 1960 minister,
1667 1918 1841 1952 consiliarii
1863 1923 1893 1951 et
1917 1929 1973 1951 no-

1235 1973 1386 2011 vitiorum
1411 1972 1576 2015 magister.

1279 2037 1300 2060 1.
1328 2025 1527 2069 Quicumque
1545 2025 1751 2069 recipiendus
1770 2025 1808 2057 ad
1827 2025 1973 2058 habitum

1235 2085 1388 2119 nostrum,
1415 2079 1615 2112 examinetur
1638 2078 1728 2121 prius
1746 2078 1785 2111 de
1807 2080 1864 2110 sua
1885 2089 1973 2111 voca-

1236 2134 1321 2166 tione
1343 2144 1359 2164 a
1376 2133 1521 2175 praelato
1545 2133 1596 2164 vel
1619 2132 1658 2163 ab
1684 2131 1792 2174 aliquo
1817 2131 1971 2174 religioso

1236 2191 1366 2229 experto
1391 2185 1429 2217 ab
1457 2185 1527 2228 ipso
1561 2185 1745 2227 designato,
1771 2189 1803 2217 et
1828 2185 1972 2218 animad—

1236 2245 1338 2272 vertat
1358 2238 1384 2270 si
1406 2243 1455 2270 est
1470 2238 1584 2270 bonae
1609 2237 1738 2278 indolis,
1753 2242 1785 2270 et
1808 2237 1923 2271 docilis
1941 2243 1974 2271 et

1236 2292 1351 2326 virium
1381 2290 1609 2323 sufficientium
1635 2290 1673 2322 ad
1698 2291 1873 2333 portandas
1900 2290 1974 2324 reli-

1237 2344 1341 2388 gionis
1365 2342 1582 2375 austeritates,

1282 2408 1316 2430 ιι.
1340 2396 1386 2428 Ad
1412 2396 1547 2428 chorum
1571 2405 1637 2427 non
1667 2394 1825 2438 recipitur
1841 2395 1902 2428 nisi
1920 2396 1974 2439 qui

1238 2449 1428 2484 latinitatem
1457 2448 1655 2480 sufficienter
1679 2448 1796 2481 calleat
1825 2449 1862 2481 ad
1898 2449 1974 2482 alias

1239 2502 1391 2537 scientias
1419 2501 1644 2543 addiscendas;
1671 2502 1757 2546 quod
1779 2507 1813 2534 ut
1836 2508 1974 2544 constet,

1278 2619 1287 2645 1
1311 2617 1380 2645 Edit.
1398 2617 1477 2644 Main.
1494 2617 1559 2653 legit
1574 2618 1650 2646 alias
1663 2618 1704 2653 (n.
1720 2619 1769 2653 T.).

1966 239 2013 266 An.
2035 238 2064 266 C.
2089 240 2155 267 ¹676

2010 2032 2021 2059 g
2036 2032 2048 2052 t
2063 2032 2092 2053 De
2103 2032 2165 2053 modo

1983 2060 2101 2089 reeipiendi
2129 2065 2166 2080 no-

1984 2089 2054 2107 Vltlos.
