2279 3260
154 277 206 302 An.
228 277 257 302 C.
276 276 343 303 1675

189 757 227 777 tue
242 757 337 778 Pontifex

152 783 252 808 proludat
277 787 338 809 prout

152 816 172 830 m
189 810 284 831 rubricssa.

976 279 1011 302 CL
1018 278 1117 303 EMENS
1140 280 1157 303 X
1183 281 1230 304 1³1².

347 324 455 358 dicum
483 331 605 369 tempus
625 336 682 368 per
708 326 981 369 dispensationem
1008 337 1082 368 pro—

347 378 498 418 fessione,
514 378 589 411 inde
613 379 736 411 facilius
755 384 865 421 postea
883 379 1079 411 obtinuerint

346 431 508 464 licentiam
538 431 696 474 migrandi
729 432 768 464 ad
802 432 898 464 alium
930 431 1080 464 Ordinem

345 485 511 524 laxiorem,
531 483 563 517 in
581 496 644 527 (pio
663 484 777 526 exigua
802 486 892 518 valde
921 485 1018 517 forma
1039 495 1081 516 es<

344 542 393 570 set
408 537 578 579 religiosae
600 537 805 580 disciplinae,
825 548 888 570 non
907 538 976 570 sinc
994 548 1082 570 scan-

345 589 417 622 dalo
443 590 638 628 multorum,
673 590 727 632 qui
760 589 966 622 relaxationis
990 589 1078 621 eius-

345 642 430 675 modi
456 653 599 676 amorem
623 642 654 674 in
673 642 749 675 viris
769 643 831 676 Deo
858 654 916 685 per
941 648 1013 675 vota
1031 653 1082 675 so-

346 696 465 728 lemnia
480 696 677 728 consecratis
696 695 810 728 merito
826 696 1080 728 exhorrescunt:

393 748 451 791 {3-
469 748 549 781 Ilinc
568 749 715 791 estquod
730 759 800 787 nos,
817 748 973 781 eiusmodi
992 758 1083 780 scan-

349 801 430 833 dalis
457 812 565 834 ansam
591 801 623 833 111
650 803 791 833 futurum
816 801 1017 844 praecidere,
1048 810 1083 832 ac

348 853 515 887 societatis
555 854 740 897 praedictae
783 854 899 886 honori
942 853 1082 895 indeque

348 907 539 940 emissorum
555 908 659 946 saluti,
679 912 834 949 quantum
852 906 947 939 nobis
963 917 998 938 ex
1017 907 1082 938 alto

347 959 549 999 conceditur,
574 959 763 1002 prospicere
793 959 969 1001 cupientes,
994 963 1082 990 motu

348 1013 493 1056 proprio,
511 1024 546 1045 ac
571 1023 607 1045 ex
637 1014 724 1044 certa
749 1011 882 1044 scientia
906 1016 937 1043 et
960 1013 1084 1043 matura

348 1065 583 1098 deliberatione
615 1064 743 1103 nostris,
759 1065 863 1106 deque
890 1063 1083 1106 apostolicae

346 1117 516 1161 potestatis
533 1116 750 1160 plenitudine,
771 1117 886 1149 harum
905 1116 987 1149 serie
1010 1126 1083 1159 per-

346 1176 445 1214 petuo
470 1169 637 1202 statuimus
659 1175 690 1202 ct
713 1169 901 1202 ordinamus
926 1175 959 1202 ut
979 1170 1017 1203 de
1035 1180 1084 1202 ce-

348 1228 418 1256 tero
444 1223 476 1255 in
502 1223 615 1255 eadem
641 1222 800 1255 Societate
827 1222 980 1265 professi,
1005 1233 1085 1265 quos

348 1275 551 1319 praepositus
586 1276 748 1318 generalis
784 1275 885 1308 dictae
916 1275 1085 1308 Societatis

348 1329 386 1361 ab
405 1329 474 1371 ipsa
490 1328 650 1362 Societate
670 1328 863 1361 emittendos
885 1328 1083 1367 iudicaverit,

348 1381 477 1424 quique,
497 1381 535 1414 de
553 1381 700 1413 eiusdem
720 1380 897 1424 praepositi
924 1381 1084 1423 generalis

348 1434 490 1474 licentia,
509 1434 549 1466 ad
574 1434 672 1466 alium
698 1433 842 1477 quemvis
867 1433 1020 1466 Ordinem
1038 1434 1083 1467 eis

348 1487 387 1520 ab
404 1488 475 1531 ipso
493 1487 679 1530 praeposito
694 1486 838 1529 generali
852 1486 1084 1530 praescriptum

349 1541 497 1573 translati
512 1541 643 1580 fuerint,
662 1540 747 1581 inde,
766 1545 839 1583 post
861 1540 1009 1573 emissam
1025 1540 1086 1573 ibi-

349 1594 421 1627 dem
447 1593 682 1636 professionem
703 1594 895 1635 regularem,
914 1593 1009 1633 exire,
1031 1599 1087 1626 aut

349 1648 456 1681 denuo
474 1646 512 1679 ad
534 1656 774 1689 quemcumque
795 1646 895 1678 alium
920 1646 1084 1687 Ordinem,

349 1699 572 1733 Cartliusiensi
586 1704 734 1741 excepto,
750 1699 887 1731 transire
912 1705 1086 1742 nequeant,

350 1753 410 1786 nisi
433 1753 471 1785 de
497 1752 629 1795 speciali
648 1753 758 1784 nostra
776 1762 832 1784 seu
853 1751 988 1784 Romani
1005 1752 1087 1784 Pon-

350 1804 442 1838 tificis
463 1815 520 1848 pro
540 1810 684 1848 tempore
710 1804 876 1837 existentis
894 1804 1036 1843 licentia,
1054 1805 1086 1838 in

349 1870 413 1902 qua
439 1857 638 1901 exprimatur
670 1867 724 1890 eos
761 1857 840 1889 alifis
866 1857 898 1889 in
923 1858 1006 1890 dicta
1031 1858 1087 1890 So-

349 1911 463 1943 cietate
489 1910 665 1953 professos,
684 1910 825 1953 indeque
846 1910 885 1942 de
911 1911 1085 1954 praepositi

349 1963 511 2008 generalis
534 1963 663 1996 licentia
680 1963 719 1995 ad
738 1962 973 2006 praescriptum
991 1964 1030 1995 ab
1049 1975 1086 1997 eo

348 2017 514 2057 Ordinem,
535 2027 570 2049 ex
593 2026 658 2059 quo
676 2016 783 2049 denuo
805 2016 843 2048 ad
862 2015 959 2048 alium
984 2022 1087 2050 trans-

349 2071 397 2103 ire
433 2069 642 2110 desiderent,
685 2070 858 2101 translatos
895 2069 1013 2109 fuisse,
1051 2081 1086 2103 ac

351 2122 447 2155 etiam
471 2121 620 2166 specifica
650 2121 871 2165 praesentium
906 2122 1109 2155 litterarum²

351 2174 406 2207 fiat
429 2175 567 2216 mentia,
590 2174 736 2217 alioquin
753 2173 826 2206 novi
853 2174 1004 2207 transitus
1030 2175 1087 2208 liu-

352 2227 503 2268 iusmodi,
522 2238 559 2260 ac
578 2227 816 2270 professiones,
846 2231 878 2259 et
902 2227 963 2260 alia
988 2239 1086 2270 quae—

352 2291 491 2323 cumque
506 2280 579 2313 inde
593 2280 705 2323 quovis
718 2280 813 2312 modo
825 2285 984 2321 secutura,
995 2283 1085 2314 nulla

351 2343 486 2377 prorsus
509 2338 603 2375 atque
628 2332 768 2364 invalida
787 2337 818 2364 et
835 2332 937 2373 irrita,
955 2334 1087 2367 nullius-

353 2396 415 2429 que
440 2384 565 2418 roboris
589 2389 621 2417 et
643 2384 801 2418 monenti
827 2385 974 2426 existant,
993 2392 1023 2419 et
1041 2387 1086 2420 sic

353 2442 556 2471 transeuntes
591 2448 651 2480 pro
687 2438 844 2481 apostatis
881 2439 1084 2481 habeamur,

353 2491 570 2534 omnibusque
604 2491 750 2524 censuris
775 2496 805 2525 et
828 2491 944 2535 poenis
976 2498 1087 2526 contra

353 2549 512 2589 apostatas
541 2544 668 2576 statutis
695 2549 726 2576 et
748 2545 961 2588 promulgatis
986 2546 1089 2579 subia-

352 2604 467 2637 ceant,
492 2607 553 2630 nee
577 2598 616 2629 ab
640 2597 705 2630 illis
730 2598 942 2631 absolutionis
967 2600 1088 2633 benefi-

353 2652 437 2686 cium
454 2651 493 2683 ab
512 2650 573 2682 alio
588 2660 684 2693 quam
712 2661 729 2682 a
752 2650 846 2683 nobis
864 2662 920 2684 seu
941 2651 1086 2686 Romano

457 2714 535 2742 Ball.
553 2714 632 2743 Rom.
650 2729 684 2733 —
704 2714 760 2741 Vol.
780 2715 882 2742 XVIII.
1030 2718 1063 2745 75

1126 326 1278 361 Pontifire
1305 340 1362 371 pro
1390 336 1532 372 tetiipore
1559 332 1714 363 extamus·
1734 332 1809 374 (nisi
1830 332 1858 363 111

1125 381 1235 413 mortis
1260 382 1396 415 articulo
1415 384 1604 425 constituti)
1624 390 1791 427 reportare
1810 396 1860 416 va-

1125 433 1223 466 leant.

1132 526 1142 537 l
1167 486 1182 528 ἕ,
1206 486 1237 519 ll.
1264 487 1481 521 Decernentcs
1506 490 1638 523 ezisdem
1671 495 1860 533 praesentes

1761 274 1824 308 593
1870 285 1919 310 An.
1941 284 1968 310 c.
1989 284 2055 312 1075

1899 502 2009 523 Dor-retum
2028 503 2055 523 11·-

1125 537 1250 571 litteras
1286 551 1416 583 semper
1440 542 1555 581 firmas,
1582 542 1703 575 validas
1730 548 1761 575 et
1786 533 1945 574 esti-''¹''¹‘'“

1125 602 1215 624 caces
1233 592 1371 626 existere
1392 599 1423 625 et
1440 595 1521 633 fore,
1541 606 1679 637 suosque
1699 595 1862 638 plenarios

1125 649 1156 675 et
1180 644 1324 686 integros
1349 646 1479 679 ‹Jffinfuis
1505 647 1610 679 sortiri
1641 652 1671 679 et
1701 647 1862 685 obtinere,

1126 708 1161 728 ac
1182 697 1219 728 ab
1234 698 1309 737 illis,
1329 699 1366 731 ad
1386 710 1464 742 quos
1483 705 1615 742 spectat,
1632 699 1865 733 inviolabiliter

1127 749 1301 791 observari,
1317 751 1427 794 sicque
1459 759 1489 785 et
1515 764 1578 785 non
1608 753 1702 785 aliter
1719 752 1751 785 111
1770 763 1865 795 prae-

1127 801 1233 835 missis
1260 813 1316 845 per
1341 815 1562 847 quoscumque
1588 804 1712 837 iudices
1734 805 1866 837 ordina-

1125 855 1190 887 rios
1209 861 1240 888 et
1256 857 1433 899 delegatos,
1451 858 1547 890 etiam
1565 869 1733 891 causarum
1750 857 1864 901 palatii

1126 909 1295 949 apostolici
1325 910 1495 949 auditores,
1523 922 1559 943 ae
1589 911 1618 943 S.
1644 911 1679 943 R.
1703 911 1737 943 E.
1760 909 1864 943 cardi-

1127 962 1227 1000 nales,
1251 961 1349 993 etiam
1372 962 1411 994 de
1442 964 1541 996 latere
1575 965 1698 1005 legatos
1725 968 1756 996 et
1780 965 1865 1005 Apo-

1127 1013 1261 1046 stolicae
1280 1014 1371 1047 Sedis
1398 1016 1543 1055 nuncios,
1563 1016 1683 1049 aliosve
1701 1016 1866 1058 quoslibet

1128 1077 1327 1110 quacumque
1359 1069 1618 1110 praeeminentia
1643 1075 1673 1102 et
1704 1073 1864 1112 potestate

1128 1119 1300 1162 fungentes
1334 1126 1366 1152 et
1396 1121 1561 1154 funeturos
1577 1148 1584 1161 ,
1613 1122 1740 1155 sublata
1764 1121 1810 1153 eis
1835 1127 1867 1153 et

1128 1183 1241 1206 eorum
1266 1173 1397 1206 cuilibet
1433 1175 1545 1217 quavis
1569 1175 1664 1207 aliter
1700 1174 1867 1207 iudicandi

1128 1231 1159 1259 et
1177 1226 1414 1269 interpretandi
1436 1228 1588 1260 facultate
1614 1233 1644 1260 et
1665 1226 1868 1265 auctoritate,

1128 1279 1266 1312 iudicari
1291 1285 1323 1312 ct
1347 1279 1475 1313 deliniri
1497 1280 1617 1313 debere
1634 1307 1641 1320 ,
1674 1290 1710 1312 ac
1741 1279 1868 1311 irritum

1129 1337 1160 1364 et
1177 1331 1272 1364 inane
1294 1332 1319 1364 si
1336 1342 1426 1365 secus
1451 1343 1549 1376 super
1575 1333 1625 1365 his
1649 1344 1666 1365 a
1691 1342 1867 1375 quoquam,

1129 1385 1240 1427 quavis
1258 1386 1460 1425 auctoritate,
1483 1386 1622 1418 scienter
1646 1386 1696 1418 vel
1716 1385 1870 1428 ignoran-

1129 1443 1198 1477 ter,
1213 1437 1387 1480 contigerit
1410 1438 1574 1482 attentari.

1173 1490 1187 1532 ξ
1211 1489 1242 1522 5.
1264 1489 1333 1522 Non
1354 1490 1559 1523 obstantibus
1577 1490 1867 1523 constitutionibus

1129 1548 1161 1575 et
1181 1543 1440 1575 ordinationibus
1467 1543 1664 1586 apostolicis,
1691 1553 1736 1582 ac,
1762 1547 1868 1585 quate-

1129 1606 1188 1628 nus
1207 1606 1289 1639 opus
1307 1595 1470 1636 sit,dictae
1484 1596 1659 1635 Soeietatis,
1671 1601 1702 1629 et
1712 1596 1784 1629 aliis
1802 1595 1870 1638 qui-

1129 1649 1248 1689 busvis,
1277 1649 1373 1682 etiam
1399 1649 1594 1689 iuramento,
1620 1648 1868 1682 confirmatione

1130 1702 1317 1745 apostolica,
1346 1704 1393 1735 vel
1420 1702 1531 1746 quavis
1557 1701 1708 1735 firmitate
1729 1702 1791 1735 alia
1817 1713 1869 1734 ro-

1129 1755 1261 1795 boratis,
1283 1755 1409 1788 statutis
1428 1761 1459 1789 et
1483 1755 1786 1796 consuetudinibus,
1805 1755 1869 1798 pri-

1130 1808 1255 1851 vilegiis
1280 1809 1570 1852 quoque,indultis
1596 1814 1628 1842 et
1652 1808 1767 1842 litteris
1793 1819 1868 1851 apo-

1130 1862 1252 1895 stolicis
1267 1862 1299 1894 in
1313 1861 1512 1894 contrarium
1525 1862 1777 1905 praemissorum
1792 1872 1868 1904 quo-

1130 1915 1312 1948 modolibet
1335 1915 1518 1955 concessis,
1545 1914 1740 1948 confirmatis
1770 1921 1802 1947 et
1821 1915 1869 1947 111-

1130 1969 1274 2008 novatis;
1309 1968 1427 2011 quibus
1463 1968 1615 2001 omnibus
1647 1973 1679 2000 et
1707 1968 1867 2010 singulis,

1130 2021 1262 2054 illorum
1283 2026 1411 2054 tenores
1436 2021 1662 2063 praesentibus
1688 2031 1746 2064 pro
1771 2022 1868 2063 plene

1130 2080 1161 2107 et
1184 2073 1383 2106 sufficienter
1419 2075 1584 2117 expressis
1609 2079 1641 2106 et
1666 2074 1706 2106 ad
1733 2074 1869 2106 verbum

1129 2126 1261 2159 insertis
1288 2126 1459 2166 habentes,
1483 2126 1548 2159 illis
1573 2127 1653 2160 alias
1679 2127 1711 2158 111
1736 2137 1793 2159 suo
1817 2137 1869 2159 ro-

1128 2181 1207 2213 bore
1233 2180 1467 2222 permansuris,
1487 2180 1525 2211 ad
1550 2180 1807 2223 praemissorum
1825 2180 1870 2212 ef-

1130 2233 1264 2272 fectum,
1292 2232 1352 2264 liae
1377 2232 1445 2265 vice
1471 2232 1658 2273 dumtaxat,
1685 2232 1871 2275 specialiter

1130 2291 1162 2318 et
1182 2295 1336 2328 expresse
1355 2285 1564 2327 derogamus,
1583 2285 1768 2328 ceterisque
1794 2295 1870 2318 con-

1131 2338 1238 2371 trariis
1264 2338 1533 2381 quibuscumque.

1174 2391 1188 2434 §‚
1213 2391 1244 2423 5.
1279 2390 1430 2423 Volumus
1466 2396 1573 2423 autem
1611 2397 1645 2423 ut
1682 2391 1867 2424 earumdem

1130 2442 1350 2486 praesentium
1375 2444 1556 2476 litterarum
1578 2443 1797 2486 transumptis,
1813 2454 1869 2477 seu

1131 2495 1406 2538 exeiiipli5‚etiau1
1424 2495 1600 2539 impressis,
1620 2507 1716 2528 manu
1735 2496 1868 2530 alicuius

1131 2548 1247 2581 notarii
1272 2549 1392 2591 publici
1415 2549 1478 2581 sive
1498 2549 1661 2581 secretarii
1687 2549 1790 2582 diCtae
1810 2549 1868 2582 So-

1131 2601 1256 2634 cietatis
1283 2601 1482 2644 subscriptis,
1501 2606 1533 2634 et
1556 2601 1663 2643 sigillo
1688 2602 1868 2644 praepositi

1108 2657 1110 2699 2
1132 2653 1295 2697 generalis
1318 2653 1464 2687 eiusdem
1484 2653 1652 2687 Societatis
1671 2654 1718 2686 vel
1735 2654 1866 2688 alterius

1947 1503 2063 1527 Dera-,ratio

1877 1530 2041 1550 contrariorum.

1912 2400 2062 2426 'rnmcmupto-

1878 2433 1923 2447 rum
1939 2428 2000 2447 tides.
