2279 3260
175 248 228 275 An.
245 246 274 275 C.
298 244 366 276 1675

368 295 510 330 confessi
536 295 778 330 sanctissimum
806 293 1030 328 Eucharistiae
1060 304 1107 326 sa-

368 354 570 383 cramentum
595 348 812 392 sumpserint,
838 347 1017 392 plenariam
1041 357 1108 380 om-

367 402 456 436 nium
481 407 686 446 peccatorum
711 412 844 435 suorum
871 399 1107 443 indulgentiam

368 459 399 487 et
414 454 640 488 remissionem
658 453 914 487 misericorditer
927 453 958 486 in
973 451 1107 485 Domino

367 507 590 540 concedimus.

415 559 519 603 thue
544 569 656 593 omnes
675 564 706 593 et
725 560 871 602 singulae
889 556 1109 601 indulgentiae

369 612 533 656 praefatae
554 612 722 645 animabus
742 611 1011 651 christifidelium,
1028 619 1109 653 quae

370 665 435 699 Deo
460 665 493 698 in
518 666 676 699 charitate
693 665 886 699 coniunctae
912 665 951 697 ab
966 663 1110 696 hacluce

371 718 594 761 migraverint,
614 729 672 762 per
688 718 819 751 modum
840 716 982 760 suffragii
1008 715 1111 759 appli-

373 772 436 805 cari
462 772 605 815 possint,
632 772 851 814 indulgemus.

237 835 363 865 sangunin-
419 826 433 868 g
451 825 481 858 6.
504 825 542 858 Et
563 825 638 869 quia
664 825 839 868 praecipua
859 822 1111 867 principalisque

177 862 365 910 {iflfffilssssffitssiffi
376 878 564 911 solemnitas
590 876 959 911 archiconfraternitatis
985 880 1017 907 et
1040 885 1113 907 con—

178 920 224 935 eum
247 919 364 940 processu]-

178 947 209 988 {¹1⁰2
220 941 355 992 ²²,ffstfflfssn
376 932 613 965 fraternitatum
649 931 874 974 praefatarum,
901 939 938 962 ex
975 937 1110 961 conces-

179 994 279 1040 {33:23³}
289 993 467 1046 ³d1¹3r⁰11⁵¹⁰n⁰
493 984 568 1018 dicti
594 983 742 1026 Gregorii
762 982 829 1015 XIII
853 979 1113 1025 praedecessoris

179 1052 233 1092 21:33⁰·
277 1046 434 1093 ⁰³,{„„s,j⁰,'p⁰¹'
459 1036 614 1080 quasdam
641 1046 714 1067 suas
739 1034 874 1075 litteras,
892 1043 1030 1077 quarum
1053 1031 1114 1064 ini-

178 1087 235 1120 iam.
275 1088 279 1093 '
328 1088 339 1098 ⁶
356 1083 570 1129 bumAdea,
585 1086 1114 1129 etc.‚diexxnovembrisnanvvl

375 1141 556 1185 expeditas,
583 1145 620 1174 ut
644 1139 814 1180 asseritur,
841 1139 930 1179 facta,
947 1149 1018 1171 cum
1041 1148 1114 1181 pro-

375 1193 520 1227 cessione
546 1192 722 1237 quotannis
748 1192 853 1236 prima
875 1190 1036 1224 dominica
1052 1190 1115 1222 Ad-

374 1252 488 1280 ventus
513 1246 730 1280 communiter
754 1245 914 1278 celebrari
939 1243 1113 1283 consuevit,

376 1299 583 1343 ipsarumque
605 1297 975 1332 archiconfraternitatis
995 1302 1027 1329 et
1045 1306 1116 1329 con-

378 1352 615 1384 fraternitatum
653 1350 869 1384 confratribus
907 1354 939 1382 et
962 1359 1116 1382 consoro-

378 1405 478 1445 ribus,
496 1405 550 1448 qni
575 1404 778 1448 processioni
805 1402 994 1436 huiusmodi
1019 1402 1116 1434 inter-

379 1464 462 1499 sunt,
476 1464 506 1492 et
518 1458 663 1491 iniuncta
674 1457 801 1501 pietatis
816 1467 915 1500 opera
925 1456 1116 1499 adimplent,

379 1512 527 1555 plenaria
543 1511 747 1554 indulgentia
764 1520 918 1544 concessa
942 1509 1115 1552 reperitur:

381 1576 449 1606 nos,
480 1565 655 1608 specialem
682 1564 805 1597 eisdem
839 1562 1056 1597 confratribus
1087 1567 1117 1594 et

381 1619 627 1659 consororibus,
644 1618 760 1661 quibus
774 1617 858 1650 dicta
872 1616 940 1649 dies
958 1615 1118 1649 dominica

381 1672 488 1704 minus
513 1671 683 1704 commoda
717 1680 787 1703 esse
819 1669 957 1710 dicitur,
984 1668 1118 1711 gratiam

382 1726 490 1758 facere
508 1726 668 1765 volentes,
684 1723 923 1757 solemnitatem
942 1733 978 1755 ac
994 1732 1119 1766 proces<

382 1778 507 1811 sionem
534 1784 565 1810 et
589 1777 827 1819 indulgentiam
859 1775 1039 1818 plenariam
1064 1774 1120 1806 hu-

381 1830 521 1864 iusmodi
540 1841 557 1863 a
577 1830 661 1863 dicta
683 1829 789 1873 prima
813 1828 974 1862 dominica
996 1828 1121 1861 Adven-

383 1889 432 1916 tus
460 1883 498 1916 ad
524 1882 721 1916 dominicam
745 1882 881 1926 primam
906 1886 980 1925 post
1004 1881 1121 1914 festum

382 1937 414 1970 S.
442 1936 621 1979 Augustini,
646 1938 771 1968 servata
797 1941 904 1968 tamen
929 1935 962 1967 in
986 1934 1120 1977 reliquis

383 1991 571 2024 earumdem
596 1989 744 2032 Gregorii
765 1989 830 2022 XIII
856 1988 1121 2032 praedecessoris

383 2043 562 2077 litterarum
580 2043 684 2076 forma
708 2048 739 2076 et
757 2042 978 2086 dispositione,
998 2053 1033 2075 ae
1051 2042 1120 2075 sine

383 2097 451 2129 ullo
475 2095 665 2139 specialium
698 2095 903 2129 indultorum
928 2095 1122 2138 apostolico·

384 2159 466 2190 rum,
490 2159 547 2192 per
571 2158 654 2191 quae
679 2148 846 2181 nonnullis
871 2158 908 2181 ex
935 2148 1027 2181 dictis
1052 2158 1122 2180 con-

386 2201 642 2235 fraternitatibus
661 2201 730 2235 dies
747 2201 869 2245 proprii
885 2212 944 2245 pro
966 2201 1121 2235 eiusmodi

386 2255 589 2289 solemnitate
622 2256 817 2289 celebranda
844 2256 998 2299 assignati
1034 2256 1119 2295 sint,

385 2307 595 2350 praeiudicio,
621 2309 811 2342 auctoritate
837 2315 868 2342 et
892 2315 1005 2342 tenore
1030 2318 1124 2352 prae-

386 2360 480 2393 dictis
506 2361 742 2394 transferimus.

430 2414 445 2456 g
471 2413 501 2446 7.
530 2413 748 2447 Decernentes
773 2414 904 2448 easdem
930 2418 1123 2457 praesentes

385 2466 511 2499 litteras
542 2476 670 2510 semper
689 2466 805 2508 firmas,
824 2467 944 2500 validas
962 2472 994 2500 et
1017 2466 1125 2500 effica-

387 2529 440 2552 ces
470 2518 608 2552 existere
633 2524 664 2551 et
687 2519 771 2560 fore,
793 2529 932 2563 suosque
959 2519 1125 2563 plenarios

388 2578 420 2606 et
442 2572 586 2615 integros
617 2571 748 2605 effectus
778 2572 887 2606 sortiri
909 2578 940 2606 et
966 2573 1124 2613 obtinere,

390 2637 425 2661 ac
443 2625 519 2669 illis,
536 2625 575 2660 ad
593 2636 673 2669 quos
698 2631 823 2669 spectat
846 2631 878 2658 et
901 2636 962 2669 pro
980 2630 1124 2671 tempore

203 2450 206 2453 Ι
216 2422 330 2444 Decretum
348 2422 373 2443 ir-

190 2452 264 2472 filans.

1009 243 1152 270 emimus
1173 245 1192 268 x
1215 235 1263 268 νῇ.

1782 230 1846 265 505
1893 239 1987 269 Amo.
2011 240 2076 266 ¹075

1150 292 1419 336 quandocumque
1451 291 1630 334 spectabit,
1664 291 1694 323 in
1731 290 1883 323 omnibus

1150 351 1182 379 et
1199 356 1257 389 per
1270 345 1377 378 omnia
1395 344 1583 388 plenissime
1602 342 1778 385 suffragari,
1797 348 1827 375 et
1846 342 1884 375 ab

1151 397 1196 431 cis
1227 397 1407 442 respective
1438 396 1670 430 inviolabiliter
1700 395 1884 436 observari,

1151 450 1260 494 sictpte
1292 450 1324 484 in
1354 450 1539 494 praemissis
1572 460 1631 493 per
1669 459 1886 493 quoscumque

1132 503 1273 539 ,iudices
1297 503 1481 537 ordinarios
1505 508 1537 536 et
1570 503 1737 545 delegatos
1753 528 1761 542 ,
1792 501 1887 533 etiam

1152 567 1317 590 causarum
1349 556 1460 601 palatii
1495 555 1666 600 apostoli‹·i
1696 554 1887 594 auditores,

1152 609 1287 643 iudicari
1313 615 1344 642 et
1368 608 1493 643 definiri
1523 609 1661 648 debere,
1695 618 1730 640 ac
1764 606 1888 638 irritum

1153 667 1185 696 et
1209 662 1305 695 inane
1325 662 1351 695 si
1376 672 1466 695 secus
1491 672 1587 706 super
1608 660 1659 694 bis
1679 671 1695 693 a
1715 669 1890 703 quoquam,

1153 715 1263 759 quavis
1286 716 1488 756 auctoritate,
1510 715 1650 748 scienter
1674 714 1723 747 vel
1738 712 1891 756 ignoran-

1154 774 1210 809 ter,
1226 768 1401 811 contigerit
1415 768 1579 801 attentari.

1198 822 1212 865 ξ
1235 821 1266 855 8.
1294 822 1362 854 Non
1388 821 1605 861 obstantibus,
1631 826 1791 864 quatenus
1810 828 1891 863 opus
1902 830 2012 852 omanus
2026 831 2085 851 mna.

1155 875 1202 916 sit,
1222 878 1334 908 nostra
1351 881 1382 908 et
1397 874 1614 908 Canc‘ellariac
1631 873 1833 917 Apostolicae
1848 883 1893 905 re-

1156 929 1228 970 gula
1246 929 1285 961 de
1298 939 1363 961 non
1385 927 1603 961 concedendis
1618 926 1831 969 indulgentiis
1853 925 1892 958 ad

1157 981 1276 1022 instar,
1304 981 1440 1025 aliisque
1475 981 1762 1014 constitutionilnis
1788 985 1819 1013 et
1843 990 1895 1012 or-

1157 1033 1376 1067 dinationibus
1403 1034 1600 1077 apostolicis,
1617 1032 1801 1076 ceterisque
1819 1043 1896 1065 con-

1157 1086 1264 1119 trariis
1289 1087 1560 1130 quibuscumque.

1200 1140 1214 1183 ἓ
1247 1139 1277 1173 9.
1317 1140 1468 1173 Volumus
1502 1145 1609 1172 autem
1639 1144 1674 1171 ut
1705 1139 1893 1172 earumdem

1156 1192 1378 1236 praesentium
1397 1193 1577 1226 litterarum
1595 1190 1817 1235 transumptis,
1836 1201 1893 1223 seu

1158 1246 1322 1289 exemplis,
1350 1245 1445 1279 etiam
1472 1245 1654 1289 impressis,
1677 1255 1773 1277 manu
1799 1243 1896 1276 alicu-

1158 1298 1207 1332 ius
1233 1299 1350 1332 notarii
1376 1298 1495 1343 publici
1521 1297 1720 1341 subscriptis,
1738 1302 1770 1330 et
1787 1297 1896 1340 sigillo

1159 1352 1291 1385 alicuius
1315 1363 1477 1396 personae
1503 1352 1535 1384 in
1562 1352 1719 1394 dignitate
1745 1350 1898 1384 ecclesia-

1158 1406 1237 1438 stica
1254 1406 1446 1438 constitutae
1472 1404 1616 1445 munitis,
1635 1404 1747 1437 eadem
1766 1413 1897 1446 prorsus

1159 1458 1236 1491 fides
1253 1458 1286 1490 in
1303 1458 1425 1491 iudicio
1444 1464 1475 1491 et
1489 1463 1577 1491 extra
1597 1457 1802 1496 adhibeatur,
1815 1466 1896 1499 quae

1158 1511 1386 1554 pmesentibus
1410 1511 1490 1554 ipsis
1514 1511 1725 1544 adhiberetur
1742 1510 1766 1542 si
1794 1510 1898 1542 forent

1160 1564 1323 1598 exhibitae
1349 1566 1398 1598 vel
1422 1570 1584 1597 ostensae.

1203 1618 1317 1650 Datum
1342 1618 1479 1658 Romae,
1506 1618 1589 1661 apud
1620 1616 1652 1650 S.
1678 1616 1808 1649 Mariam
1836 1615 1899 1648 Ma-

1161 1671 1278 1711 iorem,
1309 1671 1369 1704 sub
1395 1672 1515 1704 annulo
1540 1670 1712 1703 piscatoris
1737 1669 1788 1702 die
1814 1679 1898 1702 xxvn

1161 1725 1266 1758 martii
1291 1734 1446 1765 MDCLxxv,
1471 1723 1681 1767 pontificatus
1711 1722 1817 1756 nostri
1845 1731 1900 1754 ann

1162 1789 1204 1811 no
1224 1789 1255 1812 v.

1950 1147 2012 1167 Fidus
2034 1149 2088 1168 tran·

1903 1177 2039 1200 sumptorum.

1557 1821 1580 1853 1.
1609 1820 1644 1854 G.
1667 1820 1808 1853 SLusius.

1199 1883 1256 1910 Dat.
1274 1883 1317 1910 die
1334 1883 1366 1910 27
1387 1882 1474 1910 martii
1496 1882 1573 1915 1675,
1591 1881 1690 1917 pontif.
1714 1889 1784 1907 anno
1806 1888 1830 1906 v.

1197 1946 1362 1980 Reyz'straca
1382 1945 1413 1972 in
1434 1944 1600 1972 Secrelaria
1620 1943 1775 1977 Brevium,
1796 1942 1826 1969 in
1849 1941 1898 1968 lib,

1162 1990 1266 2017 mensis
1285 1989 1361 2017 maii
1374 1991 1393 2023 ⁴,
1411 1991 1490 2024 part.
1507 1995 1537 2021 11,
1556 1988 1608 2022 fol.
1628 1987 1690 2014 250.

1454 2122 1610 2156 CLXXXI.

1166 2195 1375 2237 Confirmatio
1400 2199 1427 2227 ct
1452 2194 1619 2227 innovatio
1649 2192 1900 2236 prt'vileyiorum

1205 2259 1264 2292 per
1282 2248 1407 2281 Iulium
1425 2248 1492 2288 III,
1512 2247 1704 2290 erorfflm
1721 2246 1819 2286 XIII,
1838 2245 1902 2279 Cle-

1208 2306 1344 2334 mentem
1374 2301 1467 2340 VIII,
1488 2300 1682 2343 Gregyorium
1698 2298 1760 2332 ΧΥ
1783 2302 1811 2331 et
1836 2298 1902 2332 Cle-

1208 2359 1347 2388 mentem
1382 2354 1432 2387 IX
1471 2353 1603 2396 colleqio
1648 2352 1838 2386 Germanic-0
1873 2354 1901 2383 et

1209 2409 1399 2452 Hunyarico
1416 2407 1454 2440 de
1476 2407 1557 2440 Urbe
1576 2415 1802 2444 concessorum,
1827 2414 1900 2436 cum

1207 2461 1430 2507 prohibitione
1471 2460 1615 2505 episcopo
1656 2458 1820 2491 Laude-nsi
1861 2467 1900 2489 ne

1210 2518 1247 2550 in
1278 2515 1407 2549 ecclesia
1436 2512 1624 2558 parochiali
1647 2516 1674 2544 et
1708 2509 1901 2543 monasterio

1210 2570 1241 2604 S.
1273 2570 1365 2603 Petri
1389 2567 1611 2601 Laudiveteris
1633 2564 1766 2599 Ordinis
1797 2562 1902 2596 sancti

1206 2636 1215 2662 1
1239 2633 1338 2662 Forsan
1359 2631 1503 2668 legendum
1523 2631 1622 2659 marcii
1641 2630 1679 2665 (n.
1703 2628 1751 2665 T.).
