2279 3260
197 249 250 286 Αἠ,
267 259 296 285 c.
313 259 382 286 1⁶74

216 927 218 929 ‚
231 900 340 920 nannum
360 899 387 918 it·-

203 930 276 946 rimus.

425 251 490 285 510

390 309 456 342 sive
488 309 566 342 alias
604 308 872 352 quomodolibet,
906 307 936 339 in
967 305 1126 338 similibus

392 359 489 392 etiam
515 360 554 393 de
580 359 775 393 necessitate
793 357 1079 393 observandarum,
1097 358 1127 385 et

391 412 472 445 alios
497 412 677 456 quoslibet,
705 411 800 443 etiam
834 407 1037 453 quantumvis
1060 416 1127 438 ma-

392 476 473 506 gnos
497 470 530 497 et
553 465 782 498 substantiales
817 473 853 495 ae
880 461 1070 502 ineogitatos
1096 462 1128 490 et

395 518 660 561 inexcogitabiles
685 517 838 552 detectus,
858 515 884 546 si
910 513 962 556 qui
990 513 1019 544 in
1038 521 1129 554 prae-

394 571 500 603 missis
519 571 566 603 vel
586 580 695 603 eorum
713 567 830 610 aliquo¹
846 564 1067 609 principaliter
1080 564 1127 595 vel

395 623 572 656 accessorie
591 628 643 655 aut
661 622 737 654 alias
764 618 1004 663 quomodolibet
1033 617 1130 648 inter-

395 676 553 715 venerint,
578 685 632 707 seu
658 672 867 706 intervenisse
894 670 975 709 diri,
1002 667 1129 701 censeri
1150 672 1152 682 ¹

396 729 445 761 vel
463 727 630 771 praetendi
656 730 797 769 possent,
816 723 1003 767 plenissime
1022 727 1053 753 et
1071 731 1131 753 am-

396 781 538 823 plissime
563 780 749 822 supplemus
775 784 803 809 et
830 785 988 813 sanamus,
1014 784 1048 806 ae
1076 783 1131 816 pe-

396 834 482 865 nitus
507 838 538 865 et
563 831 695 864 omnino
720 830 864 862 tollimus
891 834 921 861 et
946 828 1128 859 abolenms.

440 887 454 928 ξ
480 885 510 917 5.
538 885 754 917 Decernentes
786 882 917 915 easdem
944 885 1132 923 praesentes

398 939 532 976 litteras,
547 948 583 969 ae
607 936 860 978 chirographum
882 932 1130 976 praeinsertum‚

397 997 427 1023 et
453 991 485 1023 in
511 991 557 1023 eis
584 993 734 1022 contenta
759 996 981 1030 quaecumque
998 1012 1005 1024 ,
1035 984 1130 1017 etiam

398 1055 433 1076 ex
452 1054 490 1076 eo
509 1043 594 1085 quod
614 1051 773 1084 personae
792 1039 958 1082 quaelibet
981 1037 1133 1078 collegio-

399 1107 466 1128 rum
481 1095 699 1139 praefatorum
719 1092 907 1135 respective,
926 1091 1059 1133 ipsaque
1074 1090 1133 1122 eol-

400 1149 494 1191 legia,
515 1159 549 1180 ac
567 1147 674 1180 dilecti
693 1146 788 1178 etiam
810 1144 864 1177 silii
891 1148 1134 1176 conservatores

399 1211 544 1234 camerae
558 1199 651 1232 Urbis
665 1198 841 1242 praefatae,
854 1202 885 1229 et
899 1200 1088 1239 procurator
1105 1193 1134 1224 fi-

400 1255 492 1287 satis
506 1253 612 1286 euriae
628 1252 828 1295 capitolinae,
845 1249 1009 1292 ceterique
1028 1248 1135 1280 Came-

400 1318 453 1339 rae
469 1313 496 1339 et
514 1306 605 1339 Urbis
623 1316 659 1337 ae
677 1304 789 1337 Curiae
808 1300 994 1335 huiusmodi
1017 1299 1136 1333 officia-

400 1361 446 1392 l1·s
472 1364 498 1391 et
518 1357 667 1395 ministri,
692 1366 727 1387 ae
745 1355 937 1398 quicumque
953 1353 1017 1391 alii,
1040 1352 1134 1384 etiam

400 1411 537 1443 cuiusvis
561 1415 673 1448 status,
702 1408 830 1451 gradus,
857 1405 994 1444 ordinis,
1020 1414 1135 1447 praee-

400 1463 575 1496 minentiae
602 1467 634 1494 et
658 1460 836 1503 dignitatis,
856 1469 911 1491 seu
939 1458 1016 1490 alias
1034 1456 1136 1499 speei-

400 1517 458 1548 tiea
485 1521 517 1548 et
552 1514 713 1546 individua
746 1512 910 1545 mentione
940 1516 971 1542 ct
999 1519 1132 1552 expres-

401 1570 492 1601 sione
526 1567 628 1610 digni,
647 1567 680 1598 in
706 1564 891 1608 praemissis
917 1565 964 1596 ius
989 1564 1038 1595 vel
1056 1563 1136 1594 inte-

401 1633 486 1654 resse
503 1621 670 1659 habentes,
686 1630 742 1651 seu
758 1619 879 1651 babere
891 1616 1134 1660 quomodolibet

401 1674 676 1717 [traetendeuteQ
708 1672 772 1704 illis
808 1681 874 1703 non
899 1668 1135 1705 consenserint,

401 1739 461 1760 nee
486 1727 523 1760 ad
550 1737 586 1759 ea
611 1726 723 1765 vocati,
743 1725 830 1757 citati
849 1730 881 1757 et
900 1723 1010 1761 auditi,
1030 1732 1135 1765 neque

401 1792 530 1819 causae,
553 1785 690 1823 propter
707 1789 787 1821 quas
805 1782 994 1820 praesentes
1013 1785 1137 1808 emana-

401 1834 475 1871 rint,
492 1832 687 1864 sufficienter
714 1831 882 1869 adductae,
901 1828 1081 1861 verificatae
1107 1833 1137 1859 et

403 1886 590 1918 iustificatae
618 1884 747 1923 suerint,
764 1889 818 1915 aut
836 1893 873 1915 ex
900 1882 960 1915 alia
985 1891 1138 1924 quacum-

404 1950 466 1982 que
490 1939 584 1971 etiam
603 1936 808 1980 (piantumvis
827 1935 918 1973 iusta,
937 1935 1082 1973 uindice,
1098 1934 1138 1966 le-

404 1991 513 2033 gitima
529 1997 560 2022 et
581 1989 780 2033 privilegiata
794 1991 900 2026 eausa,
915 1988 1034 2026 colore,
1047 1997 1138 2029 prae-

405 2049 492 2076 twtu
518 2048 549 2075 et
573 2043 689 2085 capite,
721 2041 814 2073 etiam
840 2041 872 2072 in
899 2050 1035 2082 corpore
1060 2039 1138 2071 iuris

405 2097 524 2133 clauso,
543 2096 638 2127 etiam
665 2093 815 2132 enormis,
837 2092 1083 2125 enormissimae
1109 2097 1140 2124 et

405 2149 511 2181 totalis
538 2147 700 2185 laesionis,
725 2147 814 2178 nullo
834 2156 972 2188 unquam
991 2151 1138 2188 tempore

406 2202 446 2234 de
464 2199 684 2243 subreptionis
703 2200 752 2231 vel
774 2199 975 2241 obreptionis
1001 2203 1055 2230 aut
1070 2198 1141 2230 nul-

406 2254 504 2288 litatis
526 2253 611 2289 vitio,
637 2263 694 2285 seu
719 2251 906 2284 intentionis
935 2256 1063 2284 nostrae
1088 2256 1141 2283 aut

407 2308 565 2340 interesse
598 2305 786 2338 habentium
819 2315 1011 2344 consensus,
1039 2304 1140 2337 aliove

408 2360 548 2403 quolibet
569 2360 662 2391 etiam
681 2358 882 2401 quantumvis
900 2368 1015 2399 magno
1033 2363 1064 2390 et
1082 2358 1142 2390 sor-

409 2414 482 2446 mali
509 2423 544 2445 ae
569 2412 771 2444 substantiali
797 2411 932 2450 det'eetu,
953 2411 1046 2443 etiam
1071 2421 1143 2454 spe-

409 2467 530 2500 cificam
550 2471 580 2498 et
598 2464 792 2497 individuam
816 2463 1013 2496 mentionem
1040 2468 1072 2495 et
1091 2474 1143 2496 ex-

410 2519 607 2564 pressionem
619 2516 937 2560 requirente‚n0tari,
949 2516 1142 2559 impugnari,

411 2571 599 2609 invalidari,
629 2570 781 2611 infringi,
809 2569 985 2607 retraetari,
1012 2569 1041 2600 in
1068 2580 1143 2601 eon-

447 2635 456 2660 1
475 2633 539 2660 Male
556 2633 611 2658 edit
638 2631 714 2657 ndu.
735 2631 794 2666 tegit
813 2630 907 2665 aliqui
922 2631 958 2665 (R.
971 2631 1018 2664 Τ.).

972 256 1151 283 nttLtAntUtvt
1174 255 1326 280 namnum

1168 303 1351 336 troversiam
1380 303 1499 342 vocari,
1517 307 1570 335 aut
1586 302 1624 335 ad
1650 301 1804 334 terminos
1822 297 1902 331 iuris

1168 355 1292 395 reduci,
1308 365 1362 388 seu
1382 356 1534 388 adversus
1556 355 1627 388 illas
1647 354 1696 386 vel
1722 352 1801 385 illud
1827 361 1903 394 ape-

1169 408 1294 440 ritionis
1320 407 1396 446 oris,
1425 407 1637 440 restitutionis
1661 407 1693 439 in
1719 406 1901 447 integrum,

1170 460 1297 492 aliudve
1318 460 1546 502 quodcumque
1571 459 1657 496 iuris,
1682 457 1753 490 faeti
1772 457 1818 489 vel
1834 466 1905 499 gra-

1171 512 1231 544 tiae
1257 512 1436 545 remedium
1463 512 1611 544 intentari
1645 512 1693 544 vel
1718 508 1902 552 impetrari,

1171 567 1219 599 vel
1235 567 1418 608 impetrato,
1436 576 1491 598 seu
1507 566 1600 598 etiam
1615 570 1711 603 motu,
1726 563 1860 597 scientia
1874 567 1907 595 et

1172 619 1340 662 potestatis
1367 618 1567 661 plenitudine
1593 618 1726 660 paribus
1751 625 1906 649 concesso

1173 674 1220 705 vel
1246 677 1413 710 caumate,
1441 671 1625 714 quempiam
1651 670 1683 702 in
1705 669 1823 702 iudicio
1857 668 1906 701 vel

1173 731 1264 757 extra
1290 724 1369 757 illud
1396 723 1440 756 uti
1459 734 1514 756 seu
1536 733 1567 755 se
1584 723 1692 755 iuvare
1717 723 1785 755 ullo
1810 721 1907 753 modo

1174 787 1279 819 posse,
1298 777 1354 808 sed
1381 776 1465 819 ipsas
1483 780 1669 818 praesentes
1691 784 1727 805 ae
1744 773 1910 815 chirogra-

1175 829 1274 872 plmm
1306 828 1565 871 praeinsertum,
1594 827 1767 869 omniaque
1792 829 1823 857 et
1846 824 1911 857 sin-

1175 884 1247 924 gula
1262 882 1293 914 in
1309 881 1354 913 eis
1368 885 1530 919 contenta,
1550 889 1679 922 semper
1693 879 1791 915 firma,
1807 877 1911 910 valida

1175 940 1205 967 et
1226 933 1367 967 efficacia
1385 933 1523 965 existere
1542 937 1573 964 et.
1592 932 1668 969 sore,
1688 940 1828 973 suosque
1845 930 1912 972 ple-

1157 987 1284 1024 ,narios
1309 992 1341 1019 et
1367 987 1510 1027 integros
1532 984 1664 1017 ell'ectus
1689 983 1797 1015 sortiri
1813 988 1844 1014 et
1860 982 1913 1014 ob-

1177 1040 1293 1079 tinere,
1320 1050 1354 1072 ac
1380 1039 1454 1077 illis,
1476 1039 1514 1070 ad
1541 1048 1621 1080 quos
1648 1041 1773 1080 spectat
1798 1041 1829 1067 et
1853 1045 1912 1078 pro

1178 1098 1322 1135 tempore
1354 1091 1525 1134 spectabit,
1552 1091 1583 1122 in
1610 1090 1759 1122 omnibus
1794 1094 1826 1121 et
1856 1098 1914 1131 per

1177 1145 1284 1177 omnia
1308 1143 1495 1187 plenissime
1521 1141 1707 1184 suth-agari,
1737 1146 1768 1174 et
1798 1141 1837 1173 ab
1867 1140 1913 1172 eis

1179 1197 1359 1240 respective
1395 1195 1626 1228 inviolabiliter
1661 1200 1692 1226 et
1725 1194 1913 1226 inconcusse

1177 1249 1338 1282 observari
1359 1254 1390 1280 et
1415 1247 1604 1290 adimpleri,
1909 1235 1913 1238 ²

1221 1303 1236 1345 g
1260 1303 1292 1333 (ἰ.
1319 1301 1435 1344 Sieque
1464 1305 1495 1332 et
1521 1309 1584 1332 uon
1610 1299 1702 1332 aliter
1729 1308 1788 1341 per
1819 1308 1915 1341 quos-

1177 1365 1311 1397 cumque
1331 1353 1453 1385 iudices
1474 1351 1658 1384 ordinarios
1681 1356 1713 1383 et
1737 1351 1914 1392 delegatos,

1178 1408 1272 1439 etiam
1298 1416 1465 1438 causarum
1485 1404 1595 1448 palatii
1620 1403 1789 1447 apostolici
1815 1409 1847 1436 et
1866 1414 1917 1435 eu-

1180 1460 1243 1492 riae
1261 1458 1411 1491 Camerae
1439 1457 1643 1500 Apostolicae
1671 1457 1842 1498 generales
1863 1467 1917 1488 au-

1179 1513 1310 1550 ditores,
1330 1516 1360 1543 et
1378 1511 1522 1543 eiusdem
1541 1510 1571 1541 S.
1589 1510 1625 1542 R.
1645 1509 1679 1541 E.
1693 1509 1915 1547 camerarium,

1180 1571 1210 1598 ct
1228 1565 1309 1597 alios
1327 1564 1516 1601 cardinales,
1536 1562 1629 1594 etiam
1649 1562 1688 1594 de
1710 1563 1808 1594 latere
1830 1562 1918 1604 lega-

1181 1624 1247 1657 tos,
1274 1626 1402 1649 necnon
1428 1615 1578 1648 Camerae
1605 1614 1769 1658 praefatae
1794 1613 1918 1657 praesi—

1180 1671 1304 1708 dentes,
1321 1668 1468 1706 elerieos,
1486 1667 1580 1699 Urbis
1607 1672 1801 1705 senatorem,
1820 1666 1917 1698 alios-

1181 1733 1241 1766 que
1267 1722 1459 1755 eorumdem
1492 1720 1586 1752 Urbis
1612 1725 1644 1752 et
1668 1719 1821 1752 Gamerae
1847 1718 1917 1751 offi—

1180 1776 1276 1809 ciales
1301 1780 1332 1807 et
1359 1773 1532 1811 ministros,
1558 1778 1725 1805 ceteresve
1755 1771 1918 1814 quoslibet

1180 1837 1381 1872 quacumque
1416 1826 1671 1870 praeeminentia
1704 1830 1735 1857 et
1759 1829 1918 1868 potestate

1182 1883 1351 1924 fungentes
1385 1885 1416 1913 et
1441 1880 1606 1911 iuncturos
1625 1905 1632 1917 ,
1660 1878 1782 1910 sublata
1810 1877 1857 1909 eis
1888 1881 1919 1908 et

1181 1944 1292 1967 eorum
1321 1932 1455 1965 cuilibet
1485 1931 1595 1974 quavis
1627 1930 1721 1962 aliter
1753 1929 1917 1962 iudicandi

1181 1992 1213 2019 et
1230 1984 1463 2028 interpretandi
1483 1987 1644 2026 potestate
1663 1987 1694 2014 et
1717 1981 1918 2019 auctoritate,

1182 2039 1316 2072 iudicari
1349 2043 1380 2069 et
1405 2036 1530 2069 definiri
1556 2036 1675 2068 debere
1692 2061 1699 2073 ‚
1727 2045 1762 2067 ae
1788 2034 1915 2066 irritum

1182 2098 1214 2125 et
1239 2093 1333 2124 inane
1358 2090 1383 2123 si
1408 2099 1500 2122 secus
1522 2098 1619 2131 super
1636 2088 1687 2119 his
1705 2098 1722 2119 a
1740 2097 1915 2129 quoquam,

1182 2145 1291 2189 quavis
1313 2143 1510 2181 auctoritate,
1527 2142 1668 2174 scienter
1690 2142 1738 2173 vel
1769 2141 1919 2182 ignoran-

1183 2204 1241 2237 ter,
1261 2195 1434 2238 eontigerit
1458 2194 1620 2227 attentari.

1910 248 1959 276 An.
1977 248 2005 275 G.
2024 248 2093 275 167AE

1952 1307 2051 1328 Clausala
2063 1307 2109 1328 snb·

1926 1335 1976 1355 lata.

1227 2250 1241 2292 g
1260 2249 1291 2281 7.
1309 2247 1379 2281 Non
1397 2246 1600 2280 obstantibus
1614 2246 1777 2288 praefatae
1800 2251 1831 2278 et
1844 2246 1917 2278 alia·
1952 2256 2112 2278 Contrariisde-

1185 2314 1252 2335 rum
1278 2300 1460 2345 quorumvis
1483 2299 1589 2332 litium
1614 2299 1802 2342 pendentia,
1831 2299 1918 2332 aliis-

1185 2366 1247 2399 que
1272 2353 1479 2398 praemissis,
1506 2364 1541 2385 ae
1566 2354 1675 2385 nostra
1700 2357 1731 2385 et
1757 2352 1919 2385 (lancella-

1185 2410 1249 2442 riae
1276 2407 1480 2450 Apostolicae
1498 2407 1607 2448 regula
1628 2406 1666 2438 de
1687 2405 1754 2437 iure
1775 2406 1920 2448 quaesito

1185 2472 1249 2494 non
1275 2461 1432 2499 tollendo,
1462 2470 1497 2491 ae
1529 2459 1721 2492 recolendae
1746 2459 1920 2492 memoriae

1187 2515 1231 2547 Pii
1256 2515 1361 2557 Papae
1379 2513 1415 2545 IV
1435 2512 1694 2555 praedecessoris
1720 2513 1842 2555 pariter
1866 2523 1922 2545 no-

1186 2568 1242 2600 stri
1276 2568 1314 2599 de
1346 2567 1457 2609 gratiis
1490 2566 1728 2608 qualecumque
1766 2566 1921 2599 interesse

1188 2621 1288 2653 dictae
1307 2621 1459 2653 Gamerae
1477 2620 1681 2663 Apostolieae
1698 2619 1921 2651 concernenti-

1932 2602 1945 2610 v

1927 2290 1963 2309 rog

1965 2286 1994 2304 at.
