2279 3260
221 239 261 264 Λιι
290 239 316 262 r..
338 238 402 263 11173
448 228 512 261 flst'i

248 617 358 636 Decretum
374 617 401 637 it*-

219 646 291 663 l'ttans.

245 1088 286 1108 Nnc
298 1089 359 1108 alus-r
370 1094 401 1107 iu·

219 1115 289 1134 dunis«
339 1120 401 1139 posse

218 1142 322 1161 dut-erint.

286 1456 401 1475 contrarius

998 237 1076 261 nt'LL
1085 236 1175 259 mutin
1200 236 1263 259 non
1272 235 1350 259 lNl'M

414 286 492 318 scu-ri
519 286 649 319 Concilii
676 287 867 326 Tridentini,
897 285 1146 329 apostolicarum
1167 283 1170 302 ¹
1190 283 1341 315 t'ebrnarii
1372 293 1550 322 unetxxn,
1584 281 1791 325 pontificatus
1822 280 1923 313 nostri

412 339 697 380 constitutionuni,
724 345 755 371 01.
778 338 904 371 Ordinis
930 336 1096 380 praedicti,
1114 346 1147 367 o-

412 391 525 423 mniuo
557 396 692 434 pareant
720 397 814 434 atque
841 390 1013 428 obediant,
1036 393 1067 420 et
1095 388 1148 419 ad-

412 454 521 475 versus
560 454 676 486 parere
715 448 900 475 recusantes
935 445 1032 484 prout
1067 439 1146 471 iuris

413 496 507 529 suerit
532 496 750 535 animadverti,
770 495 851 527 dicta
872 493 1073 533 anctoritate,
1091 493 1148 524 ha-

412 560 482 582 rnm
508 550 600 589 serie,
627 549 854 593 praecipimus.

456 603 470 645 ἓ
494 603 524 635 [ιι.
554 604 769 635 Decernentvs
795 601 925 633 casdem
958 602 1146 642 praesentes

412 655 534 687 litteras
560 664 688 697 semper
712 653 832 691 firmas,
854 651 976 684 validas
996 656 1027 683 et
1044 650 1147 682 effica-

411 719 462 740 ces
491 708 625 739 existere
655 711 687 737 et
713 706 791 744 sore,
817 715 956 746 suosque
981 703 1145 745 plenarios

411 766 443 793 et
466 760 611 801 integros
636 758 767 791 etl'ectns
792 757 901 790 sortiri
928 762 959 789 et
982 756 1143 794 obtinere,

407 823 446 844 ac
470 812 508 844 ab
534 812 606 851 illis,
625 811 663 843 ad
690 821 770 853 quos
796 814 921 852 spectat
938 814 969 841 et
986 819 1044 851 pro
1069 813 1146 840 10111-

410 876 487 908 pore
513 865 785 907 (piandocuniqne
803 862 975 905 spectabit,
995 862 1026 893 in
1045 860 1146 893 omni-

411 920 469 950 hus
489 923 521 950 et
538 928 595 960 per
613 916 720 949 omnia
744 915 931 959 plenissime
961 913 1145 955 suffragari,

411 972 521 1014 sicque
548 969 613 1002 ius¹
642 969 819 1012 respective
838 967 1069 1001 inviolabiliter
1089 967 1146 999 ol]-

411 1023 544 1063 servari,

456 1077 470 1119 ς’
495 1076 525 1108 5.
553 1075 670 1118 Sicqne
696 1074 728 1106 in
753 1073 937 1117 praemissis
968 1083 1026 1116 per
1051 1082 1145 1115 qnos-

412 1139 547 1171 cnniqne
573 1127 696 1160 indices
721 1127 902 1159 ordinarios
919 1131 951 1158 et
968 1126 1144 1167 delegatos,

413 1182 507 1214 etiam
536 1192 704 1213 cansarum
729 1180 836 1223 palatii
864 1178 1033 1222 apostolici
1058 1178 1146 1210 andi-

411 1241 514 1273 tores,
533 1233 667 1266 indicari
686 1239 716 1265 et
738 1233 863 1265 definiri
889 1233 1026 1271 debere,
1044 1241 1079 1263 ac
1106 1230 1147 1262 ir-

410 1288 505 1319 ritnn]
532 1292 563 1319 et
586 1287 681 1318 inane
699 1286 723 1317 si
742 1297 832 1318 set-,ns
850 1296 947 1328 snper
966 1285 1015 1316 bis
1036 1295 1053 1316 a
1070 1294 1146 1326 qno-

411 1351 516 1382 qruun,
550 1338 661 1381 qnaris
694 1337 901 1377 auctoritate,
935 1337 1074 1368 scienter
1098 1336 1145 1368 vel

411 1393 614 1434 ignoranter,
642 1391 815 1432 contigerit
840 1389 1001 1423 attentari.

456 1446 470 1487 ξ
494 1445 525 1476 (5.
553 1444 621 1476 Non
648 1444 850 1477 obst-'intiluis
881 1442 1083 1486 praemissis,
1111 1452 1146 1473 ae

412 1497 698 1530 constitutionibus
732 1502 761 1528 et
787 1496 1045 1529 ortlimuiouitms·
1071 1505 1147 1537 apo-

411 1550 542 1589 stolicis,
571 1560 707 1589 necnon,
728 1554 882 1592 qnatenus
904 1560 985 1591 opus
1003 1548 1054 1587 sit,
1074 1558 1147 1590 pro-

410 1602 533 1635 vinciae
560 1607 591 1634 ct
627 1607 804 1634 conventus
840 1611 875 1632 ac
899 1601 1028 1633 Ordinis
1055 1611 1148 1643 prae·

411 1656 556 1694 satorum,
573 1655 667 1687 etiam
687 1654 880 1693 iuramento,
902 1652 1147 1686 confirmatione

411 1709 600 1751 apostolica,
634 1708 683 1739 vel
713 1706 823 1749 (pravis
849 1706 997 1738 firmitate
1016 1705 1077 1738 alia
1101 1716 1149 1737 ro—

411 1762 543 1801 boratis,
562 1761 688 1793 statutis
708 1766 739 1792 et
764 1759 1071 1796 consuetndiuilms,
1090 1758 1148 1801 pri-

413 1813 537 1855 vilegiis
563 1824 705 1856 quoqne,
726 1812 857 1844 indultis
882 1818 913 1845 et
937 1812 1052 1844 litteris
1072 1822 1149 1854 apo-

412 1867 534 1899 stolicis
548 1866 578 1898 in
595 1865 793 1898 contrarium
811 1865 1061 1908 praemissorum
1075 1874 1150 1907 qno-

413 1919 594 1952 modolibet
619 1919 798 1959 concessis,
825 1918 1021 1950 confirmatis
1047 1923 1078 1950 et
1102 1918 1150 1949 in-

414 1973 561 2012 novatis,
598 1973 714 2015 quibus
747 1972 899 2005 omnihus
933 1977 963 2004 et
988 1972 1147 2014 singulis,

414 2025 543 2058 illorum
570 2031 700 2057 tenores
726 2025 961 2068 praesentibus,
976 2035 1035 2067 pro
1054 2026 1148 2067 plene

414 2084 446 2111 et
474 2068 670 2111 sufficienter
699 2077 862 2120 expressis
897 2083 929 2110 et
953 2078 991 2110 ad
1018 2078 1149 2110 verbum

414 2131 546 2163 insertis
572 2131 745 2169 hahentes,
766 2130 830 2162 illis
855 2130 934 2162 alias
959 2130 990 2162 in
1016 2142 1073 2163 sno
1099 2141 1150 2163 ro-

414 2185 495 2217 bore
516 2182 744 2227 permansuris,
772 2183 809 2214 ad
835 2183 1088 2225 praemissorum
1106 2184 1151 2215 es-

415 2237 548 2278 sectum,
575 2237 634 2268 bac
659 2236 726 2268 vice
758 2236 938 2275 dumtaxat,
964 2237 1151 2279 specialiter

417 2294 448 2322 et
466 2300 615 2332 expresse
641 2289 850 2330 derogamus;
869 2288 1050 2331 ceterisque
1076 2299 1151 2321 con-
1171 2297 1173 2313 ³

418 2342 524 2373 trariis·
545 2342 819 2384 cpiiluismnnqne.

462 2395 572 2426 ilatum
597 2394 738 2433 Romae,
766 2394 849 2436 apud
876 2393 906 2426 S.
936 2394 1064 2427 Mariani
1090 2396 1151 2427 Ma-

416 2449 526 2485 iorem,
549 2448 609 2479 sub
644 2448 763 2479 annulo
789 2447 970 2487 Piscatoris,
1001 2448 1051 2481 die
1088 2460 1151 2482 xvu

456 2530 463 2553 Ι
484 2527 538 2554 Non
558 2527 651 2553 dubito
671 2527 732 2562 quin
755 2536 802 2561 pro
822 2527 916 2561 sicque
937 2527 982 2553 ius
1007 2527 1150 2561 legendum

417 2573 449 2599 sit
470 2576 555 2607 atque
575 2572 609 2598 ab
629 2572 684 2605 eis,
705 2575 823 2598 attamen
844 2571 880 2597 ita
899 2571 963 2605 legit
983 2572 1063 2598 etiam
1086 2572 1149 2599 edit.

417 2617 534 2646 Cherub.
555 2618 592 2651 (R.
609 2617 658 2651 Τ,).

1189 346 1274 367 anno
1297 346 1330 368 11.

1225 396 1283 423 Dat.
1300 396 1343 423 die
1361 397 1390 423 Π
1404 397 1534 424 februarii
1557 396 1634 431 16702,
1655 395 1751 432 pontis.
1771 402 1844 422 anno
1860 400 1888 421 11.

1499 538 1629 573 XCVIII.

1191 618 1389 659 lluutificatm
1405 617 1488 650 servi
1507 618 1564 649 Dei
1583 618 1640 649 Pii
1657 618 1767 659 Papae
1789 618 1820 656 V,
1838 618 1922 649 eius-

1232 682 1290 712 que
1323 671 1439 702 1111131ιο
1473 674 1502 702 et
1533 670 1633 712 officii
1661 670 1756 703 cerlis
1787 670 1822 702 in
1847 669 1922 701 locis

1232 725 1398 755 concessio.

1414 802 1547 828 Clemens
1568 801 1646 834 Papa
1665 801 1699 834 X,

1300 848 1335 874 ad
1356 849 1533 880 perpetuam
1556 845 1601 872 rei
1627 845 1810 872 memoriam.
1831 880 1834 883 Ι

1233 918 1422 960 Unigenitus
1440 916 1494 949 Dei
1514 916 1621 955 Filius,
1641 915 1672 947 in
1691 926 1753 958 quo
1772 920 1845 947 sunt
1861 926 1923 948 om-

1188 984 1244 1005 nes
1271 971 1413 1004 thesauri
1431 970 1608 1013 sapientiae
1627 975 1658 1002 et
1678 969 1832 1001 scientiae
1851 969 1923 1001 abs-

1188 1024 1318 1064 conditi,
1337 1035 1407 1056 cum
1435 1028 1565 1055 sanctos
1586 1027 1680 1065 utque
1698 1022 1819 1054 clectos
1836 1032 1922 1062 suos,

1188 1088 1241 1110 cos
1258 1076 1449 1120 praesertim
1474 1086 1555 1118 qnos
1578 1075 1684 1117 gregis
1706 1075 1753 1107 sui
1774 1079 1921 1117 pastores

1188 1129 1354 1162 constitnit
1378 1128 1556 1160 secundum
1582 1137 1638 1159 001·
1657 1137 1759 1166 suum⁷
1780 1127 1922 1159 creditae

1188 1181 1438 1225 dispensationis
1470 1190 1604 1213 munere
1633 1179 1685 1222 pie
1719 1178 1922 1222 fideliterque

1189 1239 1332 1278 peracto,
1358 1244 1423 1266 non
1449 1234 1554 1265 solnm
1579 1237 1729 1264 aeternae
1754 1231 1924 1263 beatitudi-

1189 1288 1238 1320 nis
1262 1287 1413 1330 praemiis
1441 1287 1537 1318 donat
1563 1285 1595 1317 in
1620 1284 1726 1323 caelis,
1753 1285 1811 1317 sed
1829 1285 1923 1317 etiam

1189 1341 1318 1374 illorum
1351 1339 1556 1372 sanctitatem
1589 1337 1800 1380 sequentibus
1824 1337 1924 1380 signis

1191 1399 1338 1427 testatam
1377 1393 1606 1435 celebremque
1641 1391 1715 1424 facit
1751 1392 1781 1423 in
1808 1390 1923 1431 terris,

1190 1446 1363 1479 humilitati
1390 1451 1531 1485 nostrae,
1551 1456 1647 1488 qnam
1664 1444 1827 1477 Ecclesiae
1849 1455 1925 1477 snae

1189 1504 1327 1539 sanctae,
1343 1500 1430 1531 1111110
1445 1498 1521 1530 licet
1535 1498 1725 1530 meritorum
1739 1502 1924 1529 nostrorum

1189 1551 1351 1595 sntl'rugio,
1374 1551 1553 1595 praeficere
1580 1550 1731 1593 dignatus
1757 1555 1813 1589 est,
1838 1552 1926 1583 lucu-

1191 1606 1276 1637 lenta
1301 1603 1455 1647 proponit
1480 1604 1638 1645 exempla,
1666 1613 1748 1645 qnae
1774 1602 1845 1645 ipso
1872 1603 1927 1634 do-

1191 1662 1286 1690 nante
1305 1662 1399 1700 atqne
1426 1655 1596 1688 adiuvante
1615 1665 1672 1698 pro
1692 1655 1822 1687 modulo
1841 1654 1928 1687 intir-

1191 1709 1310 1741 mitatis
1334 1714 1463 1741 nostrae
1491 1707 1657 1740 humiliter
1674 1707 1765 1750 sequi
1784 1707 1928 1739 connita-

1191 1774 1271 1795 ninr.
1296 1762 1406 1801 Unde,
1433 1772 1504 1793 cuin
1529 1761 1614 1793 inter
1639 1760 1792 1793 dominici
1820 1760 1927 1803 gregis

1191 1821 1339 1858 pastores
1376 1813 1546 1857 apostolici
1579 1812 1640 1845 zeli
1676 1818 1772 1856 atque
1805 1812 1925 1855 vigoris

1192 1868 1294 1911 gloria
1328 1867 1566 1911 pastoralisque
1601 1865 1768 1900 charitatis
1794 1871 1825 1898 et
1849 1865 1926 1907 vigi-

1193 1921 1311 1953 lantiae
1345 1921 1464 1960 lande,
1499 1925 1531 1952 et
1566 1924 1695 1951 sanctae
1733 1918 1925 1951 humilitatis

1192 1974 1391 2016 aliarumque
1422 1972 1565 2005 omnium
1591 1972 1740 2003 virtutum
1774 1972 1897 2014 fulgore
1915 1992 1939 2011 ,·

1192 2026 1281 2069 qnasi
1300 2027 1393 2058 stella
1414 2025 1568 2057 matutina
1593 2024 1625 2056 in
1643 2024 1749 2056 medio
1775 2025 1926 2063 nebulae,

1193 2080 1288 2121 longe
1317 2079 1444 2120 lateque
1470 2076 1712 2120 resplenduerit
1738 2077 1792 2109 [lei
1818 2087 1927 2109 servus

1193 2132 1294 2164 felicis
1318 2130 1554 2163 recordationis
1575 2130 1648 2162 Pius
1676 2129 1761 2172 Papa
1786 2130 1808 2161 V
1832 2140 1928 2172 prae-

1193 2186 1344 2217 decessor
1368 2189 1488 2223 noster,
1520 2183 1673 2215 sacerdos
1698 2193 1844 2225 magnus,
1872 2183 1926 2226 qui

1193 2238 1225 2270 in
1249 2238 1311 2270 vita
1336 2239 1391 2269 sua
1422 2235 1557 2269 suffulsit
1582 2237 1723 2275 domum,
1749 2241 1780 2268 et
1804 2236 1835 2268 in
1862 2235 1928 2269 die-

1193 2292 1252 2323 bus
1277 2290 1342 2323 suis
1367 2289 1588 2322 corroboravit
1614 2291 1787 2332 templum:
1810 2289 1926 2322 merito

1193 2343 1381 2376 adducimur
1400 2347 1435 2374 ut
1465 2342 1550 2375 illius
1568 2343 1726 2375 honorem
1754 2347 1849 2385 atque
1876 2353 1928 2375 ve-

1194 2396 1418 2435 nerationem,
1446 2395 1485 2427 ad
1511 2395 1744 2438 omnipotentis
1774 2395 1829 2428 Dei
1859 2398 1928 2438 glo-

1194 2450 1280 2489 riam,
1298 2448 1462 2481 Ecclesiae
1487 2448 1594 2487 decns,
1621 2448 1865 2491 catholicaeque
1893 2449 1928 2481 ti-

1193 2503 1262 2536 111101
1289 2501 1477 2546 presidium,
1496 2512 1531 2534 ac
1556 2501 1759 2544 spiritualem
1786 2501 1927 2535 fidelium

1193 2554 1471 2594 aedificationem,
1501 2560 1655 2597 quantuni
1683 2554 1775 2587 nobis
1800 2566 1834 2586 ex
1862 2555 1925 2588 alto

1193 2607 1392 2649 conceditur,
1418 2618 1611 2650 promovere
1638 2608 1837 2641 studeamus.

1935 231 1985 258 An.
2002 231 2029 256 C.
2053 232 2117 258 ¹672

1962 923 2084 944 Exordium.
