2279 3260
221 268 271 295 An.
288 265 317 295 c.
340 267 408 295 1670
454 256 518 291 40⁶2

248 546 351 568 indultum
367 545 405 566 Ur·

221 573 272 595 bani
287 573 339 593 vm.

413 316 723 359 praedecessoribus
747 318 866 351 nostris
895 318 1047 361 prudenti
1074 317 1150 349 libe-

415 369 544 401 ralitate
569 380 748 412 concessa,
776 370 920 403 uberiori
952 368 1151 411 benignitate

415 421 621 464 ampliemus,
646 423 725 455 sicut
751 434 862 456 eorum
889 422 1012 456 meritis
1037 431 1152 454 conve-

415 473 485 507 nire
511 475 715 508 arbitramur.

460 528 475 571 §‚
500 527 530 560 1.
558 528 682 560 Dudum
704 528 861 571 siquidem
882 527 983 561 felicis
1003 526 1153 559 recorda-

417 579 512 613 tionis
538 580 685 613 Urbanus
716 581 800 624 Papa
824 581 899 619 vill,
924 580 1153 623 praedecessor

416 638 537 672 noster,
555 638 630 665 tunc
650 639 681 665 et
698 643 757 676 pro
776 638 923 676 tempore
944 631 1154 664 existentibus

415 684 693 718 abbreviatoribus
708 685 887 717 litterarum
903 683 1152 727 apostolicarum

416 737 549 769 maioris
570 737 810 780 praesidentiae
832 737 863 768 in
878 735 1069 769 cancellaria
1082 746 1154 778 apo-

415 790 529 823 stolica
564 795 723 832 perpetuo
757 789 920 821 concessit
956 793 986 821 et
1022 788 1155 820 indulsit

415 847 450 874 ut
473 842 535 885 ipsi
561 847 593 873 et
617 852 728 874 eorum
756 841 872 883 singuli
898 841 1074 884 pensiones
1101 850 1155 872 an-

415 904 496 927 nuas
510 894 690 937 apostolica
708 894 898 926 auctoritate
913 894 959 926 eis
974 903 1072 936 super
1089 892 1155 936 qui·

415 947 523 979 busvis
541 947 695 978 fructibus
713 946 941 979 ecclesiasticis
958 951 1153 985 reservatas,

417 1004 449 1031 et
472 1009 531 1042 pro
557 1003 706 1041 tempore
732 999 956 1039 reservandas,
988 1009 1091 1041 usque
1115 997 1153 1029 ad

416 1062 571 1084 summam
598 1056 725 1083 centum
745 1051 935 1083 ducatorum
957 1050 1025 1083 auri
1047 1050 1085 1083 de
1104 1060 1155 1082 ra-

417 1107 515 1144 mera,
529 1104 566 1136 ad
582 1104 725 1136 savorem
741 1104 837 1136 unius
852 1115 906 1136 seu
927 1103 1068 1146 plurium
1086 1114 1154 1146 per.

417 1167 567 1190 sonarum
592 1156 884 1189 ecclesiasticarum
901 1184 908 1197 ‚
936 1167 991 1189 seu
1018 1156 1156 1189 clerico-

417 1220 496 1249 rum,
515 1219 551 1242 ao
574 1209 652 1242 alias
677 1210 872 1252 pensionum
897 1209 1082 1242 huiusmodi
1106 1220 1156 1242 ea-

417 1262 554 1305 pacium,
577 1263 672 1295 etiam
699 1262 731 1294 in
756 1263 868 1295 mortis
893 1262 1029 1295 articulo
1047 1273 1155 1295 coram

416 1314 543 1347 notario
564 1320 595 1347 et
609 1315 754 1355 testibus,
773 1325 810 1347 ac
828 1325 900 1347 cum
919 1315 1053 1347 alicuius
1070 1326 1156 1358 prae-

418 1367 474 1399 lati
500 1377 558 1399 seu
584 1377 743 1410 personae
772 1367 804 1399 in
823 1367 978 1409 dignitate
1005 1367 1157 1400 ecclesia-

416 1419 495 1451 stica
526 1419 716 1452 constitutae
751 1420 952 1459 interventu,
984 1419 1156 1451 dummodo

417 1476 564 1513 tempore
591 1481 703 1503 eorum
730 1471 838 1504 obitus
863 1472 966 1504 officia
991 1471 1157 1504 abbrevia-

417 1529 523 1556 torum
550 1523 708 1556 dictarum
735 1524 914 1557 litterarum
946 1524 1050 1556 adbuc
1076 1524 1156 1556 obti-

417 1581 541 1616 nerent,
572 1577 768 1616 transferre;
800 1586 925 1609 necnon
950 1577 981 1608 in
1007 1576 1155 1609 oratoriis

417 1639 471 1661 seu
490 1629 644 1672 cappellis
662 1630 694 1662 in
717 1640 826 1662 eorum
855 1630 987 1662 aedibus
1006 1631 1090 1662 bene
1120 1641 1156 1662 ac

417 1682 570 1713 decenter
593 1682 791 1720 constructis,
822 1692 857 1714 ac
883 1683 980 1714 rebus
1005 1682 1154 1714 omnibus

418 1734 456 1767 ad
481 1734 597 1766 missae
623 1734 814 1767 sacrificium
848 1735 1012 1778 requisitis
1037 1735 1156 1767 instru-

418 1787 497 1827 ctis,
524 1792 556 1819 et
585 1787 624 1819 ab
658 1787 806 1819 omnibus
832 1787 1018 1820 domesticis
1043 1788 1154 1820 usibus

417 1839 541 1880 liberis,
559 1840 690 1871 missam
715 1850 773 1882 per
799 1851 832 1872 se
857 1840 944 1882 ipsos
968 1841 1153 1880 celebrare,

419 1902 475 1924 seu
491 1902 548 1934 per
567 1892 664 1924 alium
684 1903 917 1935 quemcumque
932 1893 1155 1936 presbyterum

419 1945 615 1976 saecularem
646 1946 694 1977 vel
720 1945 857 1977 cuiusvis
882 1945 1010 1978 Ordinis
1035 1947 1156 1988 regula-

418 2007 486 2029 rem
504 1997 543 2029 ah
567 1997 737 2030 Ordinario
767 1998 1022 2040 approbandum,
1045 2010 1155 2041 quam-

419 2049 473 2081 diu
491 2055 599 2082 tamen
617 2050 721 2082 ossicia
747 2050 933 2083 huiusmodi
958 2052 1154 2093 obtinerent,

420 2112 483 2134 non
498 2103 681 2135 autemillis
696 2103 845 2143 dimissis,
859 2104 1018 2136 celebrari
1034 2105 1152 2146 facere,

419 2166 557 2196 necnon,
573 2156 709 2189 dimissis
725 2157 836 2190 officiis
856 2158 1050 2198 huiusmodi,
1067 2159 1155 2191 liabi-

420 2214 487 2241 tum
503 2211 722 2252 praelatorum
737 2210 900 2243 Romanae
915 2204 1021 2244 euriae
1037 2213 1154 2245 coloris

419 2263 553 2297 violacei
586 2262 722 2305 perinde
748 2259 782 2295 ac
809 2263 833 2295 si
866 2274 922 2295 sua
953 2265 1155 2298 abbreviato-

419 2326 489 2349 rum
515 2315 620 2348 officia
645 2316 749 2348 adbuc
777 2316 976 2356 retinerent,
1004 2319 1154 2360 quamdiu

419 2369 571 2406 viverent,
586 2369 759 2402 dummodo
775 2374 878 2401 tamen
892 2380 949 2412 per
963 2370 1153 2403 decennium

420 2422 524 2455 officia
551 2422 735 2454 huiusmodi
762 2423 1004 2462 obtinuissent,
1032 2424 1152 2456 etiamsi

421 2475 475 2507 illa
493 2476 601 2518 elapso
627 2475 788 2508 decennio
814 2475 1021 2515 dimisissent,
1041 2483 1073 2508 et
1088 2488 1153 2510 non

420 2528 521 2566 aliter,
548 2527 672 2559 deferre
700 2528 799 2560 libere
826 2533 858 2560 et
882 2528 965 2560 licite
990 2529 1152 2562 valerent:

421 2587 452 2612 et
470 2579 556 2618 alias,
582 2585 678 2622 prout
703 2579 733 2612 in
752 2580 852 2623 ipsius
872 2579 991 2613 Urbani
1019 2583 1154 2623 praede-

421 2633 558 2667 cessoris
572 2633 686 2665 litteris
698 2635 757 2665 sub
770 2634 900 2677 plumbo
915 2634 1055 2677 desuper
1068 2644 1152 2668 auno

995 269 1174 293 nrtimnttutt
1199 267 1350 293 nomNttM

1194 317 1427 350 lucarnationis
1436 317 1622 350 Dominicae
1636 327 1793 358 uncxitin,
1808 326 1866 349 xnl
1880 315 1930 349 ka-

1194 370 1304 404 lendas
1329 369 1438 413 aprilis
1456 370 1614 413 expeditis
1640 369 1770 405 litteris,
1791 379 1929 412 quarum

1194 426 1339 454 tenorem
1364 422 1592 465 praesentibus
1619 433 1678 466 pro
1696 423 1793 465 plene
1820 425 1851 454 et
1867 420 1933 453 sus-

1196 473 1343 506 sicienter
1368 485 1523 517 expresso
1552 485 1588 507 ac
1612 475 1650 508 de
1675 475 1774 507 verbo
1800 474 1839 506 ad
1864 483 1933 506 ver-

1195 526 1271 558 bum
1304 526 1427 559 inserto
1455 527 1569 560 haberi
1597 528 1747 560 volumus
1764 553 1772 567 ,
1800 526 1931 559 uberius

1195 578 1390 611 continetur.

1240 631 1254 673 ἓ
1278 630 1308 663 ᾖ.
1331 631 1421 663 Nunc
1439 636 1544 664 autem
1564 641 1633 671 ηοε,
1651 633 1689 665 ad
1708 632 1873 675 praeclara
1890 630 1932 663 di-

1196 735 1354 768 viatorum
1379 736 1557 768 litterarum
1590 737 1841 779 apostolicarum
1866 745 1932 767 rna-

1197 789 1273 822 ioris
1316 789 1555 832 praesidentiae
1596 788 1777 821 huiusmodi
1817 788 1933 821 merita

1197 848 1351 885 paternae
1384 841 1561 883 dirigentes
1594 841 1861 873 considerationis
1887 841 1935 873 in-

1198 895 1321 934 tuitum,
1343 905 1378 927 ac
1403 894 1543 936 benigne
1569 894 1809 936 perpendentes
1833 904 1936 936 quan-

1199 953 1264 979 tum
1283 957 1319 979 ex
1338 957 1449 979 eorum
1475 947 1614 988 collegio
1642 946 1804 978 Romanae
1826 945 1934 979 curiae

1198 999 1334 1038 decoris,
1357 1004 1578 1042 quantui‘nque
1604 1009 1640 1030 ex
1667 998 1779 1031 sedulo
1804 998 1935 1031 illorum

1199 1052 1308 1083 labore
1323 1051 1485 1083 Ecclesiae
1501 1051 1678 1084 catholicae
1696 1051 1865 1093 proveniat
1879 1050 1935 1082 uti-

1199 1104 1304 1142 litatis,
1331 1113 1449 1146 eosque
1474 1103 1620 1145 proinde,
1650 1114 1686 1135 ae
1712 1102 1842 1135 illorum
1867 1113 1936 1134 suc-

1199 1166 1356 1195 cessores,
1375 1161 1409 1186 ut
1434 1165 1472 1187 eo
1497 1155 1635 1186 alacrius
1661 1154 1766 1194 sidem,
1789 1165 1933 1197 operam,

1199 1207 1392 1241 industriam
1428 1213 1523 1250 atque
1550 1207 1757 1239 sedulitatem
1782 1207 1814 1239 in
1841 1207 1934 1239 liuius

1200 1266 1327 1293 sanctae
1353 1260 1442 1293 Sedis
1467 1260 1658 1303 obsequium
1684 1260 1842 1292 abhibere
1871 1265 1937 1292 stu-

1200 1314 1306 1353 deant,
1323 1313 1492 1356 amplioris
1510 1313 1619 1346 favore
1637 1314 1759 1356 gratiae
1778 1312 1936 1356 prosequi

1199 1368 1364 1407 volentes,
1391 1371 1422 1398 et
1446 1366 1592 1409 ipsorum
1624 1367 1857 1399 modernorum
1882 1366 1937 1399 ab—

1200 1419 1420 1452 breviatorem
1445 1419 1626 1461 singulares
1644 1429 1799 1462 personas
1824 1429 1841 1451 a
1865 1418 1937 1462 qui-

1200 1472 1305 1505 busvis
1328 1472 1689 1513 excommunicationis,
1713 1472 1937 1516 suspensionis

1200 1531 1231 1558 et
1256 1525 1427 1561 interdicti,
1454 1525 1591 1568 aliisque
1617 1525 1843 1558 ecelesiasticis
1864 1535 1937 1557 sen-

1200 1578 1316 1617 tentiis,
1335 1577 1479 1609 censuris
1506 1582 1538 1610 et
1561 1577 1685 1620 poenis,
1703 1588 1720 1611 a
1740 1577 1808 1610 iure
1829 1579 1879 1611 vel
1898 1579 1936 1611 ab

1200 1630 1342 1668 bomine,
1360 1629 1470 1672 quavis
1488 1629 1658 1663 occasione
1675 1631 1723 1663 vel
1743 1633 1837 1663 eausa
1852 1631 1936 1672 latis,

1200 1683 1225 1715 si
1251 1683 1366 1725 quibus
1394 1682 1640 1725 quomodolibet
1675 1683 1849 1716 innodatae
1874 1683 1938 1716 exi-

1199 1741 1295 1774 stunt,
1326 1735 1364 1767 ad
1399 1733 1547 1767 ell'ectum
1572 1735 1789 1778 praesentium
1815 1735 1939 1768 dumta-

1199 1794 1250 1820 xat
1275 1788 1558 1830 consequendum,
1585 1788 1698 1820 barum
1722 1788 1803 1821 serie
1829 1789 1938 1821 ahsol-

1199 1846 1310 1874 ventes
1325 1846 1355 1873 et
1377 1841 1543 1873 absolutas
1564 1840 1632 1873 sore
1651 1847 1833 1881 censentes,
1847 1846 1937 1874 motu

1198 1895 1344 1938 proprio,
1363 1905 1398 1926 ac
1423 1904 1458 1925 ex
1476 1896 1561 1927 certa
1579 1894 1713 1927 scientia
1738 1900 1770 1927 et
1794 1896 1883 1927 mera
1900 1895 1937 1928 li·

1198 1947 1368 1980 beralitate
1386 1946 1513 1986 nostris,
1535 1947 1638 1990 deque
1657 1947 1856 1990 apostolicae
1877 1958 1937 1990 po-

1200 2001 1322 2033 testatis
1341 1999 1557 2043 plenitudine,
1574 2000 1748 2042 praedictis
1770 2001 1936 2034 modernis

1199 2060 1231 2086 et
1255 2064 1312 2097 pro
1338 2059 1486 2096 tempore
1517 2052 1728 2085 existentibus
1754 2053 1937 2086 litterarum

1198 2106 1447 2150 apostolicarum
1488 2105 1766 2139 abbreviatoribus
1805 2106 1936 2140 maioris

1198 2159 1438 2202 praesidentiae
1464 2158 1495 2190 in
1522 2159 1714 2191 cancellaria
1739 2160 1934 2203 supradicta,

1199 2220 1232 2245 ut
1245 2212 1313 2256 ipsi,
1327 2212 1463 2244 dimissis
1474 2212 1733 2246 abbreviatorem
1748 2213 1935 2247 huiusmodi

1198 2265 1319 2305 officiis,
1342 2265 1520 2297 dummodo
1546 2270 1654 2298 tamen
1678 2265 1733 2298 illa
1758 2277 1818 2309 per
1843 2266 1936 2309 quin-

1198 2319 1375 2361 quennium
1401 2318 1585 2350 exercuisse
1611 2329 1667 2350 seu
1688 2319 1865 2351 obtinuisse
1886 2330 1936 2352 re-

1198 2372 1373 2413 periantur,
1397 2370 1545 2402 facultate
1573 2371 1784 2404 transferendi
1805 2372 1934 2414 pensio-

1198 2435 1254 2456 nes
1275 2434 1397 2456 annuas
1424 2434 1524 2466 usque
1555 2424 1592 2456 ad
1622 2434 1780 2456 sumniam
1806 2430 1933 2457 centum

1198 2478 1384 2509 ‹tlucatorum
1411 2476 1478 2508 atui
1505 2476 1543 2508 de
1570 2479 1713 2517 camera,
1743 2487 1779 2508 ac
1804 2477 1934 2509 licentia

1197 2529 1382 2562 celebrandi
1404 2540 1458 2561 seu
1477 2529 1633 2562 celebrari
1657 2530 1794 2562 faciendi
1819 2530 1933 2562 missas

1197 2583 1226 2614 in
1246 2582 1376 2624 privatis
1394 2592 1505 2614 eorum
1524 2582 1672 2614 oratoriis
1687 2593 1741 2614 seu
1760 2582 1929 2625 cappellis,

1197 2646 1212 2667 a
1238 2640 1412 2667 memorato
1438 2635 1566 2667 Urbano
1591 2636 1844 2679 praedecessore
1871 2645 1932 2679 per

1933 264 1982 295 An.
2000 261 2029 295 C.
2052 266 2117 296 16⁷«.

1995 644 2081 666 innovat
2105 646 2126 664 et

1942 671 2051 691 confirmat
2079 676 2101 696 pr

1197 683 1354 715 lectorum
1389 683 1529 716 filiorum
1562 684 1789 717 modernorum
1819 680 2126 718 abbre-utiniumicas
