2279 3260
205 226 253 253 11η.
275 226 302 253 c.
327 227 392 254 ¹672
439 219 503 252 3532
982 232 1160 256 ammanium
1184 232 1334 258 nomnen

398 277 627 310 remittendum
646 278 749 311 eidem
767 289 881 323 capsae
901 284 1020 312 tantam
1037 290 1130 322 pecu-
1151 284 1152 293 *
1173 280 1370 323 iniungitur;
1393 283 1504 326 elapso
1518 288 1635 322 ,autem
1662 283 1747 317 dieto
1766 282 1909 324 biennio,

398 330 469 362 niae
486 330 697 373 quantitatem
715 342 796 375 quae
814 333 851 364 ad
878 332 1035 364 rationem
1055 342 1131 374 qua-
1151 304 1153 369 i
1173 332 1270 365 abbas
1306 336 1479 376 generalis,
1514 336 1646 379 eiusque
1696 336 1912 369 definitorium

399 389 471 415 tuor
498 384 661 417 annuatim
692 396 748 428 pro
774 387 919 428 quolibet
944 385 1131 417 centenario
1152 425 1153 437 ἵ
1173 385 1393 418 ordinationes
1417 388 1625 430 supradictas,
1653 388 1684 420 in
1710 390 1746 421 ea
1765 394 1855 431 parte
1880 389 1912 421 in

399 436 537 468 sufficiat
553 437 591 469 ad
607 437 834 470 extinctionem
854 448 978 469 annuae
993 442 1132 480 praesta·
1152 448 1153 452 ¹
1174 448 1235 480 qua
1260 448 1323 469 non
1351 439 1480 471 fuerunt
1512 440 1542 472 in
1567 440 1699 473 biennio
1726 441 1913 474 huiusmodi

399 488 496 521 tionis
509 489 638 522 cuilibet.
652 490 844 522 monasterio
858 489 1046 531 assignatae,
1059 489 1131 521 etin
1152 493 1153 526 ξ
1173 489 1376 533 adimpletae,
1411 491 1554 533 rigorose
1600 494 1713 537 exequi
1748 494 1912 533 debeant;

398 542 600 584 reparatione
614 543 935 584 assignandae‚11nde
950 542 1132 583 extinguan-
1152 535 1154 561 3
1174 543 1258 584 quod
1284 543 1308 574 si
1335 543 1366 575 in
1394 545 1529 577 termino
1556 546 1603 577 sui
1633 548 1838 588 generalatus
1864 557 1917 579 or-

400 594 611 636 turcapitalia
626 594 812 626 francahilia
827 600 858 626 et
873 594 1000 626 residue
1016 593 1132 632 debita,
1152 567 1154 614 i
1175 594 1353 627 dinationcs
1387 598 1546 639 praefatas
1586 598 1625 630 ad
1662 598 1811 631 effectum
1850 609 1914 631 non

399 651 495 689 atque
516 647 558 678 ita
576 646 705 678 etl'ectns
724 646 926 679 liberationis
943 655 1058 689 capsae
1076 656 1133 688 pu·
1175 648 1396 690 deduxerint¹,
1416 649 1500 682 idem
1518 650 1617 683 abhas
1642 651 1801 693 generalis
1820 656 1852 684 et
1871 651 1915 683 vi-

398 699 501 731 blicae
520 699 702 731 huiusmodi
722 699 795 731 inde
813 704 1044 741 consequatur:
1175 700 1324 733 sitatores
1350 701 1435 734 illius
1462 703 1655 745 provinciae,
1681 703 1714 735 in
1739 714 1802 746 qua
1826 704 1914 736 defe-

441 762 495 784 vu.
518 751 604 789 Quod
626 751 649 783 si
668 762 707 784 ne
726 752 788 783 hoc
808 751 937 794 quidem
956 751 1132 784 remedium
1154 776 1155 786 i
1175 758 1259 785 etun]
1285 754 1387 795 fuerit,
1414 761 1602 788 remaneant
1617 756 1650 788 in
1668 756 1810 799 proxime
1832 757 1914 788 futu-

398 804 542 843 sussiciat,
561 804 634 846 quia
660 805 766 836 forsan
785 814 849 837 non
868 804 973 836 adsint
989 809 1034 836 tot
1048 805 1134 836 bona
1154 787 1156 843 i
1176 816 1212 838 ro
1237 807 1376 849 capitulo
1402 807 1517 850 privati
1541 819 1619 841 voce
1649 808 1749 841 activa
1780 813 1812 841 et
1835 819 1911 851 pas-

398 868 477 899 quae
503 857 637 889 distrahi
663 858 797 900 possint,
832 863 885 889 aut
918 857 950 890 id
974 857 1043 889 sieri
1068 867 1133 889 non
1154 855 1156 883 l
1175 859 1247 899 siva,
1263 870 1297 891 ac
1313 871 1515 903 quacumque
1529 860 1751 903 praerogativa
1767 866 1799 893 et
1816 862 1915 903 gradu

398 909 558 952 expediat,
585 920 623 942 eo
649 920 723 941 casu
744 909 838 943 liceat
854 910 994 942 vendere
1016 915 1047 942 et
1064 910 1135 942 alie·
1155 937 1156 955 ¹
1177 923 1256 955 quos
1282 913 1389 954 vigore
1415 914 1599 955 regularum
1633 924 1690 946 seu
1716 914 1918 946 constitutio-

398 972 475 993 narc
512 962 574 994 duo
611 972 646 994 ex
684 963 885 995 monasteriis
917 962 1134 1005 praefatarum
1155 961 1157 973 ⁹
1177 975 1252 996 num
1277 966 1325 997 vel
1351 965 1621 998 consuetudinum
1648 965 1752 998 dictae
1778 965 1918 1008 Congre-

397 1013 636 1056 provinciarum
662 1020 693 1046 et
713 1014 847 1047 aliarum
864 1025 937 1047 aere
955 1014 1062 1047 alieno
1083 1026 1135 1058 op·
1156 1048 1157 1056 ¹
1177 1017 1316 1058 gationis
1355 1017 1387 1049 in
1433 1018 1526 1050 dietis
1568 1023 1599 1050 et
1638 1018 1823 1051 definitorio
1859 1028 1918 1061 per

397 1076 594 1108 pressarum,
611 1067 636 1099 si
653 1067 696 1099 ita
712 1078 770 1110 pro
788 1068 925 1100 utilitate
941 1068 1041 1100 dictae
1057 1067 1136 1101 Con·
1156 1065 1157 1101 i
1177 1069 1366 1101 sexennium
1389 1070 1589 1113 subsequens
1607 1070 1756 1103 obtinere
1774 1075 1915 1113 possent,

397 1119 594 1161 gregationis
619 1120 769 1163 expedire
802 1120 990 1153 memoratis
1021 1120 1133 1153 Carolo
1177 1127 1209 1153 ct
1240 1132 1350 1154 eorum
1375 1123 1447 1154 loco
1474 1123 1633 1164 eligantur
1658 1123 1710 1155 alii
1734 1133 1770 1155 ac
1796 1134 1812 1155 a
1839 1122 1916 1155 defi-

397 1172 553 1204 cardinali
578 1173 752 1215 protectori
791 1178 821 1205 et
852 1173 959 1206 abbati
991 1173 1134 1215 generali
1155 1176 1157 1196 ⁵
1177 1174 1295 1207 nitorio
1314 1174 1388 1216 eligi
1408 1175 1560 1207 debeant.

397 1226 521 1256 matura
547 1225 780 1258 deliberatione
801 1226 930 1268 praevia
951 1225 1052 1258 visum
1067 1226 1135 1258 fue-
1221 1227 1235 1269 g
1260 1226 1291 1259 ⁶2.
1319 1226 1396 1259 Cum
1417 1232 1533 1267 autem,
1552 1227 1636 1259 sicut
1658 1227 1766 1259 dilecti
1783 1227 1839 1260 filii
1861 1228 1916 1259 ab·
1953 1240 2039 1270 aicta-³-
2053 1241 2109 1261 orsu.

398 1276 458 1317 rit;
478 1278 616 1320 pretium
635 1283 741 1310 autem
755 1283 906 1319 erogetur
922 1278 953 1310 in
972 1278 1135 1311 extinctio·
1176 1279 1232 1311 bas
1260 1280 1418 1322 generalis
1440 1285 1471 1312 et
1497 1280 1686 1313 definitores
1713 1280 1816 1312 dictae
1833 1280 1916 1313 Con·
1926 1268 2111 1313 f?!·'1?123{1'„“d¹0'31

398 1340 471 1361 nem
496 1330 598 1373 primo
624 1331 694 1362 loco
719 1330 902 1363 debitorum
925 1331 1132 1370 monasterii,

1941 1320 2053 1343 ronanam
2063 1320 2108 1339 l’la-

398 1387 429 1414 et
446 1383 625 1415 successive
644 1383 827 1426 provinciae
844 1383 877 1415 111
902 1394 963 1426 qua
981 1383 1133 1416 alienatio
1154 1403 1156 1417 i

1919 235 1967 262 An.
1984 235 2014 263 C.
2036 233 2103 263 ¹672

1155 1346 1156 1353 ¹
1177 1332 1372 1374 gregationis
1390 1332 1484 1364 nobis
1501 1343 1607 1375 nuper
1625 1333 1743 1375 exponi
1758 1333 1913 1372 fecerunt,
1926 1325 2008 1365 {enine
2027 1346 2110 1366 sumunt

397 1435 479 1467 facta
504 1436 617 1468 fuerit:

1176 1384 1379 1426 praemissis,
1407 1385 1452 1416 sic
1476 1395 1535 1427 per
1559 1385 1720 1427 praelatos
1753 1385 1915 1427 praefatos
1926 1371 2028 1444 Ξῖιιξζᾞ
2043 1378 2110 1418 [11ξὲῗῖ

440 1498 509 1521 vni.
536 1488 574 1520 Et
596 1493 629 1520 ut
652 1489 875 1521 ordinationes
899 1489 1062 1532 praefatae
1095 1490 1134 1522 ef-

397 1541 513 1574 fectum
544 1541 693 1581 habeant,
720 1542 850 1574 abbates
875 1543 993 1575 locales
1017 1543 1049 1575 in
1074 1539 1156 1582 ter-j

396 1593 482 1626 mino
502 1593 624 1626 biennii
652 1594 791 1627 debeant
815 1600 1059 1637 procuratorem
1085 1606 1134 1638 ge-

395 1647 538 1678 neralem
564 1652 596 1679 et
621 1647 741 1680 dictum
764 1647 913 1680 Carolum
938 1648 1133 1681 cardinalem
1154 1639 1156 1673 ἶ

395 1705 615 1743 protectorem
645 1701 800 1733 certiores
831 1702 968 1734 reddere
997 1712 1031 1735 se
1062 1702 1156 1735 illast

396 1763 467 1785 cum
500 1752 614 1785 effectu
647 1753 871 1796 adimplevisse
889 1765 949 1797 per
965 1755 1135 1788 extinctio-

395 1816 470 1838 nem
486 1806 670 1838 debitorum
684 1807 733 1839 vel
752 1807 881 1839 illorum
905 1807 1132 1841 abductionem
1154 1834 1156 1843 ⁴

396 1858 429 1891 in
454 1869 542 1890 suam
560 1859 771 1901 provinciam,
795 1859 881 1897 itaut
891 1870 987 1904 capsa
1003 1862 1135 1904 publica

395 1922 528 1944 romana
553 1912 655 1944 libera
670 1917 841 1951 remaneat,
859 1914 1002 1956 alioquin
1020 1915 1133 1957 poenis
1155 1919 1156 1959 ξ

396 1963 610 2006 infrascriptis
627 1964 825 2005 subiaceant,
851 1965 1021 1999 videlicet:
1050 1972 1135 1999 tran-
1155 1961 1156 2000 i

396 2021 484 2048 sacto
509 2016 641 2049 biennio
661 2017 855 2057 huiusmodi,
873 2029 932 2051 nec
952 2019 1135 2062 adimpletis
1155 2016 1156 2027 ¹

396 2069 490 2101 dictis
517 2070 787 2110 ordinationibus,
815 2081 879 2103 non
904 2072 1007 2114 possit
1028 2072 1059 2104 in
1079 2073 1133 2105 illo

396 2122 595 2154 monasterio
625 2123 784 2165 acceptari
817 2123 985 2166 quisquam
1016 2124 1052 2156 ad
1080 2125 1135 2157 ha-

395 2174 499 2206 bitum
525 2174 671 2207 canonici
696 2176 746 2207 vel
771 2177 928 2216 conversi,
956 2187 1014 2209 nec
1040 2177 1134 2210 deve-

395 2226 457 2259 niri
483 2227 521 2259 ad
548 2227 740 2260 electionem
762 2228 896 2269 abbatis,
916 2230 1069 2272 quamdiu
1088 2241 1134 2262 sa-

395 2279 555 2311 tisfactum
582 2290 647 2312 non
672 2280 788 2320 sucrit;
815 2281 911 2314 abbas
940 2292 1016 2314 vero
1042 2284 1134 2315 abba-

396 2331 448 2371 tia,
473 2342 507 2364 ac
538 2343 614 2364 vore
648 2332 746 2365 activa
778 2338 809 2365 et
838 2334 972 2376 passiva,
1005 2345 1131 2367 necnon

395 2384 553 2426 gubernio
579 2385 731 2428 omnique
757 2385 818 2417 alia
835 2388 1057 2429 praerogativa
1072 2387 1133 2430 pri—

394 2441 482 2468 vatus
503 2442 678 2477 remaneat,
697 2442 727 2470 et
744 2437 891 2471 minister
904 2450 959 2472 seu
979 2441 1132 2482 guberna-

394 2494 444 2521 tor
458 2489 645 2522 aionasterii
663 2491 815 2532 eligatur3
843 2498 1029 2525 remaneant
1045 2493 1132 2526 simi-

393 2542 468 2575 liter
492 2541 604 2585 privati
629 2542 649 2575 ii
675 2548 903 2585 procuratores
929 2545 983 2588 qui
1005 2556 1064 2588 pro
1083 2557 1132 2579 eo-

392 2605 461 2627 rum
485 2600 575 2638 parte
601 2605 667 2628 non
692 2595 948 2639 adimpleverint,
975 2599 1060 2641 quod
1086 2599 1130 2632 eis

1176 1437 1356 1479 prudenter
1379 1438 1524 1479 cogitatis
1550 1442 1646 1480 atque
1670 1438 1863 1478 deliberatis,
1881 1448 1913 1469 1n

1177 1490 1262 1522 dieta
1288 1490 1432 1522 eiusdem
1450 1490 1716 1532 Congrcgationis
1730 1491 1914 1523 Placentiae

1176 1543 1319 1585 proxime
1346 1543 1506 1575 celebrata
1524 1553 1582 1586 per
1599 1543 1700 1576 dictos
1718 1549 1915 1587 exponentes

1154 1625 1156 1628 ⁴
1177 1596 1321 1639 aliosque
1349 1602 1411 1629 tam
1428 1598 1556 1629 vocales
1581 1607 1675 1640 quam
1698 1608 1763 1630 non
1787 1598 1915 1630 vocales

1177 1649 1280 1681 dictae
1316 1649 1584 1691 Congregationis
1616 1654 1742 1682 mature
1779 1649 1915 1691 diligen-

1177 1707 1289 1744 terque
1307 1696 1630 1745 consideratis'atque
1650 1702 1824 1742 trutinatis,
1842 1702 1914 1745 ipsi,

1176 1765 1239 1796 quo
1272 1755 1384 1787 eadem
1416 1755 1593 1797 praemissa
1618 1756 1657 1787 ad
1690 1754 1835 1787 effectum
1861 1755 1914 1787 de-

1177 1807 1336 1839 ducantur
1349 1807 1566 1850 publicaeque
1582 1807 1709 1840 utilitati
1725 1808 1824 1850 ipsius
1837 1807 1915 1840 Con-

1176 1859 1373 1902 gregationis
1406 1860 1508 1902 magis
1534 1861 1733 1901 consulatur,
1760 1860 1912 1903 expedire

1176 1913 1380 1945 censuerint:
1407 1924 1471 1946 non
1501 1915 1601 1946 solum
1630 1913 1699 1946 fieri
1725 1913 1913 1946 celebratio-

1176 1966 1224 1998 nis
1250 1966 1324 1998 dicti
1358 1966 1488 2009 capituli
1514 1967 1673 2008 generalis
1694 1967 1913 2009 prolungatio-

1177 2029 1251 2051 nem
1269 2019 1307 2051 de
1335 2019 1475 2051 triennio
1501 2020 1538 2051 ad
1568 2019 1769 2059 sexennium,
1795 2019 1914 2063 ipsum-

1178 2082 1238 2114 que
1282 2071 1458 2114 capitulum
1502 2071 1572 2103 sine
1613 2072 1774 2104 sociorum
1814 2072 1913 2105 inter-

1176 2130 1271 2156 ventu
1297 2124 1465 2164 celebrari,
1491 2134 1525 2156 ac
1552 2124 1789 2157 recreationem
1822 2135 1913 2168 prae-

1176 2177 1280 2217 fatam,
1300 2188 1381 2220 quae
1405 2177 1546 2210 Ventura
1568 2184 1710 2218 vocatur,
1737 2179 1908 2220 abrogari;

1176 2230 1230 2261 sed
1257 2229 1353 2261 etiam
1377 2229 1593 2270 visitationes,
1612 2241 1677 2263 non
1703 2231 1836 2263 alternis
1858 2241 1912 2263 an-

1174 2283 1237 2322 nis,
1263 2282 1318 2314 sed
1344 2282 1478 2324 singulis
1499 2282 1649 2315 trienniis
1670 2285 1771 2316 semel
1789 2289 1910 2316 tantum

1176 2336 1254 2375 fieri,
1273 2346 1337 2379 quo
1359 2335 1492 2378 insuper
1517 2336 1668 2379 cuiusque
1690 2337 1765 2369 anni
1786 2338 1911 2380 impen-

1173 2398 1226 2420 sae
1248 2393 1445 2427 resecentur,
1474 2388 1589 2430 hisque
1610 2388 1825 2421 mediantibus
1850 2389 1910 2421 tria

1173 2440 1274 2473 millia
1294 2446 1454 2473 scutorum
1474 2441 1599 2483 parium
1617 2441 1779 2474 annuatim
1794 2452 1909 2485 capsae

1173 2493 1321 2536 publicae
1346 2493 1533 2536 praedictae
1551 2494 1725 2536 assignari:
1746 2495 1818 2528 loco
1836 2505 1909 2537 spo-

1174 2546 1288 2579 liorum
1305 2551 1423 2585 autem,
1444 2556 1526 2589 quae
1544 2545 1665 2578 incerta
1686 2552 1769 2586 sunt,
1787 2552 1909 2580 certam

1211 2609 1219 2634 1
1239 2607 1336 2643 Aptius
1351 2607 1419 2634 infra
1434 2616 1493 2643 pag.
1508 2608 1558 2635 :335
1569 2617 1583 2635 (1
1596 2613 1636 2635 est
1651 2609 1906 2644 ‹Ie‹lu.12e7·il(n.T.).
