2279 3260
226 246 273 274 An,
296 245 323 272 C.
349 246 414 273 1673
460 240 522 269 filil)

257 570 407 595 'ri-nmumpto-

224 603 269 618 tnui
286 596 343 616 naus.

417 293 656 337 permansuris,
679 292 716 326 ad
736 294 985 336 praemissorum
1005 291 1152 324 ellectum

418 348 636 389 derogamus,
656 357 779 389 nosque
806 357 840 378 ex
867 344 994 387 urgenti
1017 348 1048 375 et
1067 342 1154 375 sul'si-

417 399 513 433 cieuti
536 401 631 432 causa
649 400 805 441 derogare
822 404 853 431 et
866 398 1056 439 derogatum
1071 396 1152 428 velle

418 453 638 491 dcclaramus;
665 451 853 493 ceterisque
879 448 1056 482 contrariis
1082 447 1153 490 qui-

418 504 633 547 buscumque.

462 557 476 599 §
499 557 552 589 31.
579 557 732 588 Volumus
763 559 871 587 autem
898 558 933 585 ut
964 552 1152 585 earumdem

419 609 637 652 praesentium
654 609 835 640 litterarum
858 604 1079 647 transumptis,
1098 615 1153 636 seu

419 661 582 704 exemplis,
609 660 705 692 etiam
725 658 915 701 impressis,
942 667 1037 689 manu
1055 656 1155 688 alicu-

419 715 466 746 ius
491 713 607 746 notarii
633 711 756 755 publici
777 709 977 752 subscriptis,
998 714 1029 741 et
1045 708 1153 751 sigillo

420 776 577 810 personae
602 765 634 797 in
660 764 880 796 ecclesiastica
906 762 1060 804 dignitate
1082 772 1156 793 con-

419 819 548 851 stitutae
578 816 728 855 munitis,
766 817 879 848 eadem
908 825 1040 858 prorsus
1073 813 1154 846 fides

420 873 452 904 in
477 871 595 903 iudicio
617 876 648 902 et
676 875 765 902 extra
789 870 867 902 illud
894 869 1014 911 ubique
1037 868 1155 900 hahea-

422 930 490 963 tur,
518 933 600 966 quae
626 923 801 955 haberetur
826 921 902 964 ipsis
927 920 1154 964 praesentibus

421 977 445 1008 si
464 975 667 1018 originaliter
684 975 848 1008 exhibitae
867 975 973 1007 forent
991 979 1022 1006 et
1047 978 1156 1005 osten-

422 1040 494 1069 sae;
523 1035 621 1072 utque
648 1029 779 1061 eaedem
804 1033 994 1071 praesentes
1019 1027 1156 1067 litterae,

421 1092 435 1114 s
452 1094 475 1113 u
496 1092 605 1114 earum
624 1087 821 1124 transumpta
849 1081 915 1113 sive
935 1081 1082 1123 exempla
1099 1080 1158 1111 hu-

422 1135 573 1174 iusmodi,
601 1134 639 1167 ad
658 1135 764 1167 valvas
784 1134 979 1166 cathedralis
1004 1133 1157 1166 Leodien-

422 1188 463 1220 sis
489 1198 523 1220 ac
549 1187 579 1220 S.
608 1187 723 1219 Mariae
749 1187 946 1229 Tongrensis
973 1192 1004 1219 et
1023 1186 1052 1219 S.
1073 1186 1155 1218 Petri

422 1241 630 1274 Lovaniensis
644 1240 837 1284 oppidorum
852 1240 1095 1282 collegiatarum
1109 1250 1157 1272 ec-

422 1294 597 1326 clesiarum
623 1293 831 1336 publicentur
850 1297 879 1324 et
899 1293 1077 1335 affigantur,
1098 1292 1157 1324 sic-

423 1358 483 1390 que
508 1346 689 1390 publicatae
716 1352 747 1379 et
772 1346 883 1378 affixae
909 1352 1078 1385 rectorem,
1096 1356 1157 1377 ma-

423 1399 552 1441 gistros,
586 1399 745 1437 doctores,
781 1399 958 1438 scholares,
986 1398 1154 1438 decanum,

422 1453 657 1492 vicedecanum,
672 1457 917 1484 conservatores
931 1456 962 1483 et
975 1451 1055 1484 alios
1069 1462 1158 1494 prae-

422 1506 515 1545 fatos,
551 1510 758 1547 ceterosque,
792 1515 874 1547 quos
911 1504 1159 1547 quomodolibet

422 1562 625 1590 concernunt
655 1563 685 1590 et
710 1562 909 1590 concernent
939 1557 971 1589 in
1004 1558 1155 1597 futurum,

422 1610 556 1653 perinde
589 1609 728 1642 afficiant
753 1615 784 1642 et
809 1614 954 1650 aretem,
978 1620 1013 1642 ac
1038 1609 1062 1641 si
1088 1610 1158 1642 illo-

422 1673 493 1695 rum
517 1661 651 1695 cuilibet
684 1663 899 1705 personaliter
922 1662 1102 1696 notificatae
1129 1668 1158 1695 et

422 1715 588 1748 intimatae
616 1715 762 1748 fuissent.

466 1768 581 1800 Datum
610 1768 754 1807 Rornae,
786 1768 869 1811 apud
893 1767 923 1800 S.
948 1768 1075 1801 Mariam
1100 1768 1160 1801 Ma-

423 1821 537 1861 iorem,
572 1821 630 1854 suh
670 1822 791 1854 annulo
828 1821 1025 1862 Piscatoris,
1061 1822 1112 1854 die
1143 1833 1160 1855 x

425 1874 568 1907 octobris
600 1884 777 1915 MDCLXXIH,
810 1874 1017 1917 pontificatus
1053 1875 1158 1907 nostri

426 1937 511 1959 anno
526 1937 568 1959 iv.

513 1987 624 2021 Placet
648 1988 683 2021 E.

861 2032 883 2066 I.
911 2032 947 2065 G.
975 2033 1113 2066 SLuqus.

460 2104 521 2130 Dat.
539 2102 582 2129 dic
600 2103 631 2130 10
646 2102 765 2130 octobris
783 2103 858 2136 1673,
876 2103 969 2138 pontif.
987 2112 1056 2130 anno
1072 2110 1107 2130 ιν.

461 2174 628 2208 Reqistrata
657 2174 688 2199 in
708 2174 871 2201 Secretarz'ct
893 2174 1042 2208 Brevium‚
1065 2175 1114 2201 lib.
1136 2181 1161 2200 lv

427 2218 614 2252 diversorum,
634 2219 684 2252 fol.
706 2218 767 2244 10⁷..

735 2366 858 2400 CXLIV.

428 2455 618 2500 Suppressio
634 2459 789 2499 per-pntua
802 2465 1080 2499 quarumcumque
1094 2466 1163 2489 con-

473 2510 716 2552 fraterru'latwn
732 2520 784 2540 seu
807 2509 1090 2551 conqregyalionum
1105 2510 1162 2541 sub

473 2562 674 2595 invocatione
707 2561 762 2594 SS.
791 2562 1002 2600 sacramenti,
1028 2563 1066 2594 B.
1094 2563 1161 2594 Ma-

472 2615 542 2655 riae
571 2614 713 2658 Virgyim's
737 2613 982 2655 Immaculatae,
1011 2618 1038 2647 et
1055 2614 1085 2647 S.
1112 2614 1162 2647 Io-

999 240 1178 268 n1'1.[.tntt*!tt
1202 243 1351 268 nonnum!

1936 246 1984 272 Αη.
2002 247 2021 272 C
2054 246 2120 273 1673

1239 292 1349 334 sephi,
1381 293 1436 325 sub
1477 293 1572 326 titulo
1606 293 1719 335 (lv-0921<
1752 293 1837 326 Boni
1866 294 1928 327 Pa-

1237 346 1332 377 storis
1356 346 1550 390 ubicumque
1568 352 1758 388 erectarum,
1775 358 1843 379 cum
1857 357 1930 390 pro-

1237 398 1394 430 hibitione
1418 398 1614 440 libellorum,
1638 400 1802 443 foliorum,
1820 400 1932 432 consti-

1240 451 1415 491 tutionem,
1442 452 1649 494 reqularum,
1679 453 1870 496 imayimcm,
1903 456 1931 484 et

1239 514 1316 535 usus
1340 504 1559 547 quarumdam
1583 505 1829 544 catenularum,
1849 505 1930 538 alio-

1239 566 1376 599 rumque
1406 557 1448 589 ad
1482 557 1619 589 illarum
1642 559 1829 590 institutum
1854 568 1926 600 spe-

1239 609 1418 647 ctantium,
1444 609 1538 641 z'uscla
1562 609 1723 643 decretum
1749 611 1930 653 Conyreqa-

1241 662 1338 694 tionis
1362 661 1393 694 S.
1424 661 1538 704 Officii.

1416 748 1549 775 clemens
1571 749 1648 782 Papa
1667 750 1707 782 X,

1319 794 1354 819 ad
1376 796 1554 825 perpetuam
1575 793 1620 819 roi
1635 793 1818 820 memoriam.

1242 872 1414 905 Pastoralis
1446 871 1559 912 officii,
1587 872 1674 915 quod
1711 878 1842 906 auctore
1867 874 1932 908 Deo
1971 885 2094 904 *nardium-

1199 926 1350 969 gerimus,
1369 935 1443 958 cura
1470 925 1610 958 animum
1636 931 1779 958 nostrum
1805 927 1933 960 assidue

1199 978 1362 1017 sollicitat,
1389 984 1432 1018 ut,
1455 989 1688 1021 quaecumque,
1705 979 1759 1022 pie
1778 980 1854 1012 licet
1871 980 1935 1023 pri-

1199 1031 1293 1064 mitus
1309 1031 1461 1070 instituta,
1473 1031 1696 1073 irrepentibus
1711 1031 1848 1064 subinde
1861 1032 1935 1064 abu-

1200 1084 1303 1122 sibus,
1333 1093 1397 1115 non
1424 1083 1528 1115 solum
1553 1093 1571 1115 a
1595 1083 1714 1126 pietate
1740 1084 1934 1125 recessisse,

1200 1137 1253 1168 sed
1290 1135 1386 1168 etiam
1419 1135 1569 1177 gravibus
1609 1136 1770 1168 scandalis
1806 1147 1935 1170 causam

1200 1188 1354 1231 praebere
1379 1193 1632 1230 cognoscuntur,
1651 1199 1667 1221 e
1688 1188 1795 1221 medio
1821 1190 1935 1222 tollere

1200 1247 1294 1284 atque
1310 1242 1438 1274 abolere
1457 1241 1652 1281 studeamus,
1671 1241 1763 1281 sicut,
1784 1241 1935 1274 omnibus

1200 1300 1341 1326 maturae
1367 1293 1637 1326 considerationis
1657 1293 1773 1325 trutina
1800 1304 1938 1336 perpen-

1200 1347 1252 1386 sis,
1283 1347 1320 1378 ad
1348 1346 1582 1389 omnipotentis
1607 1346 1661 1378 Dci
1688 1346 1825 1388 gloriam
1844 1357 1880 1378 ac
1901 1346 1936 1378 fi-

1201 1399 1322 1432 delium
1359 1398 1617 1432 aedificationem
1653 1398 1871 1442 conspicimus
1905 1399 1937 1431 in

1200 1451 1336 1484 Domino
1362 1451 1533 1484 salubriter
1558 1451 1722 1494 expedire.

1244 1505 1300 1548 gl.
1321 1504 1397 1537 Cum
1415 1504 1524 1547 itaque
1538 1504 1635 1547 (sicut
1648 1504 1848 1548 accepImus)
1861 1516 1937 1538 non·
2070 1543 2072 1545 Ι

1202 1559 1309 1590 nullae
1335 1557 1605 1600 congregationes
1639 1568 1694 1589 seu
1725 1541 2131 1597 confraterni-sssssssiiffillfflsissif

1202 1615 1281 1642 tates
1315 1609 1373 1642 sub
1406 1609 1611 1643 invocatione
1637 1610 1689 1643 SS.
1717 1593 2132 1650 Sacramentiff-l}⁵532&ssss

1202 1663 1236 1695 B.
1257 1662 1371 1694 Mariae
1386 1662 1524 1704 Virginis
1547 1663 1781 1703 immaculatae,
1797 1668 1828 1695 et
1844 1663 1875 1696 S.
1892 1648 2134 1707 10-fiss{3333*¹12⁰32?3

1203 1715 1313 1759 sephi,
1339 1716 1396 1748 sub
1423 1715 1515 1748 titulo
1540 1715 1650 1758 Gregis
1671 1716 1751 1748 Boni
1781 1699 2133 1756 Pastoris,iiiiaiiffssseffiii'a'

1204 1768 1299 1801 variis
1314 1768 1345 1800 in
1362 1768 1441 1801 locis
1458 1768 1621 1801 ordinaria
1635 1779 1690 1801 seu
1706 1769 1802 1801 etiam
1816 1775 1939 1811 aposto·
1949 1751 2132 1823 ξυνῗιῗὲῗῗιῑπῖἶῖ

1204 1822 1264 1854 lica
1288 1821 1477 1854 auctoritate
1496 1826 1622 1854 erectae
1637 1825 1667 1853 et
1683 1821 1848 1854 institutae
1874 1821 1938 1854 exi·
1950 1804 2134 1856 reiigiftiiiid'r-'m

1204 1879 1298 1914 stant,
1312 1874 1344 1906 in
1360 1884 1495 1916 quarum
1509 1873 1794 1907 constitutionibus
1804 1879 1836 1906 et
1847 1884 1939 1916 regu-

1205 1927 1242 1959 lis
1259 1937 1333 1960 usus
1354 1927 1565 1970 quarumdam
1587 1928 1817 1966 catenularum,
1836 1927 1936 1963 aliave

1205 1979 1376 2023 quaepiam
1402 1990 1419 2012 a
1445 1980 1589 2012 doctrina
1609 1985 1641 2012 et
1664 1979 1753 2023 praxi
1778 1979 1938 2012 Ecclesiae

1205 2032 1409 2064 dissentanea
1432 2032 1658 2075 reperiuntur,
1686 2037 1717 2064 et
1743 2033 1781 2065 de
1807 2043 1940 2075 quarum

1204 2086 1348 2118 instituto
1366 2085 1485 2125 libella,
1507 2085 1584 2118 solia
1601 2090 1631 2117 et
1649 2085 1805 2127 imagines
1822 2085 1855 2117 in
1872 2087 1940 2118 vul-

1205 2149 1262 2181 gus
1289 2137 1373 2170 edita
1399 2143 1491 2178 sunt,
1524 2148 1560 2170 ex
1592 2137 1708 2181 quibus
1735 2138 1884 2170 scandala
1909 2143 1940 2170 et

1205 2190 1401 2224 offensiones
1427 2190 1459 2222 in
1485 2190 1553 2223 dies
1579 2190 1655 2222 oriri
1681 2195 1835 2233 possunt:

1248 2244 1306 2287 §2
1322 2243 1394 2284 Nos,
1410 2243 1593 2276 huiusmodi
1612 2245 1693 2277 mala
1711 2249 1805 2287 atque
1824 2244 2132 2299 5¹¹?0m·10,.„},¹12⁵,„⁶⁰¹ssiff121

1205 2298 1308 2337 moda,
1334 2307 1374 2329 ne
1396 2297 1490 2329 latius
1507 2302 1648 2339 serpant,
1667 2297 1862 2339 apostolicae
1881 2294 2132 2351 no'ss'ti‘xanffiirss‘ii‘s

1206 2355 1289 2382 strae
1315 2349 1544 2382 sollicitudinis
1571 2350 1695 2382 sarculo
1720 2350 1863 2383 recidere
1888 2337 2032 2383 cu-luiiiiuh
2067 2339 2074 2351 ι

1205 2402 1342 2446 pientes,
1359 2402 1397 2434 de
1414 2401 1645 2434 venerabilium
1664 2402 1795 2434 fratrum
1812 2407 1940 2435 nostro-

1205 2466 1276 2487 runi
1302 2455 1332 2488 S.
1362 2455 1398 2487 R.
1428 2454 1462 2487 E.
1494 2454 1706 2488 cardinalium
1739 2455 1769 2487 in
1800 2458 1865 2488 tota
1889 2467 1940 2489 re-

1206 2508 1332 2551 publica
1357 2507 1533 2540 christiana
1564 2507 1716 2540 adversus
1742 2508 1940 2541 haereticam

1206 2561 1394 2605 pravitatem
1419 2561 1618 2604 generalium
1643 2561 1872 2604 inquisitorum
1901 2562 1939 2594 ab

1208 2615 1266 2647 hac
1290 2614 1403 2648 Sancta
1428 2614 1510 2647 Sede
1537 2614 1724 2658 Apostolica
1755 2614 1940 2658 specialiter

2017 1514 2132 1535 Nonnullae
