2279 3260
174 250 220 276 An.
238 249 265 275 C.
293 249 354 274 1671

205 1146 298 1166 Salutem
317 1146 361 1165 ani-

177 1178 257 1193 uianun
272 1173 359 1192 zelatur.

404 237 467 270 ²202
950 241 1128 265 eruanimi
1155 239 1305 263 noiirxxrit

367 296 465 327 reuda
503 293 630 326 arthriti
668 292 697 324 iu
739 292 869 323 dextera
907 289 1098 327 laborabat,
1144 286 1358 329 eleemosynis
1385 286 1423 318 ad
1450 286 1585 319 virtutes
1607 290 1639 318 et
1656 284 1882 317 sacrarumlit-

365 358 446 390 quam
463 346 592 378 iuunaui
608 345 751 377 criu-iatu
771 344 930 375 invaserat
948 341 1101 373 articulos
1145 344 1284 371 terarum
1310 340 1438 381 plenam
1471 339 1720 371 instructionem
1752 347 1786 369 se
1811 347 1883 369 eve-

364 410 477 432 oiuues
494 426 501 438 ,
530 398 608 430 itaut
645 397 812 440 praedicto
839 394 929 436 operi
967 402 1100 434 prorsus
1145 396 1267 422 cturam
1292 391 1445 433 sperabat
1475 401 1513 423 eo
1539 395 1659 433 pacto,
1686 394 1722 421 ut
1744 388 1788 421 is'
1815 388 1884 421 ido-

364 449 709 484 reddereturinutilis.
734 446 907 480 Procubuit
934 450 1006 477 ante
1026 443 1103 475 ima-
1146 452 1225 474 neus
1252 442 1353 474 sactus
1379 447 1410 473 et
1435 442 1615 475 sacerdotio
1649 441 1821 483 insignitus
1845 440 1884 472 ad

366 504 473 546 ginem
513 509 640 535 sanctae
677 499 866 533 Cathariuae.
900 498 931 529 iu
964 497 1014 528 die
1040 495 1102 528 divi
1125 504 1126 507 ¹
1146 494 1342 536 apostolicas
1377 494 1548 527 missiones
1580 505 1639 537 pro
1670 493 1886 526 conversione

368 555 542 594 Laurentii,
569 559 599 585 et
625 553 714 585 brevi
733 551 877 584 oratione
897 551 1033 592 peracta,
1054 558 1103 579 ac-
1147 545 1290 588 gentium
1305 551 1506 589 properaret;
1522 551 1565 585 ut,
1578 546 1663 588 quod
1678 556 1738 589 per
1751 556 1785 578 se
1797 555 1886 588 prac-

368 607 467 640 cinxit
492 618 525 639 se
550 606 651 649 operi,
678 603 871 637 mirantibus
888 601 1102 639 adstantibus,
1147 603 1230 630 stare
1255 608 1319 629 nou
1346 602 1481 640 poterat,
1508 608 1566 640 per
1591 597 1688 630 alium
1705 597 1884 640 suppleret·,

368 664 540 702 quaestore
577 658 648 701 ipso
679 656 806 688 ridente
839 664 969 686 inanum
1008 652 1103 695 paulo
1148 650 1245 692 quod,
1267 649 1327 681 nisi
1362 649 1530 680 immatura
1566 653 1670 680 morte
1710 653 1887 691 praeven¹a

368 718 442 745 ante
469 711 674 743 acerbissime
708 710 842 746 laesam,
870 711 945 738 tunc
968 704 1104 737 validam
1150 701 1282 740 suisset,
1308 701 1507 744 perieeisset.
1535 700 1595 732 Pro
1627 699 1886 743 periclitantibus

369 770 400 797 et
426 764 550 806 agilem,
578 761 702 794 medico
729 761 796 803 ipso
817 763 954 791 testante
976 756 1107 790 eviden-
1149 753 1348 794 christianis,
1375 752 1429 797 qui
1455 763 1514 796 per
1538 754 1666 796 culpam
1691 753 1845 785 lethalem
1870 763 1887 784 a

370 816 446 849 tiam
478 814 648 853 1niraculi·,
687 813 738 845 cui
782 810 940 844 beneficio
973 808 1107 842 accessit
1150 811 1233 838 statu
1259 805 1385 838 divinae
1411 805 1571 838 amicitiae
1606 804 1781 836 infeliciter
1805 803 1888 836 exci-

371 868 458 911 quod
484 867 598 899 exinde
626 876 789 908 nunquam
817 864 848 895 in
875 868 1041 906 posterum
1061 871 1108 893 ar-
1151 860 1273 898 derant,
1301 859 1380 892 nulli
1406 859 1620 901 lacrymarum
1645 856 1786 900 sumptui
1814 867 1889 899 par-

371 920 480 952 thritis
498 929 625 951 manum
643 918 731 950 illam
750 917 874 949 invasit:
892 915 978 958 quod
993 914 1106 947 mirum
1127 939 1132 962 ,⁴
1151 912 1251 951 cebat,
1279 917 1308 944 et
1334 911 1481 954 quotidie
1507 915 1639 942 cruenta
1670 909 1730 942 sibi
1757 910 1891 941 vulnera

371 984 437 1006 non
465 972 521 1004 suit
547 972 605 1014 ipsi
632 971 747 1009 Rosae,
772 980 854 1012 quae
878 969 916 1000 ab
942 968 1013 1011 ipsa
1029 966 1106 999 ceu⁴
1128 983 1130 987 ·
1151 964 1317 1007 infligebat
1344 969 1377 995 ut
1407 964 1456 995 his
1474 973 1546 995 vere
1564 961 1691 994 miseris
1709 961 1790 994 vitae
1808 961 1891 993 seria

371 1036 389 1057 a
412 1030 513 1057 matre
539 1034 621 1066 pene
641 1023 829 1066 quotidiana
847 1033 881 1054 ex
901 1020 1018 1053 mutuis
1036 1030 1109 1052 con-

1128 1036 1131 1040 ·
1152 1017 1337 1050 emendatio
1363 1028 1379 1049 a
1404 1016 1469 1049 Deo
1487 1016 1736 1048 concederetur.
1757 1013 1891 1047 Concie-

372 1077 479 1110 sortiis
506 1076 621 1109 solatia
646 1075 827 1107 hauriebat.
1127 1043 1282 1125 inatores
1307 1070 1395 1112 ipsos
1420 1070 1634 1101 vehementer
1651 1068 1843 1100 hortabatur
1855 1071 1891 1098 ut

416 1131 430 1173 ἓ
455 1130 509 1163 36.
537 1130 645 1161 Zelata
669 1133 717 1160 est
742 1128 836 1160 ctiam
862 1137 920 1169 pro
939 1126 1035 1158 domo
1054 1124 1108 1156 Dei
1130 1128 1132 1143 ¹
1152 1123 1327 1165 flagitiosas
1354 1122 1475 1154 animas
1500 1122 1539 1153 ab
1564 1121 1628 1153 ima
1644 1120 1793 1152 vitiorum
1815 1119 1892 1151 cha-

372 1185 510 1216 salutem
534 1182 726 1214 animarum.
755 1181 826 1223 Ipsa
844 1179 929 1211 enim
951 1177 1107 1210 charitate
1130 1148 1254 1218 ¹rybdi,
1278 1186 1318 1207 ue
1344 1175 1514 1217 perirent,
1540 1174 1578 1206 ad
1605 1183 1752 1206 securum
1777 1171 1891 1215 poeni-

373 1247 436 1279 qua
459 1246 571 1268 verum
593 1234 711 1267 Christi
737 1228 864 1265 Do1ui1i⁴1
890 1242 1016 1274 corpus,
1042 1241 1109 1272 niy-
1154 1228 1269 1259 tentiae
1296 1228 1369 1260 litus
1396 1231 1462 1260 toto
1483 1231 1600 1259 conatu
1627 1230 1810 1258 evocarent.

372 1288 486 1321 sticum
513 1298 642 1330 quoque
669 1285 839 1327 diligebat‘,
866 1284 990 1327 quoties
1008 1283 1046 1315 ad
1067 1283 1109 1314 in-
1196 1280 1210 1322 ξ
1235 1280 1289 1312 37.
1316 1279 1471 1311 Divinitus
1498 1279 1612 1311 edocta
1633 1279 1671 1311 de
1690 1287 1789 1320 pravo
1808 1277 1890 1310 desi-

372 1342 489 1375 teriora
514 1339 735 1373 meridionalis
763 1337 927 1370 Americae
957 1341 1109 1368 montana
1153 1332 1262 1371 derio,
1296 1343 1359 1374 quo
1384 1331 1570 1363 Vincentius
1602 1329 1734 1363 nomine
1766 1329 1890 1362 iuvenis

371 1396 481 1427 oculos
508 1393 662 1431 vertebat,
689 1391 895 1423 cruciabatur
921 1388 1108 1421 medullitus
1130 1393 1132 1414 Ι
1153 1384 1255 1417 nobili
1281 1395 1398 1427 genere
1425 1384 1580 1417 oriundus
1606 1383 1644 1415 ad
1663 1393 1733 1415 eam
1750 1381 1821 1415 ficte
1840 1393 1891 1414 ac-

371 1448 575 1489 illacrymans
600 1443 775 1488 perditioni
802 1448 849 1475 tot
872 1443 1107 1480 barbarorum,
1153 1443 1302 1476 cesserat,
1330 1439 1417 1469 tanta
1439 1448 1511 1469 cum
1535 1436 1692 1469 charitate
1719 1435 1887 1478 corripuit,

371 1499 425 1542 qui
449 1499 629 1530 inacccssas
663 1501 736 1539 post
766 1495 877 1527 nivosa
910 1494 985 1536 iuga
1009 1494 1108 1525 valles
1152 1496 1186 1522 ut
1210 1490 1365 1522 fateretur
1389 1501 1421 1522 se
1447 1500 1623 1532 agnoscere
1649 1488 1812 1521 Christum
1829 1488 1890 1520 Do-

372 1552 583 1595 populabant,
600 1550 651 1583 Sic
668 1549 763 1582 etiam
782 1548 866 1590 iugis
884 1549 1032 1590 planctus
1051 1557 1110 1578 nia-
1130 1566 1133 1582 .
1152 1540 1275 1573 minum
1300 1540 1331 1572 iu
1358 1543 1393 1572 ea
1421 1542 1625 1583 loquentem;
1653 1544 1685 1571 et
1709 1543 1797 1571 totus
1821 1548 1891 1569 mu-

374 1605 471 1637 teries
496 1604 524 1636 ei
551 1608 643 1635 erant
681 1611 904 1644 quaecumque
935 1600 1017 1632 aliae
1041 1599 1110 1631 inti·
1129 1587 1134 1634 l
1155 1598 1237 1625 tatus
1264 1593 1302 1625 ab
1328 1593 1382 1625 illo
1408 1593 1461 1636 qui
1479 1593 1577 1635 paulo
1596 1596 1671 1623 ante
1690 1595 1768 1630 erat,
1788 1591 1888 1623 fretus

373 1657 494 1690 delium
529 1655 691 1688 nationes.
719 1654 809 1686 Viros
852 1653 1044 1695 religiosos,
1081 1657 1111 1684 et
1154 1651 1185 1678 θῐ
1218 1646 1343 1677 adiutus
1378 1645 1527 1688 precibus
1560 1644 1703 1677 eiusdem
1737 1643 1889 1685 virgini-³,

373 1709 565 1753 praesertim
590 1709 637 1741 sui
663 1707 791 1740 Ordinis
807 1707 929 1745 fratres,
952 1711 1111 1748 quotquot
1154 1698 1345 1731 iuvenilibus
1370 1698 1539 1731 desideriis
1577 1702 1608 1730 et
1638 1696 1742 1739 culpis
1772 1696 1890 1729 valefa-

374 1768 466 1806 aptos
492 1767 635 1801 noverat,
662 1761 700 1794 ad
733 1759 901 1803 gentilium
927 1758 1111 1791 conversio-
1154 1751 1251 1792 ciens,
1262 1756 1402 1783 sanctam
1420 1750 1548 1783 vivendi
1566 1749 1724 1782 rationem
1738 1748 1887 1781 instituit.

374 1827 449 1849 nem
475 1815 678 1853 hortabatur,
692 1819 723 1846 et
747 1823 806 1856 per
830 1812 899 1845 Iesu
925 1811 1043 1844 Christi
1071 1811 1112 1843 vi·
1132 1800 1133 1805 ¹
1153 1805 1337 1847 Prodigium
1352 1809 1431 1844 erat,
1451 1804 1477 1836 si
1494 1802 1569 1846 qua¹
1590 1813 1731 1846 persona
1748 1802 1891 1845 quicum-

374 1880 464 1902 scera
488 1868 677 1901 obsecrabat
705 1871 740 1898 ut
766 1865 841 1898 huic
876 1875 909 1897 se
936 1864 1027 1907 operi
1063 1875 1113 1896 ac,-
1155 1868 1216 1900 que
1241 1857 1316 1889 vitio
1343 1856 1483 1889 obnoxia
1508 1856 1624 1888 Rosam
1650 1855 1833 1894 accederet,
1860 1858 1891 1885 et

375 1922 556 1963 cingerent,
596 1920 695 1952 Unius
732 1929 769 1951 ex
806 1917 872 1949 suis
897 1917 1109 1953 confessarii&
1156 1910 1273 1943 melior
1297 1910 1335 1942 ab
1362 1911 1399 1942 ea
1418 1920 1483 1941 non
1504 1909 1685 1940 recederet.
1701 1907 1833 1940 Mariam
1851 1907 1891 1938 de

376 1973 522 2006 missioni
548 1971 705 2014 deputati,
731 1971 876 2003 animum
895 1970 933 2001 ad
954 1974 1112 2001 maturan-
1155 1963 1262 2003 Mesia,
1281 1960 1482 2005 inipaiienii²
1499 1971 1534 1993 ac
1558 1960 1744 2004 praecipitis
1763 1960 1891 1992 iracun-

377 2028 452 2060 dum
477 2037 559 2069 opus
584 2025 780 2057 inflammare
806 2023 949 2062 studuit,
987 2028 1018 2055 et
1042 2033 1111 2055 cum
1156 2017 1225 2049 diae
1251 2016 1391 2059 pugnaci
1413 2015 1526 2048 morbo
1544 2014 1606 2046 iam
1624 2014 1755 2046 sibimet
1775 2012 1834 2056 ipsi
1853 2023 1891 2045 ex

378 2091 415 2113 eo
445 2078 614 2118 convenit,
636 2082 672 2109 ut
691 2076 847 2109 medietas
876 2075 1020 2108 omnium
1049 2076 1113 2107 sru-
1156 2069 1308 2101 diuturna
1337 2067 1572 2102 consuetudine
1599 2067 1714 2099 factam
1739 2066 1892 2098 intolera-

377 2138 487 2165 ctuum
515 2142 593 2174 quos
618 2130 738 2162 interea
762 2129 832 2171 ipsa
861 2139 897 2161 cx
923 2134 988 2161 toto
1012 2128 1114 2160 bono·
1155 2122 1264 2161 bilem,
1279 2121 1453 2164 patientiae
1471 2119 1779 2153 aemansuetudinis
1794 2119 1893 2162 apho-

379 2196 449 2218 rum
476 2194 610 2227 operum
636 2182 792 2214 exercitio
818 2192 851 2213 se
880 2182 1113 2213 cumulaturam
1157 2175 1262 2207 riSmiS
1289 2175 1334 2207 sic
1358 2174 1519 2213 instruxit,
1540 2178 1575 2205 ut
1600 2173 1639 2205 ab
1664 2172 1721 2204 illa
1745 2173 1892 2204 emenda-

378 2238 551 2280 sperabat,
578 2236 606 2268 ei
641 2234 891 2273 adscriberetur,
919 2238 950 2265 et
973 2232 1113 2265 vicissim
1157 2228 1220 2261 tior
1244 2238 1280 2260 ac
1304 2227 1414 2259 mitior
1438 2227 1503 2259 visa
1528 2226 1644 2266 suerit3
1671 2236 1775 2268 eoque
1800 2225 1892 2257 brevi

377 2290 433 2323 ille
473 2288 705 2321 transcriberet
743 2287 805 2329 ipsi
841 2286 957 2328 virgini
995 2286 1114 2317 fructus
1157 2281 1189 2313 in
1214 2280 1389 2324 patientiae
1415 2279 1579 2323 gymnasio
1604 2278 1748 2321 profecit,
1770 2283 1806 2310 ut
1829 2277 1892 2310 iani

380 2340 601 2375 conversionis
626 2340 804 2372 animarum
831 2349 909 2381 quas
945 2340 999 2370 sua
1023 2348 1115 2381 prae·
1158 2345 1175 2366 a
1210 2334 1275 2366 Deo
1311 2334 1395 2365 ultro
1422 2334 1493 2375 plus
1524 2343 1559 2364 ac
1584 2333 1657 2375 plus
1689 2330 1891 2363 adversitatis

381 2394 542 2427 dicatione
560 2393 592 2425 in
606 2393 687 2425 viam
702 2391 812 2425 salutis
826 2397 893 2423 erat
907 2396 1112 2423 attracturuS.
1157 2389 1347 2431 postularet.
1374 2385 1571 2428 Religiosum
1604 2395 1676 2417 cum
1699 2384 1812 2417 mortis
1837 2395 1893 2416 an-

380 2449 447 2482 Hoe
465 2448 572 2480 tuiiuio
589 2446 780 2488 excogitavit
798 2446 929 2488 inopem
947 2445 1115 2487 parvulum
1159 2440 1290 2483 geribus
1311 2439 1435 2482 trepide
1455 2449 1489 2470 ac
1507 2438 1688 2481 periculose
1707 2438 1891 2477 luctantem,

381 2501 471 2545 quasi
497 2502 528 2533 in
545 2499 645 2532 filium
664 2509 838 2538 assumere,
860 2509 954 2541 quem
970 2497 1115 2530 christia-
1191 2522 1204 2547 1
1229 2521 1373 2555 Perperam
1390 2519 1421 2546 ed
1449 2519 1531 2545 Main.
1548 2519 1588 2545 eis
1604 2527 1650 2553 pm
1665 2519 1691 2545 is
1710 2518 1773 2552 legit
1787 2519 1817 2552 (R
1841 2518 1880 2552 τ)

381 2565 441 2588 nae
465 2554 547 2586 vitae
580 2552 771 2585 rudimentis
796 2551 970 2590 imbueret,
998 2555 1029 2582 et
1054 2550 1115 2593 piis
1192 2565 1208 2590 2
1228 2564 1297 2590 Edit.
1317 2564 1395 2590 Mam·
1417 2540 1481 2597 tegit
1500 2550 1637 2596 qmw'pm
1658 2571 1716 2596 qua
1734 2566 1772 2596 (ἢ,
1789 2562 1838 2596 Τ)
1860 2537 1890 2545 ”

415 2617 426 2644 1
447 2616 516 2642 Edit.
534 2614 612 2641 Μαίη.
631 2613 712 2639 hahet
727 2621 774 2639 seu
792 2621 840 2649 pro
856 2620 905 2638 cete
921 2614 958 2647 (R.
975 2610 1024 2645 T.).
1191 2609 1208 2636 3
1227 2609 1320 2636 Potius
1340 2608 1398 2643 tege
1418 2607 1599 2643 impatientis
1617 2613 1655 2642 tn.
1677 2609 1724 2644 τ.).

1891 234 1941 261 An.
1961 233 1989 261 C.
2008 232 2070 261 1⁶7¹

1923 1237 1944 1256 ti·
1956 1237 2027 1256 intima
2037 1241 2084 1255 cot·-

1900 1263 1912 1283 d
1924 1270 1956 1283 uun
1966 1264 2069 1288 explorat.
