2279 3260
194 223 246 250 An.
261 222 291 249 C.
313 219 376 250 1671

241 284 376 304 confirmatio

195 311 216 329 οι
225 314 336 336 exequutio
346 311 376 331 di-

194 338 242 356 eta·
258 336 336 359 nonae.

1017 226 1158 251 emmaus
1180 227 1199 251 x
1224 227 1272 252 ΡΡ.

431 272 516 310 Quae
543 272 672 316 quidem
698 273 790 306 Bulla
816 284 873 316 per
897 273 949 307 SS.
972 274 1007 307 D.
1026 274 1062 307 N.
1090 275 1121 307 in
1142 276 1144 288 '

388 325 538 357 omnibus
575 330 607 357 ct
643 335 701 368 per
735 326 841 358 omnia
878 326 909 358 in
942 337 998 360 suo
1034 337 1124 369 prae-

388 377 508 410 inserto
546 378 767 421 chirographo
798 378 987 412 confirmata
1016 385 1047 412 et
1071 391 1123 422 ap-

387 429 535 471 probata.
558 430 621 462 Nos
648 441 705 473 pro
726 431 911 463 omnimoda
936 432 1022 464 illius
1049 442 1122 464 ex'e-

387 482 515 514 cutione
542 482 609 522 tibi,
632 483 758 525 tuisque
777 484 947 526 praedictis
969 495 1064 527 praei.
1085 486 1123 517 's-

385 585 524 619 vantiam
549 588 777 621 committimus
808 595 839 622 et
862 590 1061 630 ordinamus,
1091 594 1122 623 ct

386 638 431 670 sic
456 638 540 671 dicta
565 640 652 673 dolia
678 641 742 673 vini
775 642 878 674 libera
911 653 927 674 a
953 642 1046 675 dics<
1069 652 1122 684 ga-

386 691 480 723 bellis
504 697 536 723 et
561 692 690 724 doliana
714 695 851 727 transire
876 694 1060 737 permisisse
1091 699 1122 726 et

384 743 564 784 ordinasse,
591 744 777 788 dictumque
798 746 969 789 collegium
990 746 1122 780 Germa·
1166 787 1170 791 .

384 795 492 830 uicum
517 798 734 840 parisormiter
758 798 790 831 in
807 799 896 832 libris
923 801 1070 833 dohanae
1091 805 1122 832 et

383 849 438 881 ubi
463 859 545 892 opus
571 851 667 883 suerit
692 862 749 894 pro
767 852 955 885 executione
981 858 1013 885 et
1037 853 1121 896 pari-

384 901 470 934 tione
503 903 645 936 eiusdem
682 904 875 947 praeinserti
912 905 1120 948 chirographi

383 953 522 987 liberum
547 961 579 987 et
603 962 787 999 exemptum
812 963 846 988 ut
866 968 962 1000 supra
995 968 1011 990 a
1028 968 1121 1001 prae-

383 1007 467 1040 dicta
484 1010 642 1043 solutione
666 1010 821 1043 dictarum
849 1012 994 1053 gabellae
1016 1017 1047 1045 et
1064 1013 1120 1045 do-

382 1060 495 1100 hanae,
518 1062 613 1094 etiam
639 1063 744 1105 quoad
771 1063 871 1096 dictas
893 1069 1032 1107 quatuor
1062 1075 1119 1108 pro
1139 1092 1140 1095 ,

381 1113 528 1154 quolibet
545 1114 634 1148 dolio
652 1115 727 1155 vini,
746 1121 778 1148 et
794 1116 839 1148 sic
857 1127 914 1159 pro
932 1117 1118 1151 huiusmodi
1138 1135 1140 1143 ι

381 1175 418 1198 ac
436 1166 585 1209 superius
603 1171 753 1211 expressa
774 1169 953 1212 quantitate
978 1170 1055 1211 vini,
1075 1172 1117 1203 ibi

381 1217 413 1249 in
439 1218 531 1251 dictis
558 1219 649 1253 libris
674 1221 823 1253 distincte
850 1222 1062 1266 descripsisse
1088 1229 1119 1256 et

381 1271 560 1313 adnotasse,
585 1283 621 1305 ac
640 1284 699 1316 per
719 1278 790 1306 tuos
815 1280 947 1316 agentes
973 1280 1004 1307 et
1028 1276 1139 1308 mini-³

379 1329 462 1356 stros
487 1324 557 1357 fieri
582 1330 613 1358 et
637 1326 774 1359 describi
809 1327 923 1360 secisse
950 1330 1118 1362 mandasse

380 1381 411 1408 et
435 1387 577 1410 curasse.
605 1377 703 1416 Quam
737 1380 946 1422 quantitatem
973 1381 1036 1414 vini
1062 1393 1119 1425 per

380 1435 411 1462 te
424 1435 459 1462 ut
475 1441 573 1474 supra
588 1438 769 1475 exemptam
792 1433 971 1467 faciendam
990 1440 1022 1468 et
1039 1441 1118 1468 tran-

379 1483 534 1516 seundam
569 1485 601 1516 in
633 1495 767 1518 numero
798 1486 957 1520 dictorum
983 1494 1139 1531 quatuor*

379 1534 466 1567 mille
492 1542 619 1569 centum
640 1542 672 1569 et
696 1538 933 1581 quinquaginta
959 1540 1117 1573 doliorum
1137 1556 1139 1567 ι

379 1587 442 1619 vini
468 1595 693 1632 exemptorum
717 1590 805 1623 iuxta
837 1592 970 1624 sormam
996 1593 1118 1636 capitu-

380 1640 484 1673 lorum
507 1644 656 1684 appaltus
687 1643 888 1676 dohanarum
914 1652 1116 1688 acceptamus

380 1698 412 1724 ct
436 1693 641 1735 admittimus,
668 1697 892 1740 acceptarique
925 1704 956 1731 et
980 1700 1114 1741 admitti,

380 1755 416 1777 ac
441 1748 615 1789 respective
633 1749 751 1781 bonam
769 1750 931 1790 faciemus,
950 1751 1036 1784 iuxta
1054 1753 1118 1785 sor-

378 1808 463 1830 mam
482 1800 674 1841 praeinserti
692 1802 901 1846 chirographi
922 1805 1116 1838 sanctissimi

379 1851 500 1883 domini
525 1853 625 1885 nostri
652 1854 771 1897 Papae:
798 1857 964 1888 contrariis
982 1867 1045 1890 non
1064 1859 1118 1891 ol)-

378 1905 539 1938 stantibus
566 1907 837 1952 quibuscumque.
866 1909 898 1942 ln
924 1921 1058 1953 quorum
1084 1912 1118 1944 fi-

379 1958 451 1990 dem
469 1985 475 1997 ,
501 1964 563 1991 etc.

422 2011 535 2044 Datum
561 2013 698 2053 Romae,
729 2019 803 2054 ete.y
838 2015 897 2047 hac
923 2016 974 2049 die
997 2027 1049 2049 xiv
1074 2017 1139 2055 ia-{

377 2064 484 2097 nuarii
509 2075 658 2100 unctxxi.

381 2143 591 2179 nimos-mus
611 2145 806 2188 Gas‘mtnus,
838 2148 982 2182 thesaur.
1003 2160 1113 2192 gener.

466 2215 570 2249 Locus
595 2219 617 2257 †
643 2217 754 2260 sigilli.

745 2288 857 2322 losum
883 2289 1025 2324 GEzzius.

419 2357 590 2385 Mandatum
604 2359 702 2393 viyore
717 2360 905 2395 σιώ-0911111111
921 2362 1115 2390 Sanctissz'mi.

416 2444 472 2472 Dat.
491 2445 534 2472 die
551 2446 583 2473 14
599 2445 712 2475 ianuarii
736 2448 813 2482 1671,
830 2449 924 2484 pontif.
945 2458 987 2477 an.
1008 2456 1027 2477 1.

387 544 496 566 sorum
525 540 557 567 et
588 535 735 578 superius
765 536 988 569 ordinatorum
1015 537 1072 570 obs
1097 531 1144 569 r·⁸l

1477 278 1578 312 XLIX.

1166 345 1373 387 Confirmatio
1397 347 1593 380 decretorum
1619 351 1648 383 S.
1668 351 1705 383 R.
1732 352 1767 384 E.
1795 353 1901 384 cardi-

1209 400 1337 432 nalium
1358 400 1394 432 de
1414 402 1600 433 revocandis
1616 406 1782 435 attentatis
1799 416 1818 436 α
1838 406 1902 447 sra-

1209 453 1313 484 tribus
1337 453 1537 486 Excalcealis
1565 456 1769 487 eremitarum
1799 457 1897 490 Ordi-

1208 504 1259 536 nis
1293 506 1398 537 sancti
1436 506 1619 548 Auquslini
1653 508 1688 539 in
1725 508 1901 541 Lusitania

1207 557 1292 589 circa
1320 558 1573 591 iurisdictionem
1596 562 1817 602 procztraloris
1841 572 1895 604 qe-

1208 610 1331 642 nerolis
1355 615 1383 643 el
1407 621 1563 644 novorum
1592 616 1805 645 conventuum
1829 624 1896 646 ere-

1208 663 1344 695 ctionem
1360 662 1380 696 ¹.

1383 743 1517 770 Glemona
1537 745 1615 778 Papa
1634 745 1674 778 X,

1300 786 1337 812 ad
1356 786 1490 814 futuram
1509 788 1555 814 roi
1577 790 1758 816 memoriam.

1208 857 1219 886 t
1241 855 1293 887 'ias
1311 862 1502 889 emanarunt
1515 868 1531 890 a
1548 859 1801 901 congregatione
1820 871 1900 893 non-

1163 908 1326 940 nullorum
1351 909 1584 943 venerabilium
1616 911 1747 945 fratrum
1772 918 1900 946 nostro-

1140 970 1231 1011 Ι111111
1256 960 1286 993 S.
1315 961 1351 993 R.
1378 962 1412 994 E.
1440 963 1650 997 cardinalium
1669 976 1684 996 a
1711 966 1804 999 nobis
1827 977 1901 1010 spe-

1138 1022 1142 1057 1
1165 1013 1291 1046 cialiter
1308 1014 1535 1057 deputatorum
1555 1017 1683 1050 decreta
1704 1019 1825 1051 tenoris
1847 1020 1899 1063 qui

1162 1066 1316 1108 sequitur,
1340 1068 1509 1101 videlicet:

1204 1119 1219 1161 g
1244 1119 1274 1151 1.
1308 1132 1320 1150 1
1338 1119 1415 1153 Cum
1434 1121 1547 1154 fratres
1565 1122 1743 1156 Excalceati
1771 1124 1899 1157 Ordinis

1162 1172 1369 1205 cremitarum
1401 1175 1503 1207 sancti
1536 1176 1706 1218 Augustini
1739 1177 1769 1210 in
1795 1188 1896 1220 regno

1162 1225 1342 1258 Lusitaniae
1356 1228 1587 1260 monasterium
1604 1228 1635 1261 S.
1655 1228 1894 1273 Conceptioni5‚

1161 1277 1191 1309 in
1212 1288 1275 1321 quo
1293 1278 1422 1321 degunt,
1440 1285 1584 1313 erectum
1601 1292 1660 1324 pro
1678 1285 1753 1315 cura
1774 1284 1895 1317 monia-

1162 1330 1238 1362 lium
1257 1331 1400 1364 eiusdem
1414 1331 1554 1373 Ordinis,
1571 1343 1587 1365 a
1605 1333 1825 1368 iurisdictione
1844 1348 1895 1379 pa-

1138 1405 1140 1416 .
1162 1383 1218 1415 tris
1243 1384 1406 1426 generalis
1437 1385 1534 1418 totius
1557 1386 1684 1420 Ordinis
1709 1388 1894 1422 huiusmodi

1138 1419 1142 1474 ,Ῑ
1161 1437 1350 1476 exemerint,
1371 1443 1402 1469 et
1426 1437 1675 1481 Congregationi
1693 1440 1896 1475 Excalceato—

1161 1489 1236 1520 rum*
1256 1489 1428 1532 Hispaniae
1460 1491 1665 1533 subiecerint,
1693 1493 1831 1526 novitios
1856 1494 1894 1527 ad

1162 1540 1307 1573 habitum
1333 1542 1529 1583 admiserint,
1550 1549 1581 1576 et
1597 1555 1678 1577 nova
1702 1547 1895 1579 monasteria

1160 1593 1281 1629 ibidem
1306 1595 1431 1636 erigere
1457 1601 1488 1628 et
1513 1596 1646 1630 fundare
1674 1598 1892 1639 intenderent,

1137 1655 1139 1677 ·,
1160 1647 1319 1689 pendente
1345 1650 1564 1682 controversia
1590 1661 1687 1693 super
1711 1652 1895 1685 huiusmodi

1162 1710 1194 1731 re
1221 1700 1253 1732 in
1277 1703 1366 1733 sacra
1399 1703 1655 1745 congregatione
1681 1705 1896 1737 emiuentissi-

1137 1763 1287 1801 ¹'morum
1318 1754 1349 1786 S.
1378 1754 1414 1786 R.
1441 1755 1475 1787 E.
1511 1756 1721 1789 cardinalium
1758 1758 1896 1800 negotiis

1137 1832 1138 1838 ,
1161 1811 1191 1837 et
1215 1807 1507 1839 consultationibus
1532 1808 1762 1852 episcoporum
1788 1816 1819 1843 et
1847 1821 1897 1843 re-

1161 1860 1320 1901 gularium
1346 1861 1550 1903 praeposita;
1578 1867 1610 1894 et
1634 1870 1824 1905 procurator
1844 1875 1898 1906 ge-

1137 1951 1138 1960 *
1161 1913 1279 1945 ncralis
1307 1913 1402 1946 totius
1420 1913 1546 1946 Ordinis
1564 1916 1720 1958 praedicti
1742 1917 1897 1950 institerit

1135 1965 1304 1997 *revocari
1333 1967 1477 2008 praefata
1508 1967 1625 2007 onmia,
1653 1973 1765 2011 utpote
1794 1975 1896 2003 atten-

1161 2023 1233 2054 tata,
1260 2023 1292 2050 et
1316 2018 1501 2051 huiusmodi
1527 2031 1625 2052 novas
1650 2022 1833 2055 erectiones
1849 2023 1896 2056 di-

1135 2082 1139 2116 1
1160 2072 1217 2102 ctis
1254 2071 1407 2103 fratribus
1443 2072 1640 2106 Excalceatis
1676 2075 1826 2108 interdici
1858 2087 1895 2109 ac

1136 2120 1139 2124 ’
1159 2124 1344 2167 prohiberi:
1372 2131 1572 2168 quapropter
1589 2127 1799 2169 congregatio
1818 2139 1896 2162 non-

1160 2178 1323 2210 nullorum
1341 2177 1371 2210 S.
1389 2178 1425 2210 R.
1446 2178 1479 2210 Ε.
1500 2179 1712 2212 cardinalium
1729 2181 1766 2213 ad
1784 2192 1895 2224 supra-

1135 2261 1136 2268 ,
1159 2231 1260 2263 dictas
1274 2241 1389 2274 preces
1408 2231 1638 2265 examinandas
1655 2244 1672 2265 a
1691 2234 1894 2267 sanctissimo

1159 2284 1290 2317 domino
1316 2290 1427 2317 nostro
1452 2286 1636 2328 specialiter
1660 2287 1822 2329 deputata,
1842 2299 1895 2320 au-

1159 2337 1232 2369 ditis
1257 2338 1376 2380 pluries
1401 2338 1565 2371 rationum
1582 2340 1754 2372 momentis
1781 2346 1842 2372 tam
1861 2340 1893 2372 in

1160 2389 1241 2422 sacto
1267 2401 1360 2433 quam
1385 2390 1417 2422 in
1444 2390 1513 2423 iure
1544 2402 1602 2434 per
1632 2397 1800 2435 utramque
1825 2403 1894 2435 par-

1196 2480 1204 2505 1
1229 2477 1442 2506 Declarationein
1462 2478 1643 2512 decretorum,
1664 2481 1734 2507 circa
1754 2481 1892 2507 materiam

1158 2522 1190 2549 de
1211 2531 1262 2558 qua
1278 2524 1303 2550 in
1320 2524 1426 2550 rubrica
1440 2524 1585 2557 editorum,
1601 2524 1685 2551 habes
1699 2525 1767 2552 iufra
1785 2525 1811 2551 in
1826 2527 1893 2552 Con-

1158 2567 1295 2594 stitutione
1316 2567 1393 2594 huius
1411 2567 1544 2595 l‘ontificis
1559 2576 1627 2604 quae
1646 2568 1757 2604 incipit,
1777 2569 1824 2596 Ex
1842 2570 1890 2597 in⁶

1158 2611 1265 2639 iunceo.

1798 224 1862 258 155
1907 233 1957 261 An.
1974 233 2002 261 c.
2025 234 2087 262 ¹671

1938 875 2078 895 Prooemium.

1969 1137 2095 1157 Rerarnntur

1911 1163 1997 1184 decreta
2025 1164 2095 1184 cardi-

1910 1190 1995 1210 uallum.
