2279 3260
217 241 266 268 Λιι.
290 239 318 266 c.
339 238 404 266 ¹673
451 230 515 264 40¹2

268 1142 336 1172 'tenor
357 1147 410 1163 sum-

225 1174 295 1190 mani.

410 288 531 321 vicario
558 288 699 331 generali
719 298 735 321 a
752 285 946 321 recolendae
971 285 1146 318 memoriae

411 342 509 374 raucio
536 342 593 375 ΡΙ).
622 342 644 374 V
669 342 918 386 praedecessore
945 338 1066 382 pariter
1094 347 1149 369 no-

412 400 480 428 stro
507 395 659 428 attributa
677 395 748 437 suit)
773 402 946 427 concessae
969 390 1096 430 suerint,
1113 393 1149 421 ut

412 448 528 489 omnis,
556 458 637 491 quae
656 448 740 480 cirea
758 447 829 479 illas
855 444 931 477 oriri
956 447 1074 487 posset,
1093 441 1149 474 du-

412 500 514 533 bietas
539 499 749 538 recideretur,
774 508 809 530 ex
832 496 949 529 litteris
967 493 1150 538 apostolicis

414 554 552 596 desuper
569 551 723 585 emanantis
741 550 881 584 fideliter
894 552 1079 590 excerptum
1094 546 1152 578 suit

414 607 542 639 illarum
559 603 778 642 summarium,
792 613 809 634 a
824 601 941 634 dilecto
957 599 1024 632 filio
1039 603 1151 631 nostro

415 659 535 691 Ioanne
573 656 655 688 tituli
692 655 722 688 S.
751 652 907 687 Bernardi
940 652 973 684 in
1005 651 1151 684 Thermis

417 712 448 745 S.
472 711 508 743 R.
531 710 565 743 E.
586 708 757 742 cardinalis
784 707 873 740 Bona
897 709 1082 748 nuncupato
1106 714 1152 737 re-

417 764 528 804 visum,
554 762 676 796 tenoris
710 761 765 804 qui
790 759 955 804 sequitur,
981 757 1150 791 videlicet:

418 843 646 876 Summartum
670 839 956 882 indulqentiarum
975 848 996 870 a
1019 837 1154 869 diversis

461 894 603 928 Summis
614 891 828 934 Pontificibus
840 900 1061 923 concessarum
1073 889 1156 921 chri-

467 1050 625 1086 Carmelo.

465 1131 580 1165 Felicis
605 1129 842 1164 recordationis
860 1128 963 1162 Sixtus
980 1128 1016 1161 IV
1034 1128 1067 1161 in
1084 1128 1158 1161 Bul-

422 1187 452 1219 la
482 1185 568 1217 Dum
596 1186 737 1223 attenta,
765 1182 837 1214 data
867 1181 1014 1214 kalendis
1047 1181 1159 1223 aprilis

423 1247 604 1277 MCDLXXVH,
624 1237 661 1269 ad
680 1236 864 1269 instantiam
887 1235 992 1267 fratris
1016 1234 1159 1268 Christo-

424 1291 519 1335 phori
538 1290 738 1330 Martisnoni,
758 1289 875 1333 prioris
893 1288 1054 1331 generalis
1068 1288 1160 1322 Ordi-

425 1344 475 1377 nis
499 1344 632 1376 fratrum
665 1343 780 1375 Beatae
805 1341 943 1384 Virginis
974 1341 1090 1374 Mariae
1120 1342 1159 1374 de

424 1398 529 1431 Monte
551 1396 712 1437 Carmelo,
740 1405 853 1428 omnes
885 1394 1104 1437 indulgentias
1130 1387 1184 1427 et'

425 1454 629 1493 peccatorum
654 1447 870 1487 remissiones,
896 1458 914 1480 a
938 1447 1074 1480 diversis
1100 1446 1162 1480 Ro-

426 1502 528 1536 manis
544 1500 752 1534 Pontificibus
769 1510 939 1532 concessas
960 1499 1162 1533 visitantibus

427 1554 579 1589 ecclesias
604 1554 681 1587 dicti
706 1553 831 1586 Ordinis
857 1552 939 1585 etin
965 1553 1048 1585 dicta
1072 1553 1163 1586 Bulla

426 1608 615 1646 recensitas,
629 1606 838 1645 confirmavit,
860 1605 1049 1649 approbavit
1069 1610 1101 1638 et
1118 1605 1162 1638 in-

427 1818 556 1851 iutrices
581 1818 751 1857 fratribus,
778 1817 984 1857 monialibus,
1020 1818 1163 1850 ecclesiis

426 1872 475 1904 veI
502 1871 650 1904 domibus
677 1870 812 1913 praefati
839 1869 975 1909 Ordinis,
995 1875 1027 1903 et
1051 1870 1163 1904 beatus

427 1924 501 1957 Pius
532 1924 555 1955 V
579 1934 638 1967 per
673 1934 762 1956 suam
795 1923 1064 1957 Constitutionem
1093 1925 1164 1958 Etsi

427 1977 586 2009 dominici
608 1977 727 2020 yreqis,
755 1976 860 2009 datam
887 1987 917 2010 vi
943 1977 1013 2010 idus
1038 1978 1162 2010 februa-

427 2030 464 2063 rii
483 2040 622 2070 MDvan,
641 2035 850 2062 revocaverat
871 2040 981 2063 omnes
995 2031 1163 2073 indulgen-

427 2083 508 2123 tias,
534 2093 592 2125 pro
628 2082 744 2125 quibus
778 2083 1018 2125 consequendis
1048 2094 1161 2116 manus

427 2135 601 2168 adiutrices
627 2135 842 2177 porrigendae
863 2140 965 2175 erant,
992 2136 1094 2168 felicis
1112 2147 1163 2169 re-

427 2187 623 2221 cordationis
638 2186 812 2228 Gregorius
828 2187 892 2219 XIII
910 2187 942 2219 in
960 2188 1074 2221 litteris
1092 2200 1163 2232 apo-

425 2293 492 2326 bris
529 2303 697 2333 uecxxvn,
736 2292 835 2325 dictas
872 2293 1090 2336 indulgentias
1131 2296 1163 2328 in

427 2347 598 2389 pristinum
630 2350 661 2378 et
691 2356 781 2386 eum,
810 2346 841 2378 in
873 2357 937 2389 quo
971 2354 1065 2380 erant
1088 2354 1162 2381 ante

428 2400 543 2432 (liciam
571 2399 814 2438 revocationem,
831 2405 945 2432 statum
966 2400 1108 2432 restituit
1132 2407 1164 2434 et
1184 2394 1186 2427 ῗ

995 235 1173 261 anthimum
1197 235 1348 260 ROM-XNUM

1189 283 1367 323 visitando,
1394 284 1459 317 sint
1489 284 1616 318 contriti
1648 290 1679 317 et
1704 284 1862 323 confessi,
1890 294 1926 316 ac

1190 337 1261 369 loco
1280 337 1503 380 eleemosynae
1524 337 1708 380 praedictae
1725 336 1846 380 septies
1862 346 1926 369 ora-

1193 389 1313 423 tionem
1337 390 1542 431 dominicam,
1560 391 1736 434 itidemque
1762 390 1929 423 salutatio-

1191 453 1266 475 nem
1303 443 1483 485 angelicam
1520 443 1677 480 recitent,
1704 444 1752 476 vel
1783 442 1927 475 habitum

1193 495 1268 527 dicti
1300 494 1426 527 Ordinis
1453 500 1592 538 gestent,
1619 496 1668 528 vel
1693 506 1843 538 vesperas
1867 505 1927 538 pro

1194 547 1351 580 defunctis
1369 548 1514 588 recitent,
1533 553 1586 580 aut
1600 553 1673 581 ante
1691 548 1927 581 sanctissimum

1194 599 1318 633 Domini
1356 599 1457 632 nostri
1481 599 1551 632 Iesu
1576 599 1693 633 Christi
1718 600 1840 643 Corpus
1865 605 1928 633 ter-

1194 664 1262 687 ram
1287 654 1495 693 osculentur,
1523 663 1559 685 ac
1590 663 1649 696 pro
1682 652 1855 685 haeresum
1879 663 1929 685 ex-

1195 706 1367 750 tirpatione
1383 732 1390 746 ,
1417 710 1611 748 sanctaeque
1637 705 1743 738 Matris
1768 704 1928 738 Ecclesiae

1196 758 1444 802 tranquillitate,
1469 757 1786 801 christianorumque
1810 757 1931 801 princi-

1196 823 1273 855 pum
1296 822 1376 855 pace
1402 815 1434 844 et
1455 810 1573 844 unione
1591 810 1660 854 pias
1684 810 1723 843 ad
1740 810 1841 843 Deum
1860 820 1934 853 pre-

1197 876 1251 898 ces
1277 863 1451 905 ess'undant,
1474 869 1505 896 et
1529 864 1608 897 alias
1633 863 1719 896 iuxta
1742 863 1934 906 praedeces-

461 946 653 988 stifidelibus
683 945 896 978 visitantibus
926 943 1072 975 ecclesias
1102 942 1156 975 Or·
1176 949 1178 976 i
1198 929 1306 952 sorum
1331 928 1463 952 suorum
1489 918 1668 951 hsterarum
1688 927 1805 950 semem
1830 920 1934 956 orent'

462 1000 550 1032 dinis
565 1000 683 1032 Beaiae
707 998 850 1040 Virqinis
865 997 990 1029 Mariae
1003 995 1040 1028 de
1049 996 1161 1028 Monte-

1199 971 1325 1014 aliaque
1346 975 1514 1013 peragant.

1251 1023 1463 1056 Summarium
1505 1027 1613 1055 autem
1660 1022 1936 1065 indulgentiarum

1200 1087 1425 1110 concessarum
1443 1081 1492 1109 est
1509 1075 1697 1109 huiusmodi
1721 1075 1754 1108 in
1774 1075 1864 1108 dictis
1886 1075 1938 1108 lit-

1201 1130 1293 1164 teris:

1245 1193 1266 1216 1.
1293 1183 1356 1216 Leo
1388 1183 1446 1216 ΡΙ).
1475 1182 1510 1215 IV
1541 1182 1689 1215 omnibus
1717 1180 1936 1215 christifideli-

1203 1236 1269 1276 bus,
1297 1236 1349 1279 qui
1382 1235 1535 1269 ecclesias
1559 1236 1593 1268 B.
1620 1234 1736 1267 Mariae
1768 1235 1807 1267 de
1830 1234 1937 1267 Monte

1203 1289 1348 1322 Carmelo
1374 1288 1561 1321 huiusmodi
1586 1287 1618 1320 in
1644 1287 1735 1320 sestis
1759 1286 1938 1320 Nativitatis

1204 1341 1339 1381 Domini,
1356 1341 1511 1382 Paschae,
1533 1340 1753 1380 PentecosteS,
1779 1340 1939 1383 apostolo-

1204 1405 1275 1427 rum
1299 1395 1384 1427 Petri
1410 1399 1442 1426 et
1465 1393 1568 1433 Pauli,
1586 1393 1835 1436 Assumptionis,
1853 1392 1940 1426 Nati-

1204 1447 1318 1487 vitatis‚
1337 1446 1612 1487 Annunciationis,
1632 1445 1869 1479 purificationis
1884 1446 1939 1480 Dei

1205 1499 1373 1533 Genitricis
1404 1499 1537 1539 Mariae,
1563 1499 1594 1531 S.
1628 1499 1793 1532 Michaelis
1822 1499 1941 1532 Arcan-

1206 1554 1282 1596 geli,
1309 1553 1456 1586 Omnium
1481 1553 1679 1593 Sanctorum,
1696 1553 1729 1586 in
1751 1553 1877 1586 duobus
1900 1553 1942 1587 se·

1182 1627 1184 1649 ¹,
1206 1606 1262 1639 stis
1287 1606 1318 1639 S.
1345 1606 1463 1647 Crucis,
1481 1605 1661 1638 Nativitatis
1684 1605 1716 1639 S.
1735 1606 1865 1639 Ioannis
1882 1606 1941 1639 Ba·

426 1660 562 1694 novavit.
581 1659 707 1699 Verum,
723 1658 797 1701 quia
815 1659 923 1702 plures
940 1658 1067 1691 illarum
1085 1659 1163 1691 elar-
1183 1653 1185 1696 ᾗ
1206 1659 1333 1702 ptistae‚
1359 1658 1406 1692 Ss.
1434 1665 1607 1702 martyrum
1633 1658 1764 1691 Fabiani
1789 1664 1821 1691 et
1844 1658 1941 1692 Seba-

427 1713 509 1756 gitae
541 1718 572 1745 et
604 1722 620 1744 a
652 1711 737 1744 dicto
767 1711 855 1744 Sixto
888 1711 924 1743 IV
954 1710 1162 1744 confirmatae
1183 1722 1185 1754 :³
1206 1712 1319 1753 stiaui,
1355 1717 1386 1745 et
1422 1712 1455 1744 in
1490 1711 1540 1745 die
1577 1712 1784 1752 Parasceves,
1820 1716 1852 1745 et
1883 1722 1942 1755 per

427 1771 517 1798 erant
540 1766 600 1798 sub
625 1774 722 1797 onere
754 1763 942 1807 porrigendi
968 1774 1083 1796 manus
1109 1765 1163 1797 ad·
1184 1758 1185 1761 ¹

1206 1772 1332 1798 octavas
1357 1765 1574 1808 praefatarum
1600 1765 1808 1798 festivitatum
1834 1769 1865 1797 et
1888 1775 1941 1798 vo·

1206 1816 1344 1851 cabulis¹
1362 1819 1505 1851 omnium
1524 1817 1733 1851 ecclesiarum
1755 1817 1830 1850 dicti
1855 1816 1941 1850 Ordi-

1206 1871 1256 1903 nis
1282 1871 1395 1904 devote
1416 1870 1621 1913 visitaverint,
1644 1876 1767 1914 septem
1791 1880 1893 1902 annos
1910 1874 1942 1903 et.

1207 1923 1338 1957 totidem
1364 1924 1598 1966 quadragenas.

1250 1987 1284 2009 11.
1311 1976 1349 2008 Et
1374 1976 1534 2008 Adrianus
1562 1975 1597 2016 ΙΙ,
1616 1974 1798 2017 Stephanus
1822 1974 1853 2015 V,
1872 1973 1942 2008 Ser-

1183 2060 1185 2074 ,
1206 2029 1276 2072 gius
1295 2029 1345 2069 III,
1372 2029 1506 2061 Ioannes
1531 2029 1587 2068 XI,
1615 2028 1745 2070 Sergius
1769 2027 1804 2059 IV
1830 2033 1861 2060 et
1885 2027 1942 2060 In-

1183 2088 1185 2123 }
1206 2081 1375 2115 nocentius
1416 2082 1451 2114 IV
1487 2081 1635 2113 omnibus
1677 2080 1941 2113 christifidelibus

1184 2154 1185 2180 3
1206 2145 1279 2168 vere
1304 2134 1560 2178 poenitentibus,
1585 2134 1731 2166 contritis
1764 2139 1795 2166 et
1819 2134 1942 2167 conses-

1184 2205 1185 2228 3
1206 2189 1259 2229 sis,
1283 2188 1337 2231 qui
1363 2188 1520 2230 praefatas
1539 2187 1692 2219 ecclesias
1718 2187 1770 2229 pie
1795 2186 1942 2220 visitave-

427 2240 549 2273 stolicis
582 2240 620 2272 Ue
646 2239 774 2279 laudes,
804 2240 884 2272 datis
918 2251 995 2273 xviii
1028 2247 1163 2284 septem-
1205 2242 1271 2274 rint
1294 2241 1327 2273 in
1351 2240 1502 2284 praefatis
1528 2240 1755 2273 festivitatibus
1776 2245 1807 2272 et
1831 2250 1943 2273 earum

1206 2294 1341 2335 octavis,
1368 2294 1496 2327 tertiam
1520 2299 1642 2336 partem
1669 2293 1812 2326 omnium
1836 2304 1943 2337 pecca-

1209 2354 1311 2381 torum
1335 2348 1368 2380 in
1393 2347 1527 2381 Domino
1553 2349 1747 2391 relaxarunt.

1252 2411 1299 2433 111.
1327 2400 1406 2433 Item
1435 2400 1584 2433 Clemens
1616 2400 1671 2440 III,
1696 2400 1878 2433 Alexander
1905 2400 1939 2441 II,

427 2452 626 2492 rcvalidavit,
654 2453 781 2494 dempta
806 2453 947 2485 clausula
972 2454 1163 2495 porrigendi
1183 2445 1185 2482 l
1207 2453 1381 2495 Gregorius
1407 2454 1429 2485 V
1447 2459 1478 2486 et
1495 2453 1543 2486 Vll
1561 2454 1592 2485 in
1614 2454 1764 2496 praefatis
1788 2454 1889 2495 sestis,
1908 2458 1941 2486 et.

427 2516 541 2538 manus
568 2505 738 2538 adiutrices
765 2511 795 2538 et
820 2506 996 2548 elargieudi
1023 2509 1162 2540 eleemo-

426 2570 542 2602 synas;
569 2559 613 2591 ita
631 2564 747 2598 tamen,
767 2560 850 2602 quod
873 2559 904 2591 lii
927 2560 1161 2599 christifideles,

1243 2577 1253 2603 ¹1
1277 2577 1370 2604 Potius
1386 2577 1436 2612 leg.
1454 2577 1667 2612 vocabulorum,
1690 2581 1719 2604 ut
1739 2577 1786 2604 inf.
1803 2586 1877 2605 num.
1895 2583 1941 2605 vul

427 2612 480 2657 qui
506 2612 578 2645 illas
611 2612 766 2656 consequi
796 2612 981 2653 voluerint,
1008 2613 1161 2645 ecclesias
1204 2624 1242 2657 (a.
1259 2627 1306 2655 τ.).

1935 234 1984 262 An.
2001 233 2029 261 C.
2053 234 2120 260 ¹673
