2279 3260
913 299 1008 323 mnsx
1034 298 1137 323 atinum
1695 286 1756 320 717

352 352 489 393 titulari,
516 350 578 386 169
604 361 642 391 a;
669 350 724 384 sed
755 350 858 384 solum
890 357 962 385 actu
995 351 1176 394 gubernans
1209 349 1243 382 in
1270 348 1411 392 capitulo
1436 347 1575 392 generali
1608 347 1799 392 suffragium

353 405 457 446 habet,
477 405 565 445 ibi‹l.;
592 405 699 448 quoad
725 405 859 448 reliqua,
884 405 956 437 vide
980 404 1134 445 Abbates;
1160 403 1230 437 vide
1253 404 1352 436 eliam
1376 402 1520 436 Monachi
1546 401 1659 435 Montis
1676 399 1800 435 Oliveti.

266 458 507 492 Ordinariorum
534 457 746 491 iurisdictioni
771 457 936 491 subiacent
961 457 1065 490 clerici
1092 463 1122 491 et
1157 457 1227 490 laici
1253 455 1512 499 Congregationis
1537 455 1718 498 Pauperum
1743 454 1806 487 Ma-

354 511 411 544 tris
436 511 490 544 Dei
515 511 700 545 Scliolarum
726 511 850 543 l‘iarum
877 510 1040 544 discedere
1064 511 1201 544 volentes
1230 522 1247 543 a
1278 509 1431 553 religione
1457 519 1513 552 per
1537 508 1806 552 dispensationem

353 566 447 599 certis
472 576 538 599 non
563 565 721 608 sequutis,
749 565 811 598 1:33
836 577 868 598 a.

265 618 399 653 Ordines
425 630 532 653 sacros
554 619 737 654 conferendi
764 619 904 662 linguam
930 618 1060 651 latinam
1085 617 1271 660 ignorantes
1293 616 1386 648 datur
1411 613 1544 647 facultas
1568 613 1730 647 nonnullis
1754 611 1806 645 vi-

354 673 448 707 cariis
472 673 670 717 apostolicis,
693 672 757 705 ‚7444
781 673 796 705 Ι)
815 678 846 705 ct
862 671 939 711 4003
965 671 1004 703 ad
1030 670 1159 704 ordines
1184 679 1291 703 sacros
1312 669 1357 701 sic
1372 667 1525 711 promotis
1546 665 1736 700 commutari
1755 675 1809 709 po-

355 732 414 760 test
438 727 583 760 recitatio
609 726 707 759 diuini
734 725 829 760 officii
856 725 887 757 in
913 725 988 757 alias
1012 735 1124 767 preces
1150 723 1282 767 propria
1307 722 1426 764 lingua,
1454 720 1530 753 ibid.

267 779 351 813 Ordo
378 779 685 819 camaldulensium,
712 780 781 811 ¹virle
806 778 976 811 Eremitae.

267 832 350 867 Ordo
375 833 629 871 Carmelitarum,
654 834 696 866 lit]
721 833 756 872 b;
783 831 871 876 prior
895 831 1053 873 generalis
1077 830 1115 862 ad
1142 829 1229 862 aliud
1261 830 1444 862 sexennium
1475 826 1696 866 confirmatur,
1717 825 1753 858 41
1775 836 1807 865 a,

355 897 511 930 expensae
537 897 593 928 pro
618 886 757 929 capitulo
782 884 923 928 generali
948 890 978 917 et
1001 883 1217 916 assistentium
1245 881 1475 915 sustentatione
1503 879 1676 919 faciendae,
1702 879 1733 911 in
1759 889 1808 911 ex-

356 939 543 972 tinctionem
569 938 651 971 aeris
676 938 769 970 alieni
794 942 980 980 erogantur,
1006 937 1043 969 lit
1074 937 1108 974 b;
1134 936 1245 969 fratres
1269 934 1458 968 Carmelitae
1484 932 1666 967 Discatceati
1692 931 1811 965 faciunt

357 1003 431 1026 cum
457 992 610 1026 Calceatis
629 1002 729 1024 unum
755 990 907 1023 Ordinem
926 989 1180 1027 Carmelitarum‚
1210 988 1271 1021 1137
1298 988 1334 1028 ἐν,
1361 988 1433 1021 ideo
1459 987 1610 1020 fratribus
1637 985 1809 1029 praedictis

356 1046 464 1079 omnia
483 1052 547 1079 tam
567 1045 606 1078 de
633 1045 702 1078 iure
726 1054 822 1088 quam
847 1054 882 1075 ex
900 1043 1068 1086 privilegio
1086 1042 1236 1075 Ordinem
1263 1041 1504 1074 Carmelitarum
1531 1039 1699 1073 attinentia
1724 1048 1811 1072 com·

356 1099 467 1131 munia
491 1105 576 1138 sunt,
597 1099 625 1130 ib
643 1098 671 1130 d.
697 1098 730 1137 b;
758 1095 821 1129 ¹138
846 1107 881 1136 a,
908 1094 1058 1129 fratribus
1083 1101 1113 1128 et
1139 1094 1333 1127 monialibus
1350 1094 1527 1127 Car-melitis
1548 1092 1704 1127 calceatis
1724 1101 1810 1125 corn·

357 1150 560 1183 munieantur
580 1160 689 1184 omnes
713 1151 834 1193 gratiae
852 1155 882 1182 et
903 1148 1066 1192 privilegia
1092 1148 1156 1181 iarn
1174 1158 1325 1181 concessa
1349 1153 1379 1180 et
1396 1147 1426 1180 in
1445 1148 1586 1180 futurum
1606 1145 1811 1180 concedenda

355 1203 503 1237 fratribus
524 1204 741 1243 Discalceatis,
760 1204 834 1236 ibid.
859 1203 893 1243 b,
917 1203 1050 1235 fratrum
1077 1201 1319 1235 Carmelitarum
1353 1201 1384 1234 in
1412 1207 1533 1244 septem
1561 1198 1809 1233 ultramontanis

356 1258 525 1300 provinciis
543 1258 662 1302 priores
681 1264 712 1291 et
736 1257 886 1291 officiales
907 1266 971 1288 non
997 1267 1014 1289 a
1038 1263 1254 1289 conventuum
1280 1254 1579 1293 communitatibus,
1606 1253 1662 1286 sed
1686 1252 1718 1285 in
1736 1263 1810 1295 pro-

356 1310 543 1344 vincialibus
565 1310 754 1344 delinitoriis
780 1311 952 1353 eliguntur,
972 1309 1038 1341 244
1062 1321 1080 1342 α
1098 1320 1106 1349 ;
1134 1309 1266 1342 fratrum
1289 1308 1531 1351 praedictorum
1549 1305 1742 1339 officialibus
1759 1315 1809 1338 ex-

355 1369 403 1396 tra
422 1369 547 1407 tempus
572 1363 702 1406 capituli
728 1363 923 1403 vacantibus,
941 1363 1012 1396 novi
1037 1374 1054 1395 a
1077 1363 1459 1406 congregationeannua
1485 1359 1658 1393 definitorii
1683 1358 1810 1403 provin-

355 1416 424 1449 ciae
448 1417 698 1456 substituantur,
725 1416 818 1455 ibicis,
843 1416 977 1449 fratrum
1003 1415 1238 1458 praedictorum
1263 1415 1362 1458 priori
1387 1414 1525 1456 generali
1555 1413 1650 1446 datur
1679 1413 1810 1445 facultas

356 1470 497 1502 lauream
523 1470 717 1503 doctoralem
742 1469 892 1502 fratribus
917 1469 967 1502 sui
997 1468 1123 1502 Ordinis
1151 1467 1346 1507 conferendi,
1366 1466 1432 1499 312
1457 1467 1472 1498 I)
1498 1473 1525 1499 et
1552 1477 1636 1509 seq.;
1659 1464 1811 1498 fratribus

356 1523 528 1556 Carmelitis
554 1523 754 1557 Discalceatis
780 1523 968 1566 prohibetur
993 1522 1175 1555 aedificium
1203 1527 1378 1555 conventus
1411 1522 1442 1553 in
1472 1519 1591 1563 oppido
1620 1519 1657 1552 de
1682 1518 1808 1558 Bilbao,

356 1575 419 1609 399
438 1588 458 1609 α
476 1582 507 1610 et
526 1587 598 1620 seq.;
618 1577 729 1610 fratres
754 1577 936 1609 Carmelitas
962 1576 1015 1619 qui
1041 1575 1221 1609 vocaverint
1245 1575 1354 1607 fratres
1378 1574 1412 1606 B.
1433 1573 1470 1605 M.
1492 1573 1526 1605 V.
1555 1572 1594 1605 de
1619 1573 1723 1605 Monte
1741 1571 1812 1605 Car-

357 1630 439 1662 melo
459 1635 521 1663 tres
538 1640 639 1662 annos
664 1636 694 1664 et
720 1629 852 1663 totidem
877 1630 1096 1673 quadragenas
1121 1628 1394 1671 indulgentiarum
1419 1631 1671 1670 consequuntur,
1692 1623 1755 1658 403
1774 1625 1810 1665 b;

356 1683 490 1716 fratrum
516 1683 752 1727 praedictorum
779 1683 874 1727 priori
901 1682 1039 1726 generali
1066 1683 1158 1715 datur
1184 1682 1314 1715 facultas
1340 1681 1617 1716 confraternitates
1634 1679 1716 1713 sacri
1735 1679 1809 1713 Sca-

356 1737 475 1782 pularis
500 1737 708 1779 instituendi,
735 1736 799 1770 408
823 1748 860 1777 a,
886 1737 1037 1770 fratribus
1063 1735 1233 1780 praedi-<tis
1268 1735 1412 1778 indulget
1442 1735 1559 1767 Paulus
1584 1733 1606 1765 V
1632 1739 1663 1767 et
1695 1733 1811 1775 Grego-

358 1790 423 1823 rius
450 1791 498 1823 ΧΥ
524 1796 558 1824 ut
582 1790 702 1834 ubique
726 1796 903 1824 conventus
931 1790 1055 1823 valeant
1087 1789 1210 1832 erigere
1238 1788 1276 1821 de
1301 1789 1367 1821 sola
1394 1787 1635 1821 Ordinariorum
1669 1785 1808 1824 licentia,

359 1843 422 1876 5⁶28
449 1856 467 1876 α
494 1850 524 1876 et
555 1855 634 1887 sequ,
667 1845 799 1877 fratrum
828 1842 1065 1887 praedictorum
1096 1847 1270 1875 conventus
1296 1841 1364 1875 Iesu
1389 1846 1419 1874 et
1450 1841 1564 1874 Mariae
1591 1840 1630 1874 de
1655 1840 1738 1874 Urbe
1763 1843 1813 1872 est

358 1897 526 1940 generalis,
551 1904 582 1930 et
607 1897 751 1930 studium
777 1897 937 1940 generale,
963 1896 1020 1928 611
1051 1908 1071 1929 α
1097 1902 1126 1929 et
1152 1907 1213 1939 seq.

268 1948 353 1982 Ordo
379 1950 653 1990 Cisterciensium,
677 1951 748 1983 vide
772 1950 918 1983 Monaclii
944 1949 1180 1984 Cisteicienses.

267 2001 352 2035 Ordo
379 2003 512 2036 fratrum
538 2003 744 2037 eremitarum
771 2003 800 2036 S.
829 2003 1011 2046 Augustini,
1039 2002 1102 2035 1155
1127 2003 1162 2041 b;
1189 2003 1338 2036 fratribus
1356 2001 1528 2046 praedietis
1554 2000 1720 2044 Hispaniae
1736 2000 1805 2033 nul-

356 2055 422 2088 lum
456 2056 505 2089 ius
537 2063 719 2099 competere
747 2067 845 2100 super
870 2055 1063 2089 monasterio
1090 2055 1319 2100 ·Ulissiyponae
1343 2060 1447 2088 erecto
1473 2053 1675 2092 declaratur,
1703 2052 1764 2085 ’156
1790 2063 1810 2085 α

357 2114 387 2142 et
410 2120 493 2152 seq.;
520 2108 582 2141 170
616 2121 634 2141 α
667 2116 697 2143 et
722 2121 808 2153 seq.·,
836 2110 985 2143 fratribus
1022 2109 1172 2153 praefatis
1207 2119 1363 2142 novorum
1396 2113 1611 2140 conventuum
1644 2106 1677 2138 in
1713 2115 1812 2148 regno

359 2162 538 2196 Lusitaniae
575 2163 692 2197 erectio
726 2163 938 2207 prohibetur,
963 2163 1069 2202 ibidm,
1096 2163 1183 2207 prior
1213 2162 1371 2206 generalis
1390 2189 1397 2202 ,
1432 2167 1462 2194 ct
1498 2160 1683 2194 assistentes
1718 2159 1812 2192 vitam

359 2226 562 2250 communem
589 2217 619 2250 in
646 2218 809 2250 nonnullis
834 2216 1043 2250 conventibus
1062 2217 1283 2256 introducunt,
1303 2215 1361 2249 351
1384 2215 1400 2247 b
1421 2220 1450 2248 et
1468 2225 1549 2257 πρυ,
1567 2212 1812 2247 constitutiones

358 2270 566 2313 particulares
583 2272 621 2305 ad
640 2271 781 2304 eiusdem
808 2271 1095 2311 conservationem,
1122 2269 1185 2303 359.
1211 2281 1230 2303 α
1257 2276 1287 2303 et
1311 2280 1392 2312 scq.;
1420 2267 1609 2301 auctoritate
1635 2266 1813 2311 apostolica

359 2323 602 2365 confirmantur,
629 2323 693 2357 355
719 2324 759 2365 b,
785 2325 918 2357 fratrum
944 2326 1148 2357 eremitarum
1183 2323 1403 2357 Calceatorum
1428 2322 1459 2355 S.
1488 2320 1654 2364 Augustini
1682 2320 1808 2364 privile-

357 2376 407 2419 gia
439 2377 622 2410 communia
654 2384 728 2411 sunt
760 2377 966 2411 Discalceatis
999 2377 1143 2411 eiusdem
1176 2375 1325 2415 Ordinis,
1353 2374 1417 2409 465
1447 2386 1466 2408 α
1499 2380 1529 2408 et
1564 2385 1650 2417 seq.;
1675 2374 1813 2406 fratrum

356 2430 570 2463 Eremitarum
603 2431 633 2464 S.
661 2431 828 2475 Augustini
853 2431 1121 2465 Discalceatorum
1152 2429 1435 2473 Congregationem
1462 2428 1598 2461 instituit
1629 2426 1806 2470 capitulum

358 2486 506 2528 generale
530 2495 613 2518 anno
638 2495 771 2526 Mnxcu,
798 2485 862 2519 465
886 2486 921 2526 b·,
947 2491 982 2518 ut
1007 2494 1161 2528 germana
1191 2483 1210 2516 S
1251 2482 1420 2526 Augustini
1458 2480 1669 2525 Congregatio
1706 2491 1723 2512 a
1748 2479 1814 2513 Cle-

357 2543 462 2571 mente
487 2538 552 2570 VIII
577 2538 638 2571 fuit
662 2539 780 2580 habita,
800 2539 893 2575 ibiils,
919 2539 1100 2571 declaratur
1126 2547 1193 2570 esse
1218 2538 1374 2580 praefatos
1400 2537 1511 2568 fratres
1536 2545 1626 2567 veros
1644 2534 1674 2566 S.
1699 2533 1808 2576 Augu-

356 2591 429 2624 stini
455 2591 548 2632 filios,
564 2591 775 2635 ipsorumque
800 2591 1089 2635 Congregationem
1114 2589 1262 2623 omnibus
1287 2589 1505 2623 Calceatorum
1530 2586 1704 2631 privilegiis
1731 2596 1808 2628 gau-⁷

358 2645 445 2685 dere,
471 2645 570 2685 ibicis,
595 2645 730 2678 fratrum
756 2645 993 2689 praedictorum
1018 2645 1047 2677 in
1073 2654 1171 2687 regno
1195 2643 1412 2686 Portugalliae
1437 2652 1517 2674 nova
1537 2641 1647 2674 decem
1672 2649 1810 2674 conven-

359 2703 449 2732 tuum
482 2699 682 2742 congregatio
706 2698 852 2741 erigitur,
879 2704 909 2732 et
935 2699 1063 2732 decreta
1088 2697 1281 2742 prohibitiva
1307 2701 1510 2735 revocantur,
1537 2693 1599 2728 537
1634 2694 1650 2727 b
1675 2699 1705 2727 ct
1729 2703 1813 2737 seq.;
