2279 3260
138 206 187 234 An.
204 204 232 233 C.
255 205 322 234 1675

177 266 323 293 Exequutores

139 293 242 319 designat.

175 2529 290 2550 Contrariis
305 2528 336 2550 la-

150 2557 230 2577 tissime
241 2557 336 2582 derogat.

959 206 1040 231 CLEM
1046 205 1101 230 ENS
1122 206 1140 230 X
1165 205 1214 230 PP-

379 256 393 298 ἓ
417 255 469 289 12.
489 255 643 295 Quocii'ca
660 255 786 289 dilectis
806 254 878 289 [iliis
897 265 1068 288 causarum

335 310 441 343 culiae
464 310 614 344 Gamerae
632 310 836 353 Apostolicae
862 309 1002 352 generali
1021 319 1070 341 au-

336 363 442 404 ditori,
459 373 495 395 ac
511 362 659 396 eiusdem
680 362 831 396 Gamerae
851 368 979 395 nostrae
1006 362 1070 394 the-

334 416 490 456 saurario,
505 426 633 449 necnon
650 416 753 449 nostri
772 415 881 459 palatii
900 413 1069 459 apostolici

335 468 471 502 auditori
496 469 629 509 decano,
656 474 754 509 motu,
773 469 906 501 scicntia
931 473 962 500 et
986 472 1071 510 pote-

335 521 424 555 statis
447 521 652 565 plenitudine
678 522 852 562 similibus,
867 532 925 565 per
945 526 1072 564 aposto-

335 574 396 609 lica
432 574 553 618 scripta
577 576 767 608 mandamus
784 602 791 615 ,
817 580 974 619 quatenus
1000 573 1072 616 ipsi,

337 628 386 660 vel
412 627 485 667 duo,
505 632 558 660 aut
582 638 665 660 unus
690 638 812 668 eorum,
827 637 886 670 per
910 637 953 666 se,
970 626 1020 658 vel
1041 636 1072 657 a·

337 680 424 721 lium,
442 690 498 713 seu
524 680 614 720 alios,
631 686 821 724 praesentes
846 679 971 712 litteras
988 688 1023 710 ac
1040 677 1073 710 in

338 733 383 765 eis
400 738 551 766 contenta
570 743 804 776 quaecumque,
821 732 875 764 ubi
894 737 926 764 et
943 731 1072 774 quando

338 795 396 828 pro
422 790 512 828 parte
538 785 682 818 ciusdem
713 784 845 828 hospitii
871 780 1074 816 administra-

339 842 444 869 torum
473 842 505 870 et
528 837 752 869 ministrorum
771 848 826 869 seu
849 837 1073 879 deputatorum

338 900 398 932 pro
424 894 569 932 tempore
604 889 831 928 existentium,
858 894 911 921 aut
940 887 1074 920 alicuius

340 952 462 982 eorum,
478 941 624 985 requisiti
651 942 783 981 suerint,
804 933 993 974 solemniter
1018 951 1073 983 pu-

339 994 504 1034 blicantes,
527 1005 563 1027 ae
584 995 629 1026 eis
654 994 686 1026 in
710 994 897 1037 praemissis
924 993 1074 1026 omnibus

340 1053 371 1080 et
388 1048 524 1090 singulis
540 1047 676 1080 efficacis
695 1047 894 1080 defensionis
911 1046 1073 1090 praesidio

339 1100 537 1140 assistentes,
554 1100 671 1132 saciant
683 1100 871 1132 auctoritate
887 1101 997 1132 nostra
1011 1109 1076 1131 eas-

340 1154 412 1186 dem
436 1158 632 1196 praesentes
654 1158 682 1185 ct
710 1152 741 1185 in
768 1153 814 1185 eis
840 1156 991 1186 contenta
1017 1152 1075 1184 hu-

340 1205 489 1245 iusmodi,
508 1205 547 1238 ab
569 1205 728 1245 omnibus,
747 1206 786 1238 ad
805 1216 884 1248 quos
902 1209 1023 1248 spectat
1045 1209 1076 1237 et

342 1268 400 1300 pro
419 1263 566 1300 tempore
591 1258 761 1300 spectabit,
781 1257 916 1290 firmiter
933 1262 963 1289 et
979 1256 1075 1289 invio-

342 1310 482 1342 labiliter
496 1309 673 1349 observari,
688 1315 719 1342 et
736 1315 929 1342 memoratos
944 1309 1074 1352 hospitii

343 1362 618 1395 administratores
645 1369 675 1395 et
699 1362 865 1396 ministros
897 1374 951 1396 seu
977 1363 1076 1406 depu-

343 1420 425 1448 tatos
448 1415 643 1458 praedictos,
672 1415 818 1458 aliosque
845 1427 902 1458 pro
928 1421 1076 1460 tempore

342 1468 502 1502 interesse
521 1469 677 1502 habentes
699 1469 892 1509 huiusmodi,
911 1469 974 1502 illis
992 1469 1078 1512 paci-

343 1520 401 1553 fice
426 1521 488 1553 srui
514 1526 546 1554 et
570 1522 730 1564 gaudere,
757 1532 822 1555 non
853 1522 1077 1565 permittentes

344 1583 399 1606 eos
425 1573 567 1617 desuper
583 1585 643 1617 per
661 1584 879 1618 quoscumque
905 1575 1078 1617 quomodo-

344 1627 424 1660 libet
439 1627 583 1660 indebite
605 1628 790 1668 molestari3
811 1639 868 1661 nos
887 1628 973 1661 enim
992 1639 1079 1672 prae-

343 1681 415 1713 fatis
441 1681 594 1720 auditori,
614 1681 817 1714 thesaurario
842 1687 873 1714 et
893 1682 1029 1722 decano,
1048 1687 1080 1714 et

344 1744 455 1766 eorum
470 1733 609 1773 cuilibet,
630 1744 755 1774 omnes,
774 1745 852 1777 quos
869 1745 949 1778 opus
974 1734 1077 1775 suerit,

345 1786 440 1819 etiam
468 1797 530 1830 per
557 1787 696 1819 edictum
729 1787 915 1830 publicum,
942 1788 1079 1821 constito

345 1840 384 1873 de
410 1851 476 1872 non
496 1845 564 1872 tuto
590 1850 734 1881 accessu,
755 1841 883 1881 citandi,
903 1841 1030 1884 illisque
1049 1847 1080 1874 et

345 1902 458 1925 eorum
488 1892 622 1925 cuilibet
657 1893 753 1925 etiam
789 1894 848 1926 sub
880 1894 1026 1926 censuris
1050 1899 1081 1926 et

345 1945 459 1987 poenis
484 1945 708 1978 ecclesiasticis
732 1946 920 1986 inhibendi,
951 1952 1080 1980 contra-

345 1998 494 2038 dictores,
516 2001 638 2030 serrata
663 1999 766 2031 ferma
790 1998 925 2032 Concilii
949 1999 1081 2032 Triden-

345 2049 413 2089 tini,
426 2049 589 2083 incidisse¹
604 2051 800 2091 declarandi,
815 2052 979 2094 gravandi,
994 2064 1081 2095 reag-

345 2103 511 2144 gravandi,
537 2109 568 2136 et
602 2103 842 2145 interdicendi,
865 2105 1080 2148 auxiliumque

345 2155 470 2188 brachii
490 2157 664 2189 saecularis
682 2157 777 2190 etiam
799 2158 837 2190 ad
856 2158 928 2197 hoc,
951 2158 976 2190 si
1000 2169 1081 2201 opus

347 2207 452 2248 suerit,
479 2208 660 2250 invocandi,
679 2210 808 2252 aliaque
834 2211 866 2242 in
892 2211 1080 2254 praemissis

346 2264 378 2292 et
402 2260 487 2293 circa
512 2271 549 2293 ea
573 2263 821 2305 quomodolibet
845 2263 1030 2296 necessaria
1051 2269 1082 2296 et

347 2312 530 2356 opportuna
565 2314 724 2356 faciendi,
753 2316 900 2357 dicendi,
928 2316 1079 2359 gerendi,

347 2367 519 2399 exercendi
544 2372 575 2399 et
599 2369 791 2411 exequendi,
817 2369 996 2412 apostolica
1028 2381 1081 2402 au-
1102 2379 1103 2391 ¹

348 2419 506 2459 ctoritate,
525 2425 636 2453 tenore
653 2423 881 2464 praesentium,
898 2423 1080 2456 facultatem

348 2471 569 2504 concedimus.

1111 260 1269 297 (pratentis
1296 264 1376 298 opus
1402 253 1454 294 sit,
1484 254 1583 288 felicis
1609 254 1844 288 reeordationis

1112 307 1156 339 Pii
1170 308 1273 351 Papae
1287 307 1322 339 IV
1342 307 1602 350 praedecessoris
1621 308 1722 340 nostri
1741 308 1779 340 de
1799 319 1844 340 re-

1111 360 1282 403 gistrandis
1299 360 1411 403 gratiis
1430 360 1588 393 interesse
1600 360 1751 393 Gamerae
1764 360 1845 404 Apo-

1112 413 1245 446 stolieae
1274 413 1519 456 quomodolibet
1553 413 1842 452 concernentilms,

1112 476 1239 499 necnon
1266 467 1377 508 regula
1402 468 1511 499 nostra
1537 476 1591 498 seu
1625 466 1775 498 mandato
1806 466 1844 498 de

1113 530 1177 552 non
1192 520 1337 552 tollendo
1353 519 1421 552 iure
1434 519 1588 562 quaesito,
1602 519 1736 562 aliisque¹
1749 518 1845 551 etiam

1113 572 1146 611 in
1170 572 1398 615 synodalibus,
1425 570 1676 614 provincialibus
1709 571 1845 614 aliisque

1114 625 1308 667 specialibus
1328 625 1376 657 vel
1398 623 1605 667 generalibus
1623 623 1767 657 conciliis
1785 624 1847 656 cdi-

1115 678 1153 709 tis
1172 678 1219 710 vel
1245 677 1389 717 edendis,
1409 677 1545 719 aliisque
1571 675 1756 719 apostolicis·
1776 686 1848 708 con-

1115 730 1335 763 stitutionibus
1349 735 1381 763 et
1397 729 1670 768 ordinationibus,
1686 739 1721 761 ac
1739 729 1849 772 hospi-

1116 784 1225 817 talium
1243 790 1275 816 et
1291 783 1570 816 xenodochiorum
1596 782 1700 822 Urbis,
1715 787 1746 815 et
1769 782 1849 815 Con-

1116 837 1313 880 gregationis
1325 837 1534 869 Eremitarum
1547 835 1742 876 huiusmodi,
1754 835 1849 867 etiam

1118 890 1306 929 iuramento,
1327 889 1573 921 confirmatione
1595 889 1782 931 apostolica,
1801 889 1850 921 vcl

1117 941 1226 985 quavis
1252 941 1402 973 firmitate
1428 942 1490 974 alia
1516 942 1698 981 roboratis,
1726 941 1851 973 statutis

1118 999 1148 1026 et
1165 993 1474 1034 consuetudinibus,
1507 993 1687 1036 privilegiis
1713 1003 1850 1036 queque,

1117 1046 1248 1079 indultis
1273 1052 1305 1079 et
1320 1046 1437 1079 litteris
1451 1046 1648 1088 apostolicis,
1668 1046 1731 1079 illis
1749 1052 1780 1079 et
1797 1057 1851 1079 eo-

1119 1110 1187 1131 rum
1213 1099 1357 1139 cuilibet,
1376 1105 1407 1131 et
1424 1099 1586 1142 quibusvis
1611 1099 1682 1132 aliis
1708 1099 1854 1142 superio-

1118 1153 1205 1185 ribus
1220 1158 1250 1185 et
1267 1152 1424 1195 personis,
1441 1153 1499 1184 sub
1514 1152 1768 1195 quibuscumque
1786 1163 1855 1185 ver-

1118 1205 1229 1238 borum
1254 1204 1420 1237 tenoribus
1443 1210 1474 1237 et
1501 1204 1621 1244 formis,
1645 1215 1679 1237 ae
1699 1215 1769 1237 cum
1788 1205 1855 1247 qui-

1119 1258 1221 1291 busvis
1236 1258 1387 1291 clausulis
1401 1263 1430 1290 et
1443 1258 1591 1298 decretis,
1609 1257 1641 1289 in
1659 1258 1855 1290 contrarium

1120 1311 1381 1354 praemissorum,
1403 1322 1438 1344 ac
1457 1311 1553 1343 etiam
1576 1311 1608 1343 in
1627 1311 1766 1343 savorem
1781 1310 1856 1343 alio-

1119 1374 1189 1396 rum
1215 1363 1431 1407 hospitiorum
1447 1390 1454 1403 ‚
1480 1363 1681 1406 aliorumque
1708 1363 1856 1406 superio-

1120 1428 1189 1449 rum
1215 1421 1247 1449 et
1270 1427 1505 1460 personarum,
1541 1417 1572 1449 in
1605 1427 1722 1459 genere
1748 1417 1797 1449 rel
1823 1416 1855 1448 in

1121 1470 1237 1513 speeie,
1256 1470 1511 1513 quomodolibet,
1527 1470 1621 1502 etiam
1635 1469 1769 1512 pluries,
1784 1480 1857 1502 eon-

1121 1522 1238 1563 cessis,
1265 1523 1451 1566 approbatis
1476 1528 1508 1555 et
1532 1523 1711 1562 innovatis,
1739 1522 1856 1566 quibus

1122 1576 1281 1616 omnibus,
1304 1576 1429 1608 etiamsi
1446 1586 1508 1619 pro
1529 1576 1659 1608 illorum
1685 1575 1856 1609 sufficienti

1123 1628 1332 1671 derogatione
1358 1628 1396 1660 de
1420 1627 1484 1660 illis
1508 1639 1682 1672 eorumque
1707 1629 1783 1661 totis
1813 1634 1858 1661 te-

1123 1681 1254 1714 noribus
1282 1680 1439 1723 specialis,
1467 1680 1625 1724 specifica,
1653 1691 1802 1724 expressa
1827 1686 1859 1714 et

1123 1734 1299 1773 individua,
1318 1744 1354 1766 ae
1371 1733 1466 1767 etiam
1485 1734 1523 1766 de
1540 1734 1637 1766 verbo
1655 1734 1692 1766 ad
1711 1734 1855 1774 verbum,

1123 1798 1187 1820 non
1208 1792 1313 1819 autem
1328 1797 1388 1830 per
1405 1788 1565 1820 clausulas
1583 1787 1667 1820 idem
1685 1787 1859 1831 importan-

1125 1846 1180 1881 tcs,
1209 1840 1330 1873 mentio
1363 1850 1420 1873 seu
1447 1839 1576 1883 quaevis
1601 1840 1663 1873 alia
1687 1840 1856 1884 expressio

1124 1894 1274 1926 habenda
1291 1899 1345 1926 aut
1364 1893 1470 1936 aliqua
1494 1893 1556 1926 alia
1581 1893 1739 1936 exquisita
1756 1894 1860 1927 forma

1124 1947 1161 1979 ad
1196 1947 1257 1979 hoe
1287 1946 1441 1979 servanda
1467 1946 1559 1986 soret,
1585 1950 1714 1979 tenores
1740 1946 1855 1979 huius-

1124 2000 1221 2040 modi,
1248 2010 1283 2032 ac
1310 1999 1335 2040 si
1362 2000 1400 2032 de
1424 2000 1523 2032 verbo
1541 2000 1579 2032 ad
1606 1999 1749 2040 verbum,
1774 2000 1858 2033 nihil

1124 2053 1254 2096 penitus
1273 2053 1400 2091 omisso,
1426 2057 1456 2085 et
1486 2052 1588 2085 forma
1606 2052 1638 2084 in
1656 2051 1720 2085 illis
1742 2051 1858 2085 tradita

1125 2106 1305 2145 observata,
1328 2105 1440 2137 inserti
1468 2105 1590 2144 forent,
1612 2104 1734 2138 eisdem
1765 2115 1859 2148 prae-

1124 2158 1268 2191 sentibus
1282 2169 1340 2201 pro
1359 2159 1455 2201 plcne
1473 2164 1503 2191 ct
1520 2158 1717 2191 sufficienter
1733 2169 1858 2201 expres·

1123 2211 1166 2244 sis
1187 2217 1218 2244 et
1237 2211 1367 2243 insertis
1383 2211 1553 2250 habentes,
1571 2210 1634 2243 illis
1651 2210 1729 2243 alias
1750 2210 1782 2242 in
1800 2221 1858 2243 suo

1123 2265 1241 2296 robore
1258 2264 1487 2306 permansuris,
1508 2265 1567 2296 hac
1592 2264 1659 2296 vice
1685 2264 1856 2303 dumtaxat,

1124 2317 1236 2349 harum
1262 2316 1354 2356 serie,
1369 2316 1524 2348 latissime
1550 2321 1580 2349 et
1596 2315 1800 2356 validissime,
1822 2325 1858 2348 ac

1123 2369 1307 2412 specialiter
1329 2374 1361 2401 et
1385 2379 1543 2412 expresse,
1560 2374 1658 2409 motu,
1675 2369 1810 2401 scientia
1827 2372 1859 2400 et

1124 2422 1292 2465 potestatis
1317 2421 1534 2465 plenitudine·
1556 2422 1696 2465 paribus,
1724 2422 1858 2464 deroga-

1125 2486 1195 2507 mus
1228 2481 1258 2508 et
1289 2475 1481 2517 derogatum
1513 2486 1582 2508 csse
1608 2476 1771 2515 volumus,
1801 2485 1855 2515 ac,

393 2524 408 2566 ἓ
432 2523 485 2557 13,
508 2524 577 2557 Non
602 2526 804 2560 obstantibus
823 2528 1018 2571 praemissis,
1041 2534 1080 2569 ct,
1126 2534 1282 2571 quatenus
1308 2539 1392 2571 opus
1411 2529 1460 2569 sit,
1479 2529 1550 2571 piae
1571 2528 1747 2561 memoriae
1764 2528 1859 2560 Boni—

388 2587 397 2612 1
420 2585 500 2613 Deest
520 2586 631 2621 aliquid,
653 2595 693 2614 ex.
714 2596 739 2622 g.
762 2589 791 2616 in
813 2598 859 2615 eas
878 2596 914 2624 με,
937 2590 983 2624 r).

1128 2582 1198 2614 t'acii
1224 2582 1327 2625 Papae
1367 2582 1425 2615 t'llt
1463 2583 1557 2615 ctiam
1594 2581 1857 2625 praedecessoris

1743 195 1805 230 549
1852 204 1902 231 An.
1918 203 1946 231 c.
1968 203 2037 232 1075
