2279 3260
155 217 204 243 Aa,
226 214 253 242 C.
274 214 342 242 1676

185 1704 196 1732 3
210 1705 230 1726 ².
252 1704 280 1724 De
296 1709 343 1729 gra-

160 1732 342 1756 vtiatsmnparum

160 1760 182 1778 et.
200 1760 271 1778 aarum
294 1762 343 1783 poe-

160 1786 199 1805 nn.

971 213 1113 238 (tinnitus
1136 213 1152 236 x
1180 213 1227 237 ιη’.

349 263 476 297 tudines
507 266 756 303 conserventur,
786 262 990 305 superiores,
1024 261 1105 303 pro*

348 317 450 360 culpis
475 315 661 357 levioribus,
685 315 794 358 flagris
820 315 935 348 cedant
960 314 1084 356 religio-

348 380 408 411 sos,
423 369 656 413 imponantque
672 368 938 402 mortificationes
955 366 1083 399 ordina—

348 422 411 455 rias
435 427 468 455 et
492 422 764 455 extraordinarias
795 432 853 465 per
876 419 1082 454 refectorium

348 475 381 508 in
398 474 529 519 publiea
553 476 664 508 mensa
690 475 869 515 faciendas,
896 474 928 506 in
947 482 1082 517 quarum

348 528 502 561 exercitio
528 528 590 571 ipsi
614 529 821 572 praecedant,
844 533 878 560 ut
902 536 1013 560 eorum
1032 536 1083 558 ve-

348 580 442 624 stigia
459 580 580 614 subditi
597 581 740 615 libenter
760 585 948 625 sequantur.

392 644 439 668 111.
466 635 639 667 Hortamur
675 634 859 677 religiosos,
900 632 1016 677 quibus
1050 631 1082 664 in

348 686 489 730 capitulo
513 688 603 720 nulla
634 687 797 731 adscripta
830 687 889 719 fuit
913 687 1019 730 culpa,
1049 689 1084 716 ut

348 739 478 783 ipsimet
491 750 524 773 se
540 746 693 773 accusent
709 751 769 784 pro
787 738 976 773 humilitatis
994 747 1085 771 exer-

349 793 438 826 citio.

393 856 435 879 1v.
463 846 767 880 Animadversiones
785 856 889 890 aequo
914 845 1022 878 animo
1039 843 1085 876 fe-

348 904 397 932 rat
430 904 463 932 et
486 899 653 932 humiliter
687 899 919 943 poenitentiam
951 897 1086 940 accipiat

348 952 471 995 absque
497 951 727 992 satisfactione,
752 951 814 984 nisi
834 952 874 984 de
895 950 1003 994 aliqua
1020 949 1087 982 sue-

348 1005 391 1038 rit
415 1016 433 1038 a
456 1005 605 1048 praeside
630 1005 856 1047 interrogatus,
875 1008 906 1036 et
925 1008 998 1036 tunc
1015 1004 1085 1035 sub-

349 1057 444 1090 misse
470 1062 502 1090 et
531 1057 672 1090 breviter
704 1057 886 1096 satisfaciat;
912 1056 952 1088 sit
976 1062 1084 1088 tamen

349 1120 479 1153 semper
497 1109 618 1142 iustitia
642 1115 675 1142 et
698 1110 812 1143 lenitas
836 1109 869 1142 in
894 1109 1084 1152 corrigente,
1111 1120 1119 1126 ·

349 1168 382 1195 et
401 1161 433 1195 in
451 1167 598 1195 correcto
617 1163 802 1196 submissio.

395 1225 423 1248 v.
451 1215 482 1248 Si
507 1215 578 1259 quis
603 1216 634 1248 in
661 1216 802 1260 capitulo
836 1227 909 1248 suas
935 1217 984 1249 vel
1010 1215 1086 1248 alie-

350 1278 408 1301 nas
433 1269 545 1312 culpas
569 1269 689 1312 absque
714 1269 846 1302 licentia
877 1279 1029 1302 excusare
1055 1273 1087 1301 et

351 1321 525 1354 defendere
543 1321 690 1362 voluerit,
713 1322 819 1355 statim
841 1332 952 1354 severe
973 1321 1087 1365 punia-

352 1379 405 1406 tur
435 1374 475 1406 ad
500 1374 668 1407 arbitrium
701 1374 915 1418 praesidentis
946 1374 1085 1417 capituli,

350 1427 425 1467 nisi,
442 1428 616 1470 prudentia
632 1428 783 1468 dictante,
802 1428 918 1461 melius
942 1428 1088 1461 videatur

351 1480 558 1523 punitionem
581 1481 615 1513 in
636 1481 836 1514 commodius
871 1488 998 1525 tempus
1031 1482 1089 1514 dif-

352 1533 453 1574 serre;
479 1544 640 1577 nemoque
666 1535 705 1567 de
730 1535 832 1578 culpis
856 1535 1088 1568 animadversis

353 1592 593 1630 conqueratur,
618 1588 675 1619 sub
696 1589 779 1630 pena
803 1588 915 1620 ieiunii
947 1588 979 1620 in
1005 1598 1088 1631 pane

354 1646 385 1673 et
410 1643 494 1684 aqua
512 1645 647 1673 tantum.

399 1704 420 1727 1.
445 1693 515 1727 Non
541 1695 645 1727 solum
672 1695 878 1738 generalibus
895 1695 1018 1739 gratiae
1034 1696 1090 1728 Dei

355 1746 493 1787 auxiliis,
520 1758 630 1780 verum
655 1753 686 1780 et
720 1748 914 1791 specialibus
947 1749 1090 1791 religiosi

355 1800 562 1841 muniuntur;
593 1805 731 1833 attamen
771 1801 842 1834 talis
878 1806 927 1835 est
950 1802 1092 1834 humana

356 1852 513 1896 fragilitas
538 1858 573 1886 ut
596 1854 708 1887 timere
726 1855 854 1898 possint
869 1855 979 1898 lapsus
996 1855 1092 1888 etiam

355 1917 485 1949 graves,
511 1917 584 1939 cum
609 1907 642 1939 in
667 1908 770 1947 caelo,
795 1908 946 1951 paradiso
972 1914 1003 1942 et
1028 1910 1093 1941 col-

354 1959 442 2000 legio
482 1959 663 2003 apostolico
707 1960 855 1994 nonnulli
899 1961 1089 1994 defecerint.

354 2011 458 2051 Quare
475 2013 655 2057 prudenter
668 2014 926 2057 praevenientes,
944 2015 1093 2058 designa-

355 2077 427 2100 mus
452 2067 540 2100 omni
565 2077 682 2110 genere
709 2069 821 2111 culpae
847 2069 979 2112 (nempe
1005 2070 1090 2110 levis,

356 2120 489 2161 mediae,
516 2120 630 2164 gravis,
648 2121 802 2164 gravioris
819 2127 850 2155 et
867 2122 1090 2166 gravissimae)

357 2178 530 2216 sequentes
554 2184 694 2216 poenas:

402 2235 437 2258 11.
464 2225 563 2270 Culpa
578 2227 658 2260 levis
677 2233 726 2260 est
746 2234 909 2262 errantem
925 2228 959 2262 in
975 2230 1088 2270 choro,

356 2278 391 2311 in
415 2279 603 2313 recitatione
620 2282 669 2314 vel
689 2287 797 2323 cantu,
820 2294 884 2316 non
902 2284 1008 2316 statim
1030 2289 1091 2317 ter-

356 2341 425 2365 ram
449 2333 598 2374 osculari,
637 2340 768 2378 praesto
803 2336 880 2369 item
917 2347 982 2369 non
1019 2348 1089 2370 esse

357 2384 483 2418 actibus
508 2387 755 2429 communitatis,
781 2389 976 2422 manducare
1001 2396 1032 2423 et
1049 2390 1092 2423 bi-

357 2438 437 2472 bere
461 2438 580 2482 absque
605 2439 743 2482 licentia,
765 2442 862 2474 ethis
876 2442 1012 2483 similia3
1031 2453 1091 2486 pro

358 2491 462 2534 culpis
492 2491 562 2524 istis
598 2491 761 2536 infligatur
795 2505 903 2538 poena
942 2496 1091 2529 nonnihil

359 2545 527 2586 recitandi,
552 2547 603 2579 vel
628 2547 764 2581 faciendi
788 2548 820 2580 in
845 2549 1020 2583 refectorio
1037 2550 1093 2583 ali-

360 2609 456 2643 quam
472 2599 751 2634 mortificationem
767 2601 978 2636 ordinariam.

1170 272 1216 294 1n.
1244 260 1344 305 Culpa
1369 264 1474 297 media
1500 270 1549 297 est
1576 266 1680 299 minus
1707 267 1861 300 decenter

1125 314 1242 347 divinis
1265 316 1378 349 officiis
1415 316 1584 357 interesse,
1622 319 1770 362 frangere
1803 319 1860 353 ali-

1125 368 1212 410 quod
1236 369 1412 412 capitulum
1442 356 1687 414 praeceptivum
1712 374 1856 416 regulae,

1125 421 1164 453 de
1199 431 1288 454 more
1326 423 1445 456 habere
1470 423 1687 466 negligenter,
1714 430 1745 457 et
1770 425 1859 459 tarde

1124 473 1282 508 interesse
1315 476 1437 509 actibus
1469 482 1500 509 et
1535 477 1752 510 functionibus
1777 489 1861 511 com-

1123 527 1301 568 munitatis,
1328 529 1547 572 negligentem
1576 540 1705 574 quoquc
1731 541 1801 563 esse
1828 531 1860 564 in

1124 580 1331 624 adimplendo
1355 582 1461 615 officio
1487 582 1525 616 de
1550 583 1711 616 communi
1739 584 1859 624 tabula,

1125 634 1173 666 vel
1199 633 1230 665 in
1257 635 1455 678 exequendis
1480 635 1678 679 simplicibus
1704 636 1862 669 mandatis

1125 686 1336 729 superiorum,
1358 689 1557 722 oentendere
1579 689 1763 723 immediate
1790 701 1860 722 cnm

1125 740 1353 781 saecularibus,
1379 742 1485 784 vagari
1510 752 1570 785 per
1589 748 1790 782 conventum,
1809 753 1861 775 res

1126 793 1164 825 ad
1204 794 1361 827 ecclesias
1402 796 1604 838 pertinentes
1642 796 1862 830 irreverenter

1127 850 1277 887 tractare,
1306 847 1404 881 libros
1430 854 1461 881 et
1485 849 1548 883 alia
1571 849 1756 883 huiusmodi
1778 860 1863 882 com-

1126 899 1233 932 munia
1268 901 1472 943 negligenter
1506 912 1633 943 curare,
1672 902 1722 935 his
1759 903 1862 946 culpis

1127 951 1261 985 arbitrio
1293 953 1498 996 superiorum
1525 965 1648 997 poenae
1673 965 1866 998 correspon-

1128 1005 1236 1037 deant.

1172 1068 1214 1091 iv.
1241 1057 1340 1102 Culpa
1357 1059 1461 1102 gravis
1479 1065 1527 1093 cst
1543 1060 1746 1093 committere
1766 1062 1865 1104 quod-

1127 1122 1262 1155 cumque
1286 1117 1452 1155 peccatum
1478 1114 1614 1146 mortale
1632 1114 1755 1157 absque
1774 1124 1864 1146 scan—

1128 1165 1212 1198 dalo.
1250 1165 1281 1198 Si
1313 1165 1409 1198 alicui
1434 1176 1470 1198 ex
1495 1166 1563 1199 istis
1599 1177 1664 1200 non
1701 1166 1798 1200 fuerit
1832 1167 1863 1199 in

1127 1217 1413 1251 constitutionibus
1447 1219 1565 1252 nostris
1590 1218 1765 1262 peculiaris
1789 1230 1866 1263 poe-

1128 1281 1168 1303 na
1184 1270 1363 1313 designata,
1383 1271 1530 1303 minister
1547 1270 1614 1314 (cui
1627 1271 1781 1315 competit
1798 1282 1865 1314 gra-

1129 1333 1200 1356 vem
1224 1324 1352 1366 culpam
1377 1323 1530 1367 iudicare)
1549 1324 1796 1367 delinquentem
1812 1334 1866 1367 po-

1130 1377 1205 1409 terit
1227 1377 1260 1409 in
1295 1387 1458 1410 carcerem
1491 1377 1661 1417 coniicere,
1689 1378 1739 1410 vel
1770 1377 1866 1410 aliam

1129 1441 1266 1474 poenam
1293 1431 1331 1464 ad
1357 1431 1524 1465 arbitrium
1541 1431 1719 1475 imponere,
1737 1430 1867 1464 attentis

1129 1484 1338 1527 qualitatibus
1357 1485 1486 1528 culpae.

1173 1548 1202 1570 v.
1228 1536 1330 1570 Etiam
1346 1537 1516 1570 reducitur
1533 1537 1573 1571 ad
1589 1537 1718 1581 culpam
1737 1548 1867 1581 gravem

1133 1591 1242 1623 ludere
1273 1590 1394 1634 absque
1429 1591 1583 1624 scandalo
1616 1590 1736 1623 chartis
1761 1591 1865 1634 pictis,

1113 1643 1257 1685 ,taxillis
1282 1654 1317 1676 ac
1349 1643 1528 1685 similibus,
1564 1654 1692 1677 sumere
1729 1644 1797 1677 sine
1831 1644 1868 1677 li-

1132 1696 1237 1729 centia
1262 1697 1384 1740 aliquas
1412 1708 1461 1729 res
1486 1707 1673 1729 communes
1703 1697 1742 1729 ab
1768 1697 1868 1730 offici-

1133 1751 1206 1790 nis,
1233 1751 1282 1783 vel
1314 1760 1368 1782 eas
1406 1761 1486 1793 quas
1523 1752 1636 1783 fratres
1673 1750 1793 1782 habent
1828 1751 1868 1783 ad

1132 1814 1237 1842 usum,
1273 1803 1381 1836 dicere
1417 1808 1467 1835 aut
1505 1802 1650 1836 scribere
1683 1802 1776 1835 alteri
1812 1803 1868 1836 ali-

1134 1857 1219 1899 quod
1245 1856 1468 1899 opprobrium,
1495 1862 1550 1889 aut
1573 1856 1771 1889 malitiosum
1800 1867 1868 1889 ver-

1134 1910 1218 1949 bum,
1245 1909 1341 1941 rerba
1357 1920 1486 1952 quoque
1512 1909 1687 1942 inhonesta
1709 1909 1868 1952 proferre,

1134 1968 1188 1995 aut
1211 1973 1283 1995 cum
1307 1962 1498 1996 mulieribus
1517 1962 1709 1995 immodeste
1731 1967 1762 1995 et
1787 1962 1868 1996 inve<

1133 2016 1273 2049 secunde
1299 2015 1464 2058 colloqui3
1492 2025 1550 2058 pro
1575 2014 1626 2047 liis
1650 2019 1683 2048 et
1707 2014 1867 2048 similibus

1134 2071 1315 2113 plectantur
1347 2069 1393 2101 rei
1425 2069 1563 2111 flagellis
1586 2068 1619 2100 in
1655 2068 1810 2112 capitulo,
1837 2073 1868 2102 et

1133 2122 1252 2155 ieiUnio
1282 2122 1314 2154 in
1348 2132 1431 2164 pane
1466 2126 1498 2154 et
1530 2122 1614 2164 aqua
1639 2125 1781 2162 tantum,
1818 2123 1867 2155 vel

1132 2175 1340 2208 recludantur
1374 2174 1407 2207 in
1433 2175 1524 2207 cellis
1555 2185 1613 2217 per
1643 2174 1769 2218 aliquot
1799 2174 1867 2208 dies

1133 2233 1208 2272 post
1224 2238 1372 2271 asperam
1393 2228 1696 2270 reprehensionem.

1176 2292 1220 2314 vt.
1232 2281 1329 2324 Culpa
1344 2281 1470 2324 gravior
1486 2287 1533 2313 est
1550 2281 1750 2314 committere
1767 2282 1869 2325 quod-

1133 2345 1270 2377 cumque
1290 2339 1459 2378 peccatum
1486 2335 1620 2367 mortale
1642 2345 1713 2367 cum
1737 2336 1870 2369 scanda-

1133 2390 1174 2429 lo,
1199 2387 1251 2421 vel
1280 2388 1507 2431 quodcumque
1538 2392 1702 2431 peecatum
1734 2388 1870 2422 inconti-

1133 2441 1273 2481 nentiae,
1300 2441 1532 2481 contumaciae,
1556 2441 1797 2475 inobedientiae
1817 2442 1868 2475 vel

1135 2494 1324 2538 apostasiae,
1347 2494 1443 2528 etiam
1468 2494 1535 2527 sine
1553 2495 1718 2528 scandalo.
1738 2495 1798 2528 Pro
1817 2495 1868 2528 his

1135 2548 1250 2592 culpis,
1266 2553 1298 2581 et
1314 2550 1508 2592 unaquaque
1526 2549 1664 2588 illarum,
1678 2558 1752 2581 reus
1765 2548 1869 2581 incar-

1135 2601 1295 2636 cerabitur
1320 2612 1379 2646 per
1395 2607 1460 2636 tres
1478 2611 1614 2642 menses,
1633 2606 1665 2634 et
1687 2600 1870 2645 privabitur

1759 209 1822 243 0:39
1869 218 1918 245 An.
1940 217 1969 244 c,
1990 218 2056 245 ¹67ss
