2279 3260
128 250 177 277 An.
194 249 223 277 C.
245 250 314 278 1670

132 1867 136 1872 Ι
157 1839 270 1862 Succesno
285 1839 313 1861 ab

129 1870 228 1888 intestato
233 1881 238 1888 .

940 247 1082 271 CLEMENS
1106 248 1124 271 X
1149 248 1196 271 Pr.

320 303 461 330 vestrum
480 297 643 337 absolutis,
666 296 784 336 testari,
804 301 834 329 et
852 301 1055 335 testamento,

322 349 489 390 codicillis,
515 348 785 388 fideicommissis,
812 348 933 391 legatis,
960 348 1059 380 dona-

322 402 486 443 tionibus,
512 409 574 435 tam
607 402 691 434 inter
727 401 814 434 rivos
847 412 940 444 quam
966 402 1058 432 causa

322 455 445 495 mortis,
468 460 499 487 et
523 454 591 487 aliis
617 454 872 497 quibuscumque
898 453 1002 485 modis
1027 458 1057 484 et,

323 507 440 547 titulis,
466 507 627 550 scriptura
652 507 747 539 etiam
774 506 880 539 minus
905 505 1056 544 solemni,

322 570 430 592 coram
465 560 590 593 duobus
621 561 670 593 vel
697 559 797 592 tribus
824 558 980 598 testibus,
1006 563 1060 590 aut

322 613 418 644 etiam
442 613 557 645 cedula
589 613 658 645 sola
687 623 781 644 manu
803 613 908 644 vestra
943 611 1060 653 scripta

321 666 372 697 vel
396 666 596 708 subscripta,
623 670 654 697 et
679 665 757 697 alias
788 665 820 696 in
855 663 1003 696 omnibus
1029 668 1056 695 et

321 728 380 760 per
400 717 507 750 onmia
528 723 625 760 prout
650 723 678 750 ct
706 716 955 760 quomodolibet
970 716 1058 748 vobis

321 769 490 811 videbitur,
516 770 612 802 etiam
638 770 670 802 in
692 770 761 813 ipsa
778 769 865 801 curia
882 774 913 801 et
930 769 961 800 in
981 779 1060 800 mor-

322 822 364 854 tis
389 823 535 864 articulo,
562 823 659 855 etiam
685 823 772 854 nulla
798 822 879 854 facta
895 820 1060 852 mentione

321 877 504 918 praesentis
520 877 571 909 vel
589 876 724 908 aliarum
739 875 828 907 vobis
841 885 899 917 pro
916 879 1059 916 tempore

323 939 549 961 concessarum
582 928 734 960 similium
767 927 976 965 facultatum,
1007 930 1062 957 aut

323 981 412 1023 quod
436 981 469 1013 in
494 981 556 1014 vim
583 980 709 1014 illarum
735 979 844 1012 testari
870 989 926 1011 seu
948 978 1057 1021 dispo-

322 1043 400 1066 nere
425 1034 530 1066 velitis
555 1039 586 1065 et
609 1032 794 1072 intendatis,
829 1032 930 1064 semel
966 1036 1060 1073 atque

322 1086 441 1118 iterum
466 1092 521 1119 aut
548 1086 670 1130 pluries
700 1085 894 1128 disponere,
920 1090 1059 1116 statuere

325 1144 357 1171 ct
380 1139 553 1179 ordinare,
580 1139 677 1177 itaut,
703 1137 856 1180 quicquid
891 1141 1059 1175 testatum,

324 1198 449 1234 gestum
473 1198 530 1224 aut
553 1192 749 1229 ordinatmn,
768 1202 824 1223 scu
851 1190 928 1223 alias
954 1189 1061 1232 dispo-

323 1245 419 1277 situm
442 1256 459 1277 a
482 1244 572 1277 vobis
596 1244 700 1284 fuerit,
727 1244 823 1276 etiam
850 1243 880 1275 in
904 1243 967 1275 vim
992 1242 1061 1274 sim-

325 1297 419 1340 plicis
435 1297 684 1337 distributionis,
702 1308 737 1329 ac
752 1296 829 1329 alias
839 1296 925 1329 omni
935 1295 1060 1328 meliori

324 1351 421 1383 modo
446 1351 549 1383 valeat
573 1356 604 1383 et
628 1350 744 1382 serrari
776 1349 901 1389 debeat,
926 1349 1060 1391 ipsaque

325 1408 526 1443 testamenta,
552 1402 733 1443 codicillos,
759 1400 994 1444 dispositiones,
1013 1411 1062 1433 or-

326 1455 517 1495 dinationes,
544 1457 649 1497 legata
678 1460 710 1487 et
732 1460 847 1487 statuta
871 1454 1001 1497 pluries,
1027 1464 1062 1485 ac

326 1509 422 1541 toties
447 1509 573 1552 quoties
598 1509 687 1541 vobis
711 1508 893 1547 videbitur,
921 1508 1062 1540 modera-

325 1563 365 1602 ri,
389 1563 526 1595 limitare
545 1573 581 1595 ac
602 1562 696 1594 etiam
715 1562 747 1593 in
774 1567 874 1594 totum
900 1570 1060 1597 revocare,

328 1621 360 1648 et
376 1617 455 1648 alias
476 1617 514 1648 de
541 1626 623 1648 novo
644 1616 784 1648 condere
803 1615 905 1647 libere
923 1620 954 1647 et
975 1615 1061 1647 licite

327 1670 471 1709 valeatis,
500 1668 691 1701 auctoritate
721 1667 917 1710 apostolica,
937 1677 1062 1700 earum-

326 1721 400 1753 dem
418 1727 530 1754 tenore
555 1721 787 1764 praesentium,
814 1721 944 1763 plenam
969 1724 1001 1752 et
1025 1719 1063 1752 li-

325 1774 436 1807 beram
456 1774 665 1807 concedimus
690 1774 885 1806 facultatem.

368 1829 383 1871 ἓ
408 1827 462 1860 13.
488 1827 527 1860 Et
550 1827 681 1870 insuper
698 1827 865 1859 statuimus
884 1831 915 1859 et
933 1825 1062 1858 ordina-

323 1891 404 1921 mus,
425 1880 578 1923 vobisque
597 1879 812 1922 indulgemus,
835 1879 932 1921 quod,
957 1879 982 1911 si
1008 1889 1062 1911 vos

324 1934 363 1966 ab
378 1933 540 1973 intestato,
555 1939 587 1965 et
604 1933 672 1965 sine
690 1934 755 1965 ulla
769 1933 818 1964 vel
835 1931 942 1964 minus
957 1931 1061 1964 valida

323 1987 485 2020 bonorum
510 1992 542 2018 et
565 1996 686 2026 rerum,
706 1996 741 2018 ac
765 1985 936 2025 fructuum,
957 1984 1063 2017 reddi-

323 2045 414 2072 tuum
438 2045 469 2072 et
494 2044 709 2082 proventuum
735 2038 976 2082 praedictorum
1000 2037 1063 2070 dis-

323 2092 497 2135 positione,
523 2092 556 2124 in
582 2091 666 2124 dicta
683 2091 771 2124 curia
795 2091 845 2124 vel
870 2096 959 2122 extra
981 2101 1060 2130 eam,

325 2152 389 2179 tam
406 2146 561 2178 continua
586 2155 681 2187 quam
701 2144 896 2188 interpolata
913 2143 992 2175 inibi
1011 2154 1064 2176 cu-

326 2199 457 2233 iuslibet
473 2204 613 2232 vestrum
630 2197 807 2241 respective
829 2197 1007 2236 mansione,
1029 2207 1064 2229 ac

328 2252 424 2285 etiam
440 2258 530 2285 extra
545 2251 705 2284 beneficia
722 2257 826 2284 vestra
842 2251 892 2283 vel
915 2251 977 2284 alia
993 2251 1065 2283 loca

327 2306 455 2339 debitae
479 2317 498 2338 a
521 2305 613 2338 vobis
639 2304 833 2337 residentiae
865 2303 1061 2347 personalis,

326 2360 423 2393 etiarn
447 2360 535 2392 nulla
558 2358 753 2392 subsistente
774 2360 879 2397 causa,
898 2358 937 2390 ab
956 2358 1064 2389 liuma-

326 2412 376 2445 nis
403 2411 584 2452 decedatis,
612 2411 722 2444 omnia
746 2416 779 2443 et
801 2411 928 2453 singula
953 2410 1038 2443 bona
1054 2437 1062 2451 ‚

324 2475 377 2499 res
402 2470 434 2497 et
457 2465 529 2497 iura
553 2464 649 2497 etiam
681 2470 716 2497 ut
746 2464 928 2508 praefertur
960 2463 1064 2507 quali·
1085 2491 1087 2503 ,

325 2518 431 2559 ficata,
447 2527 575 2551 necnon
591 2517 696 2560 spolia
716 2517 948 2560 cuiuscumque
966 2527 1065 2560 quan-

327 2571 425 2604 titatis
461 2576 494 2603 et
528 2570 647 2603 valoris
680 2570 871 2611 existentia,
899 2570 997 2608 etiam
1026 2580 1063 2602 ex

328 2623 511 2669 praedictis,
538 2629 569 2658 et
592 2623 670 2657 alias
694 2624 919 2668 undecumque
950 2633 1064 2667 prove·
1085 2645 1088 2665 ί

1100 295 1232 335 mentia,
1253 295 1291 328 ad
1318 305 1475 327 cameram
1505 295 1711 338 apostolicam
1730 306 1785 328 seu
1805 295 1837 327 in

1101 348 1192 381 dictis
1217 348 1385 381 beneficiis
1416 359 1620 381 successores
1652 360 1714 380 non
1741 348 1840 391 perti-

1102 407 1210 440 neant,
1237 401 1291 433 sed
1316 401 1354 433 ad
1383 401 1540 433 haeredes
1561 400 1653 432 vestri
1673 401 1839 441 sanguinis

1102 454 1226 496 integre
1253 454 1494 492 deveniant,et‚
1511 453 1573 486 illis
1600 452 1838 493 deficientilms,

1102 506 1185 539 inter
1210 507 1384 539 familiares
1416 512 1539 538 vestros
1572 505 1705 538 arbitrio
1728 516 1840 548 perso-

1102 570 1162 608 nhae
1184 571 1240 592 seu
1267 570 1490 602 persomuum,
1516 569 1594 601 quas
1615 559 1653 590 ad
1672 558 1701 590 id
1718 558 1840 600 scripto

1103 612 1356 652 nominaveritis,
1377 612 1621 650 distributurum,
1640 610 1699 642 nisi
1719 611 1756 642 de
1778 610 1841 643 alia

1103 664 1314 707 dispositione
1340 666 1387 697 vel
1414 664 1595 696 intentione
1623 664 1736 701 vestra,
1763 663 1842 695 seri-

1103 719 1195 760 ptura
1221 718 1315 750 etiam
1341 717 1446 750 minus
1471 716 1629 756 solemni,
1650 726 1759 748 -secus
1787 726 1842 758 ap-

1103 775 1241 812 pareret,
1257 781 1352 812 quam
1371 775 1445 801 tunc
1463 770 1551 801 velut
1571 769 1733 801 efficacem
1752 769 1841 811 ipsae

1104 832 1263 864 personae
1289 823 1337 854 vel
1364 822 1415 854 alii
1436 821 1559 854 iudices
1583 833 1639 854 seu
1665 827 1843 864 exequuto-

1104 884 1154 905 res
1180 873 1311 906 omnino
1338 874 1452 916 exequi
1472 879 1502 906 et
1525 874 1704 917 adimplere
1730 874 1842 916 illique

1104 936 1174 958 sese
1200 926 1399 958 consorinare
1422 926 1453 958 in
1472 925 1622 958 omnibus
1641 931 1671 958 ct
1696 937 1755 969 per
1775 937 1844 958 om-

1104 978 1157 1011 nia
1183 979 1333 1011 debeant.
1361 979 1398 1011 Et
1425 979 1639 1011 nihilominus
1669 990 1844 1022 quaecum-

1105 1042 1167 1074 que
1193 1032 1380 1065 huiusmodi
1406 1037 1618 1071 testamenta,
1647 1033 1761 1074 legata,
1788 1033 1845 1065 do-

1105 1084 1261 1124 nationes,
1288 1084 1515 1127 dispositiones
1534 1090 1564 1116 ct
1590 1084 1666 1116 alias
1695 1085 1802 1116 forsan
1827 1095 1844 1117 a

1105 1137 1194 1170 vobis
1219 1137 1438 1181 etiam'nulla
1462 1142 1518 1169 aut
1541 1136 1646 1169 minus
1672 1136 1845 1169 sufficienti

1106 1190 1257 1223 facultate
1291 1189 1427 1222 suffultis
1462 1190 1500 1222 de
1527 1189 1710 1222 huiusmodi
1735 1190 1841 1231 bonis,

1105 1243 1226 1276 iuribus
1247 1249 1278 1276 et
1295 1243 1483 1282 actionibus,
1503 1243 1667 1282 fructibus,
1687 1243 1844 1286 pecuniis,

1105 1296 1284 1336 iocalibus,
1324 1296 1459 1339 aliisque
1497 1296 1592 1328 rebus
1628 1295 1843 1338 supradictis,

1106 1350 1202 1382 etiam
1227 1350 1260 1382 in
1289 1349 1431 1382 favorem
1466 1349 1783 1392 consanguineorum
1814 1354 1846 1381 et

1105 1402 1246 1435 affinium
1271 1402 1525 1446 praedictormn,
1553 1408 1585 1434 et
1609 1402 1687 1434 alias
1713 1412 1846 1444 quomo-

1106 1455 1230 1487 dolibet
1247 1455 1336 1495 facta,
1359 1465 1431 1487 cum
1457 1454 1608 1487 omnibus
1633 1454 1708 1487 inde
1734 1464 1846 1497 sequu-

1107 1507 1165 1548 tis,
1192 1518 1228 1540 ac
1254 1507 1349 1540 etiam
1375 1518 1411 1540 ea
1437 1518 1518 1550 quae
1544 1518 1601 1550 per
1625 1518 1679 1539 vos
1705 1507 1736 1538 in
1763 1507 1847 1538 futu-

1105 1571 1178 1592 rum
1202 1559 1292 1600 fient,
1317 1570 1354 1593 ex
1380 1570 1467 1592 nunc
1486 1565 1585 1603 prout
1610 1570 1646 1592 ex
1674 1564 1749 1591 tunc
1773 1564 1804 1592 et
1828 1570 1845 1592 e

1106 1619 1237 1653 contra,
1263 1624 1322 1656 pro
1355 1612 1439 1646 dicta
1465 1615 1588 1645 summa
1620 1624 1675 1645 sex
1708 1612 1845 1645 millium

1107 1666 1307 1706 ducatorum,
1322 1666 1539 1709 approbamus
1555 1671 1586 1698 et
1600 1664 1844 1704 confirmamus,

1107 1730 1286 1762 omnesque
1312 1724 1344 1752 ct
1368 1719 1514 1761 singulos
1546 1718 1624 1750 iuris
1650 1724 1682 1750 ct
1712 1717 1786 1750 facti
1811 1728 1848 1750 ac

1106 1772 1350 1806 solemnitatum
1376 1771 1568 1804 omissurum
1601 1776 1632 1803 et
1656 1771 1849 1803 omittenda-

1106 1837 1187 1865 rum,
1214 1835 1342 1858 necnon
1367 1824 1603 1864 substantiales,
1630 1824 1775 1866 aliosque
1794 1824 1849 1857 de-

1107 1879 1207 1911 fectus
1233 1887 1467 1921 quoscumque,
1487 1877 1511 1909 si
1531 1876 1586 1919 qui
1604 1876 1846 1915 intervenerint,

1106 1937 1160 1964 aut
1188 1932 1437 1964 intervenerunt
1472 1930 1504 1962 in
1541 1930 1687 1970 eisdem,
1720 1929 1847 1962 etiamsi

1107 1986 1187 2018 tales
1213 1984 1279 2017 sint
1311 1985 1361 2017 vel
1391 1983 1530 2023 suerint,
1558 1984 1643 2026 quod
1675 1983 1846 2026 specialis,

1107 2038 1256 2081 specifica
1291 2043 1322 2070 et
1360 2048 1513 2080 expressa
1549 2037 1588 2070 de
1622 2036 1686 2069 illis
1723 2037 1847 2069 mentio

1107 2090 1334 2134 praesentibus
1353 2090 1505 2122 habenda
1527 2094 1624 2130 esset,
1643 2090 1845 2132 supplemus.

1150 2144 1164 2186 ξ
1189 2143 1243 2175 14.
1270 2142 1452 2175 Districtius
1476 2142 1665 2175 inhibentes
1683 2142 1847 2185 quibusvis
1875 2148 2033 2171 inhibuit-con-

1851 2180 1881 2197 tra
1889 2179 2032 2197 mitt-stantes.

1107 2196 1371 2239 archiepiscopis,
1388 2195 1552 2239 episcopis
1578 2201 1631 2228 aut
1654 2195 1725 2228 aliis
1743 2196 1847 2228 eccle-

1107 2250 1227 2283 siarum
1250 2248 1414 2292 praelatis,
1437 2259 1563 2282 necnon
1588 2258 1733 2283 camerae
1758 2257 1845 2291 prae-

1108 2304 1211 2337 dictae
1236 2301 1498 2346 praesidentibus
1523 2307 1554 2334 et
1578 2301 1713 2340 clericis,
1738 2312 1775 2333 ac
1800 2311 1848 2333 eo·
1879 2308 1883 2309 ⁷

1107 2368 1188 2397 rum,
1210 2366 1336 2388 necnon
1363 2355 1503 2388 fabricae
1520 2354 1671 2387 basilicae
1693 2352 1852 2395 Principis

1109 2410 1341 2453 Apostolorum
1363 2409 1402 2442 de
1428 2408 1523 2448 Urbe,
1546 2418 1582 2440 ac
1602 2406 1764 2440 cruciatae
1785 2416 1853 2438 san·

1109 2467 1178 2496 ctae
1203 2468 1234 2495 et
1258 2462 1330 2495 aliis
1356 2461 1588 2497 collectoribus
1624 2465 1656 2493 et
1688 2459 1851 2492 subcolle-

1108 2515 1264 2556 ctoribus,
1284 2514 1469 2558 ceterisque
1493 2514 1723 2555 cuiuscumque
1750 2512 1850 2553 digni·

1108 2568 1193 2609 tatis,
1219 2574 1331 2608 status,
1362 2568 1478 2611 gradus
1507 2559 1539 2600 et
1568 2565 1762 2599 conditionis
1780 2564 1846 2597 exi-

1108 2622 1292 2665 stentibus,
1321 2621 1415 2655 etiam
1441 2620 1551 2664 quavis
1587 2618 1775 2652 auctoritate
1812 2621 1845 2650 et

1747 238 1789 271 93
1834 246 1884 273 An.
1902 245 1930 273 c.
1953 247 2023 273 1670
