2279 3260
229 237 280 265 An.
301 235 329 263 C.
351 235 420 264 1673
464 229 528 261 406

465 284 591 323 x1.Qui
626 285 767 319 officium
798 285 833 318 B.
867 284 984 318 Mariae
1018 282 1156 326 Virginis

424 339 538 372 devote
562 338 777 380 recitaverint,
800 343 930 371 centum
956 337 1035 369 dies.

466 401 521 425 xu.
549 390 606 429 Qui
631 391 737 424 missis
767 397 798 424 et
815 391 886 423 aliis
904 389 1019 423 divinis
1042 387 1155 422 officiis

423 444 456 477 in
474 444 608 477 ecclesia
622 454 678 476 seu
697 445 842 487 cappella
858 448 910 475 aut
927 441 1067 475 oratorio
1085 451 1157 473 con-

424 496 634 530 fraternitatis
657 507 717 539 pro
736 501 882 538 tempore
903 493 1104 527 celebrandis
1126 498 1158 525 et

424 549 598 582 recitandis
624 549 688 581 sive
721 546 1026 589 congregationibus
1055 545 1158 589 publi-

425 601 470 634 cis
495 602 545 634 vel
571 601 703 644 privatis
735 600 880 633 eiusdem
910 598 1158 632 confraternita-

424 653 583 687 ternitatis
631 653 749 696 ubique
798 652 953 685 faciendis
997 651 1153 684 interfue-

423 706 497 746 rint,
516 712 569 738 aut
593 715 752 748 pauperes
772 705 914 748 hospitio
940 703 1154 747 susceperint,

424 763 477 791 aut
501 758 547 791 eis
573 758 604 790 in
641 768 751 790 eorum
783 757 1028 790 necessitatibus
1050 757 1097 789 vel
1125 756 1155 788 in

424 809 584 853 pericula¹
605 809 759 853 peccandi
779 809 990 842 existentibus
1016 808 1156 842 auxiliati

425 863 552 902 fuerint,
572 869 626 895 aut
649 863 871 905 eleemosynas
896 863 1091 905 temporales
1107 862 1156 894 vel

424 914 608 957 spirituales
634 914 679 947 eis
705 915 865 954 dederint,
884 916 931 948 vel
949 925 1061 958 pacem
1086 925 1156 947 curn

423 967 561 1000 inimicis
586 967 728 1010 propriis
754 968 804 1000 vel
831 967 945 1000 alienis
969 977 1163 1010 composue1

423 1020 489 1052 rint
512 1030 567 1052 seu
591 1020 743 1063 componi
775 1020 930 1059 fecerint,
955 1025 1009 1052 aut
1032 1020 1156 1052 devium

425 1074 566 1117 aliquem
591 1074 629 1106 ad
656 1073 736 1106 viam
764 1074 877 1106 salutis
902 1073 1107 1113 reduxerint,
1128 1078 1158 1106 et

424 1125 629 1169 ignorantes²
653 1126 709 1159 Dei
741 1131 913 1170 praecepta
947 1132 978 1159 et
1007 1137 1043 1159 ea
1076 1137 1157 1169 quae

425 1179 463 1212 ad
489 1180 627 1212 salutem
650 1184 725 1212 sunt
751 1180 927 1220 docuerint,
947 1185 1001 1212 aut
1017 1179 1159 1223 quando-

425 1242 564 1275 cumque
585 1232 670 1265 aliud
685 1232 814 1275 pietatis
830 1233 880 1265 vel
899 1233 1063 1265 charitatis
1079 1243 1160 1275 opus

425 1285 638 1324 exercuerint,
661 1285 754 1318 toties
779 1295 838 1328 pro
865 1285 1007 1328 quolibet
1033 1284 1160 1328 praedi-

425 1342 548 1370 ctorum
574 1337 701 1380 piorum
721 1348 865 1380 operum,
883 1343 1010 1370 centum
1033 1338 1101 1370 dies
1121 1338 1159 1370 de

425 1389 576 1422 iniunctis
596 1390 641 1422 eis
658 1400 712 1423 seu
739 1390 817 1422 alias
842 1390 1086 1433 quomodolibet
1111 1390 1161 1422 de-

424 1442 499 1474 bitis
515 1442 725 1485 poenitentiis
741 1442 772 1474 in
789 1443 890 1476 forma
907 1443 1067 1475 Ecclesiae
1085 1453 1160 1475 con-

425 1498 512 1527 sueta
537 1496 695 1528 concessit
719 1501 748 1527 et
774 1497 939 1528 relaxavit.

467 1558 537 1581 xm.
563 1548 698 1591 Insuper
715 1549 877 1581 concessit
899 1548 997 1591 priori
1017 1548 1159 1591 generali

425 1599 573 1641 Ordinis,
598 1602 659 1641 vel,
684 1601 741 1634 illo
767 1602 912 1641 absente,
947 1601 1016 1634 eius
1040 1601 1160 1634 vicario

426 1653 578 1695 generali,
594 1659 629 1685 ut
654 1654 838 1686 huiusmodi
863 1654 1159 1687 confraternitatem

425 1705 630 1738 beatissimae
645 1706 783 1749 Virginis
797 1707 912 1739 Mariae
928 1707 965 1739 de
976 1707 1077 1739 Morte
1093 1706 1161 1739 Car—

427 1760 512 1791 melo
537 1759 640 1791 ubivis
668 1760 813 1792 locorum
844 1765 931 1792 extra
956 1760 1072 1793 Urbem
1099 1761 1162 1793 eri-

428 1823 503 1855 gere
530 1818 560 1846 et
584 1813 777 1853 instituere,
805 1813 934 1857 illisque
961 1814 1161 1857 supradictas

428 1865 646 1908 indulgentias
667 1871 698 1898 et
723 1866 839 1908 gratias
864 1866 897 1899 in
923 1866 1160 1910 spiritualibus,

428 1921 551 1950 servata
577 1918 679 1950 forma
710 1922 910 1962 praesc1·1pta
943 1920 973 1952 in
999 1919 1161 1952 Constitu-

429 1971 519 2003 tione
539 1970 637 2003 felicis
656 1972 893 2004 recordationis
905 1972 1082 2006 Clementis
1098 1973 1162 2006 x’ltl

429 2033 527 2066 super
551 2023 850 2056 confraternitatum
875 2025 1160 2067 aggregationibus

430 2081 462 2109 et
495 2075 750 2108 institutionibus
787 2077 900 2117 editae,
927 2078 1162 2112 communicare

430 2129 544 2172 possit.

473 2192 537 2214 ΧΠ.
576 2181 720 2224 Denique
763 2182 982 2216 sanctissimus
1014 2184 1163 2217 dominus

430 2239 542 2267 noster
557 2234 704 2267 Clemens
717 2235 741 2266 X
756 2245 814 2278 per
828 2236 949 2268 litteras
965 2247 1037 2269 suas
1053 2237 1083 2269 in
1100 2237 1163 2270 for-
1183 2251 1185 2257 r

430 2288 481 2319 ma
498 2286 605 2318 Brevis
631 2287 719 2319 datas
741 2286 792 2319 die
812 2297 835 2320 11
853 2287 987 2320 ianuarii
1013 2299 1162 2322 ubctxxu

431 2338 565 2372 indulsit.
582 2344 615 2370 ut
633 2350 744 2372 omnes
771 2341 973 2382 supradictae
991 2342 1164 2384 indulgen-

433 2392 507 2427 tiae,
534 2397 739 2434 peccatorum
768 2393 973 2426 remissiones
1000 2405 1035 2427 ac
1053 2394 1164 2437 poeni-

432 2446 605 2476 tentiarum
638 2444 862 2483 relaxationes,
888 2456 946 2488 per
972 2445 1073 2478 felicis
1098 2457 1164 2479 me-

431 2497 552 2529 moriae
587 2497 717 2529 Paulum
742 2497 765 2528 V
793 2507 976 2538 concessae,
997 2498 1164 2532 animabus

470 2567 478 2592 l
502 2567 595 2593 Potius
615 2566 673 2601 Iege
689 2566 820 2602 periculo
838 2568 872 2602 (R.
888 2572 937 2601 τ.).

465 2610 482 2637 2
501 2611 646 2646 Perperam
657 2610 698 2638 ed,
712 2611 790 2638 lllaiu.
808 2611 871 2646 legit
881 2612 1048 2645 iynoranter
1062 2614 1099 2647 (n.
1114 2614 1162 2648 ¹12).

1003 234 1182 260 numanum
1204 233 1355 261 Romnum
1938 237 1990 265 An.
2010 236 2039 265 c.
2053 238 2119 266 1673

1198 283 1454 318 christifidelium
1479 296 1539 330 per
1555 287 1685 320 modum
1709 285 1851 329 suffragii
1875 296 1931 329 ap-

1198 336 1353 379 applicari
1367 338 1504 381 possint.

1233 387 1288 415 Hoc
1317 390 1491 418 summarium
1514 391 1631 419 fideliter
1654 395 1809 427 excerptum
1834 395 1875 419 est
1898 400 1930 419 ex

1199 432 1282 459 Bullis
1301 436 1328 460 et
1346 433 1475 461 Brevibus
1493 435 1590 462 citatis.

1472 487 1608 521 lomes
1632 489 1719 522 Boua
1742 489 1927 523 cardinalis.

1243 547 1257 590 ἓ
1273 547 1304 580 3.
1320 547 1397 580 Cum
1415 552 1531 589 autem,
1548 549 1629 581 sicut
1642 549 1753 583 eadem
1771 550 1929 594 expositio
1967 561 2051 582 Pontio.

1200 600 1429 642 subiungebat,
1456 600 1619 644 praefatus
1637 601 1815 636 Matthaeus
1840 602 1931 646 prior

1199 653 1360 695 generalis
1376 653 1587 686 summarium
1602 653 1786 688 huiusmodi
1803 660 1932 698 aposto-

1200 705 1278 738 licae
1304 704 1556 738 confirmationis
1589 711 1718 739 nostrae
1749 707 1931 750 patrocinio

1199 758 1404 799 communiri,
1423 759 1646 802 nonnullaque
1664 759 1762 792 dubia
1778 760 1933 803 praemis-

1199 821 1306 844 sorum
1321 811 1491 845 occasione
1505 812 1703 855 emergentia
1716 812 1851 846 dissolvi
1864 814 1936 857 plu-

1200 864 1313 897 rimum
1329 865 1500 898 desideret:
1517 865 1609 898 nobis
1622 871 1794 909 propterea
1807 866 1937 900 humili-

1201 924 1248 950 ter
1266 918 1442 962 supplicari
1462 918 1538 951 fecit
1550 924 1584 951 ut
1598 924 1782 962 opportune
1798 919 1830 952 in
1844 930 1939 963 prae-

1200 971 1305 1004 missis
1333 971 1503 1014 providere
1532 977 1563 1005 et
1587 978 1622 1004 ut
1650 971 1735 1005 infra
1768 972 1937 1016 indulgere

1200 1024 1239 1056 de
1263 1023 1461 1066 benignitate
1487 1024 1663 1068 apostolica
1687 1025 1904 1067 dignaremur.

1243 1076 1257 1119 ἓ
1281 1076 1312 1109 4.
1331 1076 1394 1109 Nos
1411 1076 1518 1119 igitur,
1541 1077 1642 1120 ipsius
1659 1077 1796 1110 Mathaei
1818 1077 1934 1120 prioris
1979 1086 2128 1118 ,oenomao

1201 1129 1361 1170 generalis
1387 1129 1468 1161 votis
1487 1129 1548 1161 hac
1568 1129 1600 1161 in
1617 1139 1663 1170 re,
1683 1134 1839 1172 quantum
1864 1140 1936 1162 cum
1945 1112 2106 1135 'mmmm'

1202 1181 1337 1213 Domino
1355 1191 1538 1224 possumus,
1555 1182 1775 1214 favorabiliter
1791 1193 1934 1215 annuere

1202 1234 1356 1273 volentes,
1370 1244 1506 1276 eumque
1525 1245 1541 1266 a
1560 1234 1726 1277 quibusvis
1751 1245 1937 1267 excommu-

1202 1285 1391 1324 nicationis,
1427 1287 1650 1328 suspensionis
1687 1291 1719 1318 et
1751 1287 1937 1327 interdicti,

1201 1338 1335 1381 aliisque
1363 1338 1592 1371 ecclesiasticis
1621 1339 1804 1379 sententiis,
1823 1350 1939 1373 censu-

1202 1390 1245 1422 ris
1262 1396 1293 1422 et
1308 1390 1433 1433 poenis,
1450 1401 1467 1423 a
1484 1391 1552 1423 iure
1569 1392 1619 1424 vel
1638 1393 1675 1423 ab
1699 1392 1843 1434 homine,
1861 1403 1938 1436 qua-

1202 1442 1247 1474 vis
1267 1443 1438 1475 occasione
1468 1444 1518 1476 vel
1548 1446 1643 1476 causa
1670 1444 1750 1484 latis,
1773 1445 1797 1477 si
1823 1445 1940 1488 quibus

1202 1495 1449 1537 quomodolibet
1472 1496 1645 1528 innodatus
1670 1496 1786 1537 existit,
1805 1498 1844 1530 ad
1865 1496 1941 1530 ess'e-

1204 1554 1289 1580 etum
1310 1549 1529 1591 praesentium
1556 1549 1720 1582 dumtaxat
1736 1559 1939 1593 consequen-

1204 1601 1288 1640 dum,
1305 1601 1419 1633 harum
1437 1602 1521 1634 serie
1547 1603 1753 1635 absolventes
1767 1609 1799 1635 et
1811 1603 1939 1636 absolu-

1204 1660 1269 1686 tum
1298 1654 1364 1686 fore
1396 1660 1577 1695 censentes,
1597 1655 1783 1689 huiusmodi
1815 1657 1938 1700 suppli-

1204 1706 1383 1739 cationibus
1409 1707 1579 1747 inclinati,
1607 1708 1813 1741 summarium
1846 1719 1938 1752 prae-

1204 1759 1382 1800 insertmn,
1409 1760 1579 1803 omniaque
1616 1767 1647 1793 et
1679 1761 1805 1803 singula
1835 1761 1867 1794 in
1899 1772 1938 1795 eo

1204 1818 1364 1853 contenta,
1390 1814 1581 1846 auctoritate
1605 1815 1799 1857 apostolica,
1826 1819 1938 1848 tenore

1203 1862 1450 1908 praesentium,
1465 1868 1682 1910 approbamus
1708 1873 1740 1900 et
1768 1867 1939 1901 confirma-

1181 1925 1183 1943 t
1202 1929 1285 1959 mus,
1301 1919 1429 1962 illisque
1454 1919 1650 1953 inviolabilis
1676 1920 1873 1963 apostolicae
1890 1920 1938 1953 fir-

1204 1971 1321 2004 mitatis
1346 1972 1446 2004 robur
1469 1973 1646 2005 adiicimus.

1247 2026 1262 2068 g
1279 2025 1310 2058 5.
1331 2025 1513 2065 Praeterea,
1530 2031 1563 2057 ut
1578 2026 1754 2059 confratres
1772 2032 1803 2060 et
1820 2037 1937 2060 conso·
1947 2032 2043 2085 “2¹:33⁸
2065 2033 2133 2081 12:332}

1203 2087 1294 2110 rores
1319 2077 1473 2109 dictarum
1493 2078 1792 2111 confraternitatum
1815 2078 1846 2112 S.
1866 2079 2050 2112 Sca-ronuta-

1204 2129 1336 2173 pularis,
1363 2135 1425 2161 tam
1451 2130 1605 2163 hactenus
1631 2137 1813 2163 erectarum
1843 2142 1938 2175 quam

1205 2183 1237 2215 in
1262 2183 1404 2215 futurum
1429 2183 1669 2225 erigendarum,
1687 2184 1741 2227 qui
1760 2185 1939 2227 processio-

1205 2235 1327 2269 nemin
1345 2238 1408 2268 una
1433 2235 1596 2269 dominica
1621 2237 1792 2270 cuiuslibet
1816 2237 1939 2271 mensis

1183 2316 1184 2321 ,
1205 2289 1244 2322 ab
1273 2289 1337 2321 illis
1362 2288 1431 2321 fieri
1457 2289 1568 2322 solitae
1587 2290 1756 2323 commode
1782 2291 1939 2324 interesse

1205 2352 1269 2375 non
1301 2341 1485 2384 potuerint,
1511 2342 1537 2374 si
1568 2353 1641 2375 vere
1678 2343 1884 2385 poenitentes
1909 2349 1941 2377 et

1205 2394 1364 2434 confessi,
1389 2404 1425 2426 ac
1449 2395 1538 2427 sacra
1563 2395 1792 2428 communione
1817 2396 1939 2436 refecti,

1206 2439 1370 2489 cappellus
1395 2457 1524 2479 suarum
1556 2447 1731 2490 respective
1761 2448 1940 2481 confrater-

1207 2499 1339 2531 nitatum
1366 2499 1477 2531 devote
1510 2498 1730 2540 visitaverint,
1758 2506 1789 2533 et
1813 2500 1857 2533 ibi
1881 2511 1940 2544 pro

1207 2552 1454 2585 christianorum
1467 2553 1649 2596 principum
1667 2554 1849 2594 concordia,
1867 2554 1940 2588 hae-

1207 2615 1311 2637 resum
1346 2605 1577 2648 extimatione,
1608 2618 1642 2640 ac
1674 2612 1802 2640 sanctae
1833 2606 1937 2639 Matris
