2279 3260
116 234 164 261 An<
183 233 212 260 C.
237 234 302 261 1070

143 296 254 315 Professus
265 295 295 314 in-

116 321 219 341 sni-numu

260 327 296 340 titt·

934 234 1075 256 CLEmssNs
1098 234 1115 256 Χ
1142 234 1187 256 ΡΡ.

351 281 480 312 tun-mn
506 285 670 312 crescente
707 280 785 311 fanni
812 280 897 312 illius
924 281 1041 311 sancti-

116 350 213 367 .-=...=.·..10
242 347 287 367 maa
309 332 380 365 tatis=
407 338 438 364 et
458 333 697 371 miraculorum,
715 332 791 364 editi
813 338 886 364 sunt
913 343 1042 375 proces-

115 380 147 394 ΙΜι
156 380 182 394 la.

140 1345 246 1364 unarum.

307 396 358 418 sus
393 386 585 418 informativi
617 386 808 418 auctoritate
852 386 1039 425 ordinm-itm

306 449 441 481 cumque
466 439 539 471 illos
557 439 719 471 retulisset
739 439 768 470 in
788 439 1041 481 congregatione

305 502 468 524 sacrorum
494 491 613 523 ritmun
640 492 742 524 honae
769 492 943 524 nwmoriae
970 493 1041 524 Ale-

304 544 425 575 xander
439 543 611 576 cardinalis
627 543 761 576 Ursinus
777 544 827 576 [lie
844 555 861 576 x
877 545 1040 584 februarii,

303 606 388 628 anno
414 606 561 636 MDCXXIV,
592 597 704 629 eadem
729 597 940 640 congregatio
966 607 1041 629 con-

304 648 400 681 cessit
426 649 661 682 remissoriales
700 649 823 682 litteras
849 650 887 682 ad
913 659 1039 682 sumen-

304 701 359 734 das
386 702 596 744 probationes
622 702 655 734 in
681 713 801 745 genere
820 708 850 734 et
875 702 907 734 in
923 701 1038 745 speeie,

304 759 336 786 et
349 765 458 787 sacrae
472 756 563 787 rotae
578 755 779 788 auditoribus
798 755 836 788 de
851 765 939 787 more
956 764 1041 786 com-

306 807 393 839 misit
419 807 654 840 discutiendam
681 818 820 840 causam.

353 859 407 892 Die
428 870 503 893 vero
521 870 551 894 lv
568 860 679 903 aprilis
697 870 781 893 anno
799 869 949 899 Mncxxvi,
967 864 1040 902 post

308 912 457 945 advectos·
474 913 513 945 ad
531 912 648 945 Urbem
674 921 840 954 processus
859 911 1041 944 Florentiae

307 965 499 1007 compilatos
515 991 523 1005 ,
550 965 711 997 referente
738 964 842 997 bonae
868 964 1042 997 memoriae

305 1017 417 1050 Carolo
442 1018 597 1051 cardinali
623 1017 688 1057 Pio,
705 1018 889 1060 supradicta
906 1028 1042 1060 congre-

304 1070 390 1112 gatio
416 1071 543 1103 censuit
570 1076 721 1103 constare
746 1071 785 1103 de
810 1071 939 1103 illorum
965 1071 1042 1103 vali-

304 1123 414 1163 ditate,
442 1123 559 1156 deinde
586 1133 656 1156 xxlv
681 1122 826 1156 eiusdem
850 1123 968 1156 mensis
990 1123 1042 1156 die

304 1175 440 1208 asseruit
464 1181 612 1209 constare
639 1175 677 1208 de
697 1175 870 1208 virtutibus
890 1176 923 1208 in
942 1176 1041 1218 gradu

305 1227 450 1269 heroico,
472 1234 505 1261 et
525 1228 655 1261 demum
674 1238 696 1262 11
714 1228 789 1261 maii
808 1228 1043 1272 consequentia

305 1280 461 1314 miracula
484 1281 684 1325 approbavit.

349 1333 573 1366 acerbissimis
598 1334 766 1367 doloribus
793 1335 969 1377 urgebatur
993 1345 1044 1367 so-

305 1394 362 1417 ror
385 1384 482 1417 Maria
513 1384 687 1417 Catharina
712 1386 750 1418 de
776 1385 895 1418 Chellis
924 1385 970 1418 ‘ob
996 1386 1044 1418 ul-

306 1448 374 1478 cus,
401 1447 438 1470 ex
464 1448 528 1481 quo
554 1448 630 1480 pars
652 1438 731 1470 ossis
750 1438 920 1481 putrefacti
940 1439 1044 1471 fuerat

306 1490 439 1531 educta3
455 1490 523 1530 sed,
537 1490 642 1523 fasciis
657 1501 673 1523 a
688 1490 874 1533 Magdalcna
891 1491 1042 1534 obligata,

305 1543 393 1576 illico
418 1554 436 1576 a
456 1544 582 1584 dolore,
608 1543 747 1577 subinde
772 1544 811 1576 ab
836 1545 942 1577 ulcere
967 1544 1044 1578 libe-

305 1602 374 1630 rata
398 1603 458 1630 est.

349 1650 538 1683 Omniinodti
551 1661 728 1684 nervorum
745 1650 937 1684 attractione
959 1651 1043 1685 labo-

305 1714 379 1737 rans
404 1714 496 1738 soror
508 1705 601 1737 Fides
618 1710 649 1737 et
667 1706 749 1737 lecto
769 1705 906 1737 haerens
931 1705 1043 1738 immo-

305 1758 379 1790 bilis
404 1758 489 1790 inter
513 1757 686 1790 acerrimos
711 1758 886 1797 cruciatus,
913 1761 1044 1801 accepta

305 1822 322 1844 e
342 1811 549 1853 Magdalenae
567 1811 713 1843 manibus
732 1811 888 1853 Deiparae
906 1811 1043 1854 Virginis

305 1864 455 1907 imagine,
481 1865 644 1907 extemplo
670 1865 842 1898 convaluit.

349 1917 500 1950 Formato
525 1917 618 1959 signo
643 1917 749 1950 crucis
777 1929 876 1961 super
900 1918 1044 1952 Cathari-

306 1981 377 2003 nam
403 1970 442 2003 de
466 1970 573 2014 Spinis
594 1970 663 2004 dire
688 1972 864 2004 cruciatam
882 1984 898 2004 a
917 1973 1044 2005 daemo-

306 2034 356 2063 ne,
381 2023 468 2057 illico
495 2024 527 2056 in
553 2024 660 2066 sugam
685 2025 750 2066 egit
772 2025 906 2058 hostem.

349 2077 516 2110 Sororibus
541 2078 702 2110 Barbarae
734 2078 849 2111 Bassae
875 2085 906 2112 et
930 2080 1043 2113 Mariae

308 2131 470 2173 Benignae
495 2131 533 2163 de
558 2130 743 2164 Orlandinis
777 2131 903 2164 tabifica
935 2133 1042 2166 scabie

306 2188 338 2215 et
362 2184 472 2227 leprae
497 2183 660 2216 simillima
693 2183 844 2223 infectis,
872 2186 1043 2228 purulenta

306 2246 416 2268 earum
443 2237 550 2269 ulcera
575 2237 760 2278 lambendo,
785 2237 954 2271 sanitatem
973 2239 1044 2272 red-

306 2289 399 2321 didit.

1746 227 1783 258 17

1084 281 1174 312 simi<
1201 280 1364 312 duim-ibus
1389 287 1551 320 aestuans,
1571 283 1620 313 eui
1649 289 1753 314 tamt-n
1775 286 1821 315 ul-

1084 344 1159 373 cus,
1187 334 1331 365 dolorem
1358 340 1389 365 vt
1416 335 1527 365 febrim
1553 336 1672 366 ath-mit.
1705 337 1820 378 pro-lu-

1084 390 1168 418 ctum
1194 391 1242 419 ter
1262 397 1360 429 super
1379 387 1465 418 illam
1484 399 1501 419 a
1519 387 1613 419 Maria
1636 387 1820 427 Magdalmia

1085 438 1214 480 signum
1239 438 1559 482 crucis.'Eademque
1581 439 1764 471 Cherubina
1791 452 1821 472 a-

1085 491 1128 523 lio
1154 492 1262 524 ulcere
1288 496 1319 523 et
1337 492 1448 524 lethali
1467 491 1546 524 febri
1565 493 1724 531 confecta,
1744 492 1821 524 iam-

1085 554 1145 587 que
1169 555 1262 577 sacro
1288 544 1412 576 munita
1437 545 1509 577 oleo
1537 546 1602 577 fere
1627 555 1698 577 cum
1719 550 1820 576 moite

1085 597 1273 635 luctabatur,
1300 607 1370 629 enm
1396 597 1556 639 attingens
1588 602 1820 636 stramentum,

1085 649 1116 680 in
1134 660 1198 691 quo
1217 650 1405 692 Magdalena
1430 650 1654 690 decumlwbat,
1673 651 1766 683 saluti
1789 662 1821 683 se

1085 702 1263 735 restitutam
1290 705 1452 747 extemplo
1478 705 1592 736 sensit.

1129 754 1205 787 Post
1230 761 1366 788 mortem
1391 766 1466 789 vero
1492 757 1638 799 (praeter
1663 756 1823 788 diutinum

1085 806 1247 849 liquorem
1278 808 1359 841 mire
1399 810 1618 851 fragrantem,
1643 809 1696 851 qui
1726 809 1822 841 variis

1085 860 1296 901 languoribus
1330 861 1558 894 saluberrinnis
1591 861 1712 894 alnum
1737 872 1753 893 e
1779 861 1821 893 ti-

1086 912 1145 944 biis
1170 914 1314 956 eorporis
1339 915 1560 947 sanctissimae
1580 914 1674 946 huius
1692 915 1824 957 virginis

1085 964 1203 1007 integri
1230 971 1261 998 et
1281 966 1474 1009 incorrupti)
1493 967 1590 1000 Maria
1615 967 1654 999 de
1676 967 1824 1006 llovanis,

1085 1018 1248 1050 sexdecim
1273 1018 1335 1051 iam
1360 1029 1489 1052 menses
1514 1020 1627 1052 lethali
1654 1020 1735 1052 febri
1755 1030 1825 1052 ‹sor-

1085 1075 1184 1112 repta,
1211 1075 1243 1103 et
1267 1071 1355 1104 omni
1380 1071 1494 1104 salutis
1510 1082 1567 1115 spe
1589 1072 1752 1111 destituta,
1769 1073 1825 1105 ad-

1086 1123 1186 1156 movit
1210 1123 1271 1156 sibi
1297 1124 1335 1157 ad
1360 1129 1472 1167 pectus
1499 1124 1688 1157 fasciculum
1708 1126 1825 1158 florum

1086 1176 1126 1208 ob
1156 1182 1339 1209 contactum
1357 1177 1439 1209 sacri
1461 1177 1609 1220 corporis
1627 1178 1824 1217 salutarium,

1087 1234 1118 1262 et
1133 1229 1240 1262 statim
1265 1229 1297 1262 in
1322 1240 1476 1273 soporem
1497 1230 1578 1263 faeta
1596 1237 1651 1271 est,
1679 1236 1711 1263 et
1735 1231 1825 1264 brevi

1087 1283 1310 1325 expergefacta
1345 1282 1486 1325 prosiliit
1509 1294 1526 1316 e
1555 1288 1663 1316 strator
1691 1294 1826 1327 prorsus

1087 1334 1268 1368 incolumis.
1303 1335 1423 1368 Eadem
1456 1336 1572 1376 Maria,
1607 1337 1824 1379 quadriennio

1088 1393 1172 1431 post,
1198 1388 1278 1421 febri
1296 1388 1526 1421 molestissima
1551 1395 1583 1422 et
1606 1389 1702 1421 variis
1719 1390 1825 1422 morbi

1088 1441 1353 1484 symptomatibus
1375 1441 1408 1473 in
1426 1441 1509 1474 vitae
1535 1442 1723 1475 discrimine
1749 1454 1825 1476 con-

1087 1494 1218 1534 stituta,
1253 1494 1292 1526 ad
1329 1499 1447 1527 tactum
1483 1494 1629 1537 pulvilli,
1665 1506 1729 1538 quo
1767 1507 1825 1528 usa

1088 1547 1191 1580 fuerat
1226 1547 1436 1590 MagdaIena,
1469 1549 1644 1582 convaluit.
1679 1549 1823 1582 Subinde

1087 1601 1168 1633 febri
1193 1606 1225 1634 et
1240 1601 1456 1634 acerbissimis
1475 1602 1635 1634 stomachi
1655 1602 1822 1635 doloribus

1087 1654 1257 1693 laborans,
1283 1660 1313 1687 et
1338 1655 1419 1687 ‹luos
1444 1665 1571 1687 menses
1601 1656 1687 1688 lecto
1713 1655 1823 1694 affixa,

1086 1707 1192 1739 statim
1217 1712 1311 1750 atque
1333 1707 1539 1749 Magdalenae
1566 1707 1704 1740 tunicam
1729 1719 1823 1751 snpe-

1087 1759 1219 1799 rinduit,
1240 1761 1278 1792 ad
1297 1760 1466 1792 sanitatem
1481 1766 1630 1793 revocata
1644 1766 1702 1793 est.
1722 1762 1822 1798 Quam

1087 1813 1183 1846 etiam
1204 1818 1277 1856 post
1292 1824 1412 1845 anmnn
1430 1813 1564 1856 recepit,
1583 1824 1655 1846 eum
1674 1814 1753 1846 duos
1778 1813 1823 1846 iti-

1088 1866 1161 1899 dem
1184 1876 1312 1899 menses
1338 1865 1418 1898 febri
1444 1871 1637 1905 aestuasset,
1665 1867 1823 1909 producto

1087 1929 1187 1961 super
1211 1919 1300 1951 illam
1326 1919 1419 1960 signo
1442 1918 1546 1951 crucis
1573 1929 1644 1951 cum
1671 1921 1740 1952 velo
1768 1919 1823 1952 Ma<

1086 1972 1153 2004 riae
1175 1972 1394 2014 Magdalenae.

1130 2025 1358 2058 Crinlelissimo
1384 2026 1544 2060 stomachi
1578 2026 1692 2058 dolore
1718 2031 1750 2057 et
1773 2037 1824 2057 ca-

1087 2078 1160 2121 pitis
1180 2078 1338 2111 cruciatu¹
1361 2089 1433 2110 cnm
1452 2078 1610 2121 vertigine
1627 2083 1659 2110 et
1675 2078 1755 2110 febri
1773 2078 1823 2110 Ca-

1089 2131 1215 2164 tharina
1241 2131 1280 2163 de
1304 2130 1411 2163 'fassis
1437 2131 1519 2163 ritae
1545 2130 1724 2173 marginem
1750 2131 1823 2163 atti-

1064 2216 1065 2221 ,
1087 2189 1189 2226 gerat,
1216 2185 1287 2223 sed,
1319 2184 1447 2215 admota
1471 2184 1640 2216 stomacho
1667 2183 1823 2226 particula

1088 2238 1183 2271 vestis
1197 2237 1414 2279 Magdalenae,
1432 2237 1603 2280 repentino
1624 2247 1740 2269 somno
1757 2247 1824 2269 cor-

1087 2296 1195 2334 repta,
1223 2295 1317 2333 atque
1342 2290 1513 2332 evigilans,
1538 2290 1625 2323 omni
1651 2300 1684 2322 se
1710 2290 1822 2327 dolore

350 2343 510 2376 sensuum
534 2349 656 2376 motuni
674 2348 704 2376 et
721 2344 880 2386 integram
905 2345 1043 2378 salutem
1064 2379 1066 2392 Ι
1088 2350 1120 2376 et
1144 2343 1348 2386 aegritudine
1374 2347 1556 2385 exemptam
1580 2343 1714 2392 reperit.

307 2396 450 2429 restituit
480 2396 584 2429 sorori
617 2397 689 2430 Paci
715 2397 754 2430 de
779 2397 980 2431 Columbinis
1004 2396 1067 2440 si-l

308 2449 401 2482 nisti-i
427 2449 534 2483 lateris
559 2449 730 2493 apoplexia
754 2457 936 2494 correptae.

1131 2397 1319 2439 Magdalena
1344 2396 1382 2429 de
1409 2395 1585 2435 Roudonis,
1608 2395 1742 2428 sexenni
1767 2395 1823 2428 do-

1064 2445 1067 2497 l
1088 2451 1193 2483 lorum
1218 2454 1378 2482 tormento
1404 2449 1641 2492 propemodum
1671 2449 1820 2487 «athleta,

351 2501 508 2535 Destitnta
538 2502 600 2535 iam
630 2508 700 2536 erat
725 2514 741 2536 a
765 2503 898 2537 medicis
924 2505 1046 2538 Cheru·
1064 2501 1068 2540 Ι
1089 2504 1176 2537 omni
1201 2509 1288 2537 certe
1322 2502 1454 2535 humani
1484 2502 1617 2535 remedii
1643 2512 1698 2545 spe
1724 2502 1823 2535 desti·

307 2555 383 2588 hina
409 2555 542 2588 Rabatta
567 2556 707 2598 pessimo
736 2558 846 2590 ulcere
877 2557 909 2590 in
942 2559 1046 2602 capite

308 2608 436 2650 infecta,
460 2614 489 2641 et
511 2609 589 2641 febri
608 2615 778 2652 praeterea
799 2616 895 2654 atque
916 2612 1047 2645 atrocis-

415 2673 492 2701 lsi-n.
511 2673 589 2701 [tom.
609 2688 641 2692 --
661 2673 717 2700 Vol.
737 2674 842 2702 XVIII.
867 2689 872 2697 v
987 2676 1002 2703 3

1124 2622 1136 2647 1
1157 2619 1272 2646 Videtur
1286 2619 1429 2654 legendnm
1445 2620 1574 2647 cruciata
1592 2623 1628 2654 tn.
1645 2619 1695 2654 aa).

1831 236 1870 260 λιι
1899 236 1925 260 (3.
1949 236 2003 261 1⁶52«
