2279 3260
260 272 311 298 An.
328 272 355 296 κ.
382 272 445 309 11671
491 262 555 295 464
1032 267 1209 291 111’1.1,.11111“11

452 319 600 352 ecclesiis
626 319 729 351 dictae
755 317 932 355 Sodotatis,
956 317 1064 353 missa,
1090 314 1185 346 ctiam

452 383 469 404 a
493 372 717 405 sacerdotibus
742 382 781 403 eo
807 371 857 403 dic
883 370 921 402 ad
948 368 1103 400 ecclesias
1128 367 1186 397 1111-

452 424 586 459 iusmodi
624 423 861 455 confluentibus
898 427 929 452 et
966 432 983 452 a
1023 417 1186 460 religiosis

450 478 595 510 eiusdem
621 476 789 509 Societatis
814 475 1008 515 ubicumque
1028 477 1185 503 terrarum

450 530 669 567 existentibus,
696 527 866 565 celebrari,
885 531 915 557 ct
934 524 1075 557 ellit-ium
1107 523 1187 554 reci-

451 582 510 614 tari
537 583 574 615 de
601 580 764 614 communi
780 579 1005 611 Conffifssortun
1025 587 1089 608 non
1108 576 1188 608 Pon-

454 634 582 673 tificum,
600 635 685 666 iuxta
711 632 852 664 rubricas
878 629 1029 663 breviarii
1056 634 1085 661 ct
1114 628 1210 660 mis-¹

454 687 529 719 salis
555 686 686 724 romani,
704 685 807 717 libere
833 688 863 715 ct
890 683 976 715 licite
1007 686 1134 725 possi-nt
1158 685 1189 713 ct

454 741 607 777 valerent,
635 737 823 769 auctoritate
857 735 1033 778 apostolica
1057 743 1190 766 eonces-

452 793 549 824 simus
574 796 604 823 et
630 789 833 825 indulsimus
868 794 898 820 et
924 787 1001 820 aliits
1038 791 1132 829 prout
1156 785 1187 817 in

453 843 572 876 nostris
598 843 739 884 desuper
764 841 796 872 in
822 840 920 872 simili
956 840 1057 872 Forma
1083 838 1188 870 Brevis

453 897 502 929 die
526 906 575 928 xvi
601 894 725 936 augusti
751 903 876 926 ›meiixx
911 892 1042 924 uberius
1079 890 1185 923 conti-

454 953 559 981 netur.

498 1002 512 1043 ,ξ
537 1000 566 1032 2.
594 999 671 1031 Cum
697 1004 802 1030 autem
830 998 968 1030 subinde
1006 997 1118 1029 enixae
1159 1002 1191 1028 et

455 1050 679 1094 reintegratae⁴
696 1062 809 1094 preces
825 1051 954 1083 nomine
966 1050 1039 1083 dicti
1055 1050 1190 1082 Michae-

455 1107 493 1138 lis
518 1105 603 1147 regis
639 1116 672 1136 ac
700 1103 935 1136 venerabilium
969 1103 1103 1135 fratrum
1141 1113 1190 1134 ar-

455 1158 739 1200 chiepiscoporum
761 1162 793 1188 et
813 1156 1039 1199 episcoporum
1063 1166 1188 1187 necnon

456 1211 645 1243 dilectorum
678 1209 818 1242 filiorum
854 1209 1012 1241 nobilium
1050 1208 1189 1241 virorum

455 1269 584 1297 senatus
609 1262 700 1305 regni
733 1267 762 1294 et
787 1261 895 1304 magni
929 1262 1064 1294 ducatus
1099 1271 1191 1304 prae-

456 1315 616 1349 dictorum
642 1314 735 1347 nobis
764 1313 833 1357 pari
860 1314 1042 1346 humilitate
1078 1324 1191 1356 porre-

456 1375 525 1403 ctae
550 1369 678 1408 suerint,
704 1372 739 1399 ut
763 1367 914 1402 eumdem
939 1367 1068 1399 beatum
1092 1366 1190 1399 5111111-

455 1424 555 1455 §laum
579 1422 740 1454 dictorum
767 1421 859 1463 regni
877 1425 908 1453 et
926 1420 1033 1462 magni
1059 1421 1190 1453 ducatus

454 1480 628 1518 patronum
652 1473 920 1517 principaliorem
941 1473 1027 1505 inter
1044 1473 1123 1506 alios
1141 1484 1191 1515 pa-

456 1534 567 1560 tronos
593 1526 856 1569 principaliores,
882 1530 917 1557 ut
936 1525 1074 1568 exempli
1092 1525 1192 1567 gratia

456 1585 528 1612 sunt
541 1580 641 1612 sancti
659 1579 851 1612 Adalbertus
867 1583 899 1611 et
912 1579 993 1610 alter
1006 1578 1190 1617 Stanislans‚

457 1634 497 1665 ob
523 1633 692 1664 innumera
716 1631 874 1664 beneficia
907 1636 939 1663 et
968 1631 1085 1673 gratias
1111 1641 1192 1673 quae

457 1684 687 1717 intercessione
707 1684 783 1716 dicti
799 1684 885 1716 beati
903 1683 1053 1716 Stanislai
1072 1683 1110 1715 ab
1128 1694 1194 1716 om-

457 1737 616 1780 nipotenti
641 1736 706 1768 Deo
734 1736 794 1768 sibi
820 1737 937 1768 collata
962 1735 1060 1767 fuisse
1078 1735 1131 1778 pio
1151 1736 1194 1767 as-

459 1790 542 1822 sectu
567 1789 800 1827 memorabant,
835 1790 1001 1821 declarare
1032 1789 1070 1822 de
1103 1788 1194 1820 beni-

459 1843 579 1884 gnitate
602 1842 780 1885 apostolica
798 1842 1025 1884 dignaremur:
1053 1841 1128 1874 hine
1146 1847 1195 1874 est

460 1895 544 1937 quod
570 1905 639 1933 nos,
655 1895 750 1927 etiam
776 1894 1067 1937 supplicationibus
1085 1894 1193 1926 dilecti

460 1947 516 1979 filii
543 1947 760 1989 procumbatis
785 1947 817 1979 in
844 1948 903 1979 hac
928 1949 1023 1979 eausa
1047 1946 1194 1990 speciali-

461 2006 509 2032 ter
533 2001 677 2043 deputati
715 2000 844 2033 nomine
880 2000 973 2033 nobis
1004 2011 1102 2043 super
1131 2001 1194 2034 hoe

460 2053 626 2085 humiliter
665 2054 823 2096 porrectis
858 2053 999 2095 benigne
1036 2053 1192 2094 inclinati,

461 2116 598 2147 eumque
622 2116 638 2137 a
656 2106 819 2147 quibusvis
838 2107 1194 2145 excommunicationis,

461 2158 681 2201 suspensionis
715 2164 746 2190 et
775 2158 947 2198 interdicti,
977 2160 1113 2202 aliisque
1145 2170 1196 2192 ec-

461 2210 649 2243 clesiasticis
680 2211 860 2251 sententiis,
895 2213 1040 2244 censuris
1066 2218 1097 2245 et
1120 2223 1196 2256 poe-

461 2263 518 2301 nis,
545 2274 561 2294 a
586 2263 654 2295 iure
686 2264 735 2295 vel
769 2263 807 2294 ab
840 2264 983 2303 homine,
1011 2265 1120 2308 quavis
1146 2275 1197 2298 oc-

461 2316 589 2348 casione
613 2317 663 2348 vel
687 2318 783 2348 causa
815 2316 904 2355 latis,
927 2317 952 2348 si
978 2317 1092 2359 quibus
1117 2329 1196 2360 quo-

462 2369 642 2401 domolibet
662 2368 835 2400 innodatus
854 2369 969 2409 existit,
991 2371 1029 2402 ad
1048 2369 1195 2403 effectum

463 2422 710 2464 pi'ae‘sssissot'tltn
733 2422 893 2453 dumtaxat
913 2423 1195 2465 consequendum,

463 2476 575 2506 barum
607 2473 690 2506 serie
722 2473 927 2506 absolventes
953 2480 984 2506 et
1012 2476 1196 2508 absolutum

463 2527 528 2559 sore
561 2531 740 2564 censentes,
778 2526 922 2567 quamvis
950 2527 1197 2561 constitutiones

262 1012 353 1032 ronuta«
367 1010 443 1029 ili-*tum

261 1039 344 1058 boatum
364 1038 442 1057 Stante

261 1065 315 1083 lautu
339 1069 389 1089 prin*
399 1063 418 1087 ip
427 1070 442 1081 1-

261 1090 334 1109 lmrem
386 1095 442 1113 regin

263 1117 361 1135 poloniae
373 1118 391 1133 1-1
403 1120 433 1133 nia

262 1148 293 1165 [1111
309 1142 396 1161 duratus
412 1140 444 1160 Li-

261 1169 361 1188 thuanae
375 1170 442 1191 {utm-

260 1200 307 1214 =iu¹n
332 1194 426 1213 deviarat
439 1208 444 1215 .

262 1222 323 1244 (tout
342 1219 362 1239 in
378 1219 443 1240 ‹cbri-

267 1252 284 1261 w·

500 2641 510 2670 1
529 2640 628 2666 Forsan
646 2639 786 2674 legentum
804 2639 958 2665 renovatae
978 2640 1017 2673 (n.
1035 2641 1083 2673 1.).

977 2734 996 2742 '-

983 2742 1001 2759 ἱ,

1235 265 1385 291 nontxtvtm
1971 269 2020 295 Αη.
2043 271 2072 297 Γ..
2094 272 2157 297 11ιῗ4

1227 315 1422 356 apostolicae
1462 322 1493 348 et
1528 317 1654 350 decreta
1691 317 1959 360 Congregationis

1227 367 1467 409 praedictorum
1482 369 1704 409 cardinalium,
1722 371 1772 403 die
1791 381 1864 403 xxiii
1883 381 1960 402 mar-

1229 419 1261 451 tii
1286 429 1410 452 ›incxxx
1434 431 1533 464 super
1564 423 1767 457 ordinatione
1804 423 1961 455 servanda

1227 482 1286 514 pro
1312 473 1455 514 patronis
1477 474 1634 516 eligendis
1652 480 1807 514 emanata,
1828 474 1961 508 electio-

1228 534 1302 556 nem
1329 524 1500 557 Beatorui‘n
1525 525 1556 557 in
1568 532 1737 570 patronos
1755 526 1823 559 sieri
1841 532 1960 565 vetent,

1230 586 1349 618 eosque
1375 577 1481 609 solum
1514 578 1567 619 qui
1601 579 1639 610 ab
1663 578 1808 612 Ecclesia
1833 578 1962 610 univer-

1230 629 1288 660 sali
1316 628 1407 661 titulo
1425 629 1614 662 Sanctorum
1639 631 1802 671 coluntur,
1830 641 1892 663 non
1911 642 1963 662 au-

1232 685 1293 712 tem
1319 680 1518 714 beatificatos
1550 682 1724 722 dumtaxat,
1751 683 1783 714 in
1808 688 1962 725 patronos

1231 733 1306 775 eligi
1342 744 1435 776 posse
1462 734 1653 774 declarant¹,
1678 735 1898 774 nibilominus,
1924 735 1963 767 ad

1231 786 1387 818 maiorem
1418 786 1474 818 Dei
1497 787 1626 819 laudem
1658 787 1820 830 divinique
1858 788 1962 819 cultus

1231 844 1438 879 augmentum
1463 839 1495 871 id
1522 839 1656 872 tendere
1681 845 1902 881 agnoscentes²
1925 840 1965 872 de

1231 896 1480 924 memoratorum
1491 891 1704 924 cardinalium
1721 892 1866 933 consilio,
1876 903 1966 935 prae-

1232 943 1352 976 dictum
1377 944 1507 977 beatum
1542 943 1736 977 Stanislaum
1761 945 1879 977 Kostka
1909 956 1966 988 pa-

1235 1001 1359 1028 tronum
1385 997 1654 1040 principaliorem
1686 997 1776 1039 regni
1813 997 1966 1030 Poloniae

1233 1054 1264 1081 et
1289 1050 1395 1092 magni
1422 1050 1552 1082 ducatus
1578 1050 1768 1083 Lithuaniae
1792 1050 1969 1093 praedicto-

1233 1114 1302 1135 rum
1327 1103 1438 1146 eisque
1465 1103 1689 1136 adiunctarum
1720 1103 1966 1146 provinciarum,

1233 1167 1305 1188 cuni
1330 1156 1479 1188 omnibus
1513 1161 1545 1188 et
1569 1156 1703 1198 singulis
1736 1156 1968 1199 praerogativis

1233 1219 1313 1251 quae
1340 1208 1572 1251 principalibus
1598 1209 1744 1252 patronis
1777 1210 1969 1242 eorumdem

1233 1261 1324 1304 regni
1350 1267 1379 1294 et
1405 1262 1512 1304 magni
1551 1262 1681 1294 ducatus
1713 1266 1915 1304 competunt,
1940 1267 1971 1294 et

1234 1315 1349 1357 quibus
1380 1315 1618 1358 praenominati
1654 1315 1754 1347 sancti
1780 1315 1971 1348 Adalbertus

1234 1373 1265 1400 et
1288 1368 1465 1400 Stanislaus
1491 1368 1611 1409 aliique
1646 1367 1894 1409 principaliores
1916 1378 1970 1410 pa-

1235 1420 1318 1452 troni
1344 1420 1436 1461 regni
1458 1425 1487 1451 et
1509 1419 1616 1461 magni
1635 1419 1765 1451 ducatus
1784 1419 1971 1452 huiusmodi

1234 1472 1354 1504 ibidem
1382 1473 1420 1505 de
1438 1471 1602 1515 praesenti
1621 1471 1763 1513 gaudent
1790 1482 1846 1504 seu
1866 1473 1971 1505 colun-

1236 1530 1295 1565 tur,
1322 1524 1409 1557 iuxta
1433 1529 1540 1556 tamen
1565 1524 1662 1556 ritum
1683 1524 1886 1556 rubricarum
1903 1525 1971 1557 bre—

1235 1577 1323 1610 viarii
1360 1583 1392 1609 et
1430 1577 1568 1609 missalis
1608 1576 1861 1619 praedictorum,
1888 1577 1973 1610 dicta

1235 1631 1436 1670 auctoritate,
1464 1635 1574 1662 tenore
1599 1631 1833 1673 praesentium,
1860 1631 1970 1663 decla-

1235 1694 1353 1715 ramus.

1280 1737 1294 1779 §
1318 1736 1350 1769 3.
1378 1736 1428 1774 Ac,
1455 1741 1490 1768 ut
1514 1736 1660 1768 omnium
1696 1735 1860 1768 devotioni
1898 1747 1973 1779 erga
2059 1753 2168 1773 Tmmsffl

1236 1789 1357 1821 dictum
1388 1790 1520 1821 beatum
1549 1789 1743 1822 Stanislaum
1768 1789 1894 1821 consuli
1921 1779 2168 1835 x⁷;1-g}'{1¹1¹ini{⁵{'1lss'¹1¹„?0‘¹.

1236 1844 1307 1883 leat,
1335 1854 1473 1876 annuam
1501 1844 1648 1876 eiusdem
1668 1842 1757 1876 Beati
1783 1843 1972 1875 memoriam
1983 1838 2097 1852 ¹¹¹⁰¹⁰¹²¹¹¹⁴

1236 1896 1450 1939 imposterum
1475 1897 1512 1928 ad
1540 1896 1626 1928 diem
1652 1895 1848 1928 dominicam
1869 1895 1974 1938 proxi-

1237 1959 1321 1981 mam
1345 1954 1419 1991 post
1444 1948 1527 1981 diem
1551 1959 1609 1981 x111
1634 1947 1830 1987 novembris,
1855 1947 1889 1979 in
1923 1957 1974 1979 re-

1237 2012 1300 2043 gno
1325 2007 1433 2033 tamen
1466 2001 1619 2033 Poloniae
1652 2005 1682 2032 ct
1708 2010 1825 2041 magno
1859 2000 1975 2032 ducatu

1237 2054 1426 2086 Litliuaniae
1444 2053 1670 2096 adiunctisque
1688 2053 1862 2096 provinciis
1886 2064 1976 2096 prae-

1238 2107 1330 2141 dictis
1356 2108 1530 2146 dumtaxat,
1551 2106 1716 2139 transferri
1733 2116 1842 2149 posse,
1863 2111 1975 2138 aucto-

1238 2161 1331 2193 ritate
1353 2165 1384 2193 et
1410 2165 1521 2192 tenore
1547 2158 1735 2202 praedictis,
1762 2158 1972 2191 concedimus

1238 2213 1357 2256 pariter
1383 2218 1414 2245 et
1437 2213 1655 2253 indulgemus.

1282 2266 1296 2308 g
1320 2265 1350 2297 4.
1378 2264 1446 2297 Non
1471 2263 1674 2296 obstantibus
1693 2264 1844 2307 praefatis
1866 2264 2168 2298 decre-Obstamiatonit.

1241 2318 1278 2350 tis
1303 2328 1338 2350 ac
1362 2315 1645 2349 constitutionibus
1666 2321 1697 2348 et
1715 2316 1974 2349 ordinationibus

1239 2369 1433 2413 apostolicis,
1464 2369 1647 2411 ceterisque
1681 2370 1880 2402 contrarium
1913 2375 1975 2402 sta-

1240 2422 1402 2455 tuentibus
1427 2421 1694 2464 quibuscumque.

1323 2475 1339 2491 ¹⁷
1392 2475 1544 2507 Volumus
1571 2479 1684 2513 autem,
1711 2485 1746 2506 ac
1769 2475 1972 2516 mandamus,
2020 2483 2170 2509 'transumpto-

1281 2479 1298 2544 ἒ
1323 2486 1354 2507 O'
1472 2527 1476 2532 .
1572 2527 1577 2532 .
1939 2529 1943 2533 ,
1986 2515 2030 2530 rum
2045 2509 2105 2530 sides.

1240 2533 1274 2560 ut
1317 2532 1536 2570 praesentium
1558 2528 1736 2559 litterarum
1755 2533 1973 2571 transumptis,

1279 2599 1286 2623 1
1306 2598 1398 2632 Aptius
1418 2598 1476 2632 lege
1492 2597 1638 2625 declarent
1652 2598 1692 2632 (R.
1714 2597 1764 2632 1.).

1275 2641 1291 2667 2
1312 2642 1412 2668 Partie.
1434 2645 1463 2669 ul
1484 2650 1531 2669 nos
1551 2641 1674 2668 addimus
1693 2642 1784 2676 tum).
