2279 3260
160 235 209 260 An.
231 233 260 260 C.
279 234 346 260 1672

184 714 252 733 ΤυιιοιΔ
274 713 339 733 dicta.

157 746 200 759 ruvn
225 741 339 760 lubi-urum

158 766 235 786 [riu-ini
253 767 304 787 titt.

989 232 1130 256 CLEMENS
1154 234 1168 255 Χ
1195 234 1241 255 ΡΡ.

353 282 430 315 libet
456 288 530 314 tunic
564 292 622 324 pro
654 287 799 323 tempore
836 281 1109 346 competentiumy

353 340 384 367 ct
402 335 684 377 acquirendorum,
704 333 817 376 poenis
837 334 904 376 ipso
920 335 1000 365 facto
1018 333 1087 364 abs-

351 399 413 430 que
440 389 504 420 ulla
534 386 753 419 declaratione
789 387 1012 427 incurrendis,
1038 386 1086 418 111-

351 440 481 472 terdixit
513 444 545 472 et
577 439 760 482 prohibuit,
777 444 809 471 ct
832 440 921 479 alias,
937 444 1030 482 prout
1054 439 1084 471 111

349 492 448 535 ipsius
467 492 587 524 Urbani
606 492 869 534 praedecessoris
896 492 1012 525 litteris
1032 492 1087 524 de-

349 556 448 588 super
481 545 511 578 in
545 545 642 578 simili
669 545 771 578 forma
796 545 904 577 Brevis
929 545 1087 588 expeditis

349 598 480 631 uberius
506 598 700 638 continetur,
721 598 841 631 tenoris
857 598 910 641 qui
932 598 1085 641 sequitur,

351 651 516 684 videlicet:

393 704 407 746 ἓ
431 703 463 737 3.
493 703 640 736 Urbanus
663 703 757 746 Papa
786 702 878 743 VIII,
905 703 947 735 ad
968 713 1083 746 perpe-

352 761 442 789 tuam
465 757 513 789 rei
537 757 739 789 memoriam.
764 757 810 789 Ad
835 757 1031 789 audientiam
1056 768 1087 789 a-

350 811 530 852 postolatus
549 811 652 843 nostri
670 821 736 843 non
754 810 822 843 sine
840 810 923 842 iusto
943 816 974 842 et
999 810 1086 852 gravi
1106 833 1107 842 1

349 863 453 895 cordis
471 864 582 896 dolore
599 863 758 906 pervenit,
779 863 1085 906 quod,procedente

348 926 453 958 nuper
476 916 509 948 in
535 915 672 948 diversis
692 916 793 948 causis
812 915 1040 948 ecclesiasticis
1054 915 1085 947 in

348 967 473 1001 civitate
507 968 764 1012 Ulyssiponensi,
792 969 837 1000 sui
863 968 1003 1000 muneris
1033 979 1086 1000 au-

348 1023 509 1062 ctoritate,
537 1022 655 1054 dilecto
680 1021 747 1054 filio
784 1022 936 1064 magistro
966 1022 1084 1054 Ioanne

347 1076 489 1118 Baptista
521 1075 660 1108 Pallotto
693 1075 726 1106 in
750 1076 885 1117 utraque
918 1075 1085 1117 signatura

346 1127 582 1167 referendario,
599 1127 719 1159 iurium
737 1132 768 1159 et
782 1127 959 1170 spoliorum
974 1127 1084 1160 Came-

346 1190 398 1211 rae
425 1179 630 1221 Apostolicae
650 1179 834 1212 debitorum
854 1179 887 1211 in
913 1179 1082 1222 portugal-

346 1232 407 1264 liae
440 1236 471 1264 et
506 1232 733 1274 Algarbiorum
762 1232 871 1275 regnis
905 1233 1082 1266 collectore

345 1285 510 1326 generali,
537 1295 594 1317 seu
625 1285 694 1318 eius
712 1285 860 1318 auditore
886 1285 948 1318 uti¹
974 1286 1081 1319 iudice
1102 1298 1104 1303 ’

345 1338 518 1380 delegato,
545 1349 615 1370 cum
648 1349 722 1381 pars
755 1339 856 1371 altera
888 1339 926 1371 ad
959 1339 1080 1371 iudices

344 1392 530 1423 saeculares
552 1395 674 1424 temere
700 1402 868 1424 recursum
901 1392 1079 1432 imbuisset,

344 1443 468 1476 iudices
499 1443 701 1483 huiusmodi,
737 1448 768 1475 et
792 1444 1000 1486 postmodum
1027 1445 1079 1477 alii

343 1495 465 1538 pariter
488 1497 681 1535 saeculares,
696 1507 761 1528 non
778 1498 880 1529 solum
897 1502 1008 1529 contra
1028 1508 1080 1529 au-

344 1548 483 1581 ditorem
506 1548 707 1592 praedictum
723 1576 730 1589 ,
758 1550 813 1582 sed
844 1549 940 1582 etiam
966 1555 1079 1583 contra

343 1602 491 1634 cumdem
509 1602 661 1635 loannem
673 1602 849 1645 Baptistam
860 1604 1077 1645 collectorem,

343 1655 515 1688 occasione
541 1655 696 1687 dictarum
721 1666 887 1689 causarum
906 1657 984 1699 (suis
1002 1656 1078 1689 iniu-

343 1709 402 1741 stis
415 1714 446 1741 et
458 1709 607 1742 invalidis
633 1710 771 1742 decretis
786 1721 821 1742 ac
835 1711 995 1743 mandatis
1008 1722 1079 1744 con·

343 1767 391 1794 tra
415 1762 650 1794 immunitatem
666 1767 697 1794 et
711 1762 898 1795 libertatem
911 1764 1079 1797 ecclesias-

343 1814 437 1848 ticam
469 1816 651 1855 attentatis,
676 1816 933 1849 iurisdicti0ne1‘n
960 1817 1079 1859 pariter

343 1868 593 1901 ecclesiasticam
619 1874 650 1901 et
673 1874 803 1901 sanctae
828 1868 919 1902 Sedis
944 1870 1080 1912 Aposto-

341 1921 422 1954 licae
455 1921 641 1954 officialium
675 1921 842 1961 violando,
870 1922 1076 1965 impediendo

342 1979 373 2006 et
397 1974 639 2017 perturbando),
656 1974 836 2016 procedere
852 1985 1078 2019 praesumpse-

343 2032 425 2067 runt,
453 2033 484 2059 et
509 2027 547 2059 ad
573 2027 732 2069 quaedam
756 2027 863 2060 eidem
887 2017 1078 2062 ecclesiasti-

342 2090 397 2112 cae
429 2079 573 2112 libertati
607 2084 639 2111 et
669 2079 863 2123 immunitati
908 2091 944 2113 ac
977 2081 1076 2123 ipsius

342 2132 470 2165 Ioannis
495 2133 654 2176 Baptistae
682 2133 869 2165 collectoris
895 2134 1077 2167 auctoritati

343 2186 479 2219 maxime
517 2186 718 2218 adversantia
755 2186 984 2229 devenerunt,
1019 2199 1078 2231 per

342 2250 435 2281 quae,
456 2239 540 2271 inter
572 2239 642 2278 alia,
680 2240 892 2272 decreverunt
917 2246 951 2272 ut
975 2241 1076 2274 dictus

341 2292 469 2324 auditor
501 2297 689 2334 caperetur,
716 2303 732 2324 e
763 2292 872 2335 regnis
905 2292 1099 2335 praedictis}

342 2345 570 2388 expelleretur,
595 2344 763 2388 ipsiusque
789 2346 872 2378 bona
897 2351 929 2379 et
954 2352 1079 2390 tempo-

342 2398 486 2431 ralitates
512 2402 804 2441 sequestrarentur,
831 2401 929 2441 unde,
957 2400 990 2432 in
1023 2412 1077 2434 eo-

341 2451 488 2483 rumdem
506 2451 710 2483 decretorum
728 2462 783 2484 seu
808 2452 944 2485 alicuius
964 2464 1077 2486 eorum

341 2504 575 2544 executionem,
604 2504 758 2537 satellites
803 2506 932 2538 domum
974 2507 1075 2550 ipsius

378 2576 388 2600 1
411 2573 439 2600 ln
460 2574 511 2600 loc.
533 2574 662 2608 parallelo
684 2579 747 2601 tom.
769 2582 827 2608 xm,
849 2585 909 2612 pag.
929 2578 981 2603 334
1001 2586 1017 2604 α
1037 2577 1076 2604 le-

339 2619 411 2653 gitur
430 2621 456 2645 el
476 2626 525 2653 pro
546 2618 588 2644 uli
609 2620 645 2654 (a.
661 2620 709 2651 T.).

429 2671 506 2699 Ball.
529 2671 611 2698 Rom.
635 2686 666 2690 —
694 2672 749 2700 t'ol.
773 2673 879 2700 XVIII.

976 2674 1055 2701 ⁷47

1131 280 1257 313 loannis
1284 280 1445 323 Baptistae
1472 282 1657 314 collectoris
1677 283 1790 326 <ipsius
1814 294 1864 315 sa-

1128 333 1285 366 lutaribus
1321 334 1451 367 monitis
1492 340 1609 367 temere
1649 337 1862 379 contemptis)

1129 386 1265 428 ingressi
1289 392 1379 428 sunt,
1405 387 1583 420 sententias
1609 388 1865 420 excoi‘nnnmica-

1130 439 1225 472 tionis
1253 444 1284 472 et
1308 440 1384 472 alias
1406 440 1641 473 ecclesiasticas
1663 451 1812 473 censuras
1833 446 1864 472 vt

1127 502 1260 540 poenas,
1277 493 1363 535 gravi
1388 503 1460 526 cum
1486 493 1636 526 scandalo
1669 492 1764 525 totius
1789 493 1863 525 civi-

1130 545 1202 577 tatis
1231 556 1266 577 ac
1288 544 1415 578 divinae
1441 546 1617 578 maiestatis
1648 545 1768 578 otl'ensa
1794 556 1864 588 gra-

1130 597 1223 637 viori,
1251 598 1458 631 incurrendo.

1175 650 1389 689 Quamobrem
1416 663 1482 692 nos,
1510 652 1563 695 qui
1588 652 1620 684 in
1646 652 1728 684 Sede
1747 652 1781 684 B.
1810 652 1864 684 Pe-

1131 703 1180 743 tri,
1199 714 1393 747 quamquam
1423 704 1584 744 immerIti,
1609 715 1626 737 a
1644 704 1781 736 Domino
1808 714 1865 747 po-

1129 755 1180 788 siti
1207 767 1326 796 sumus,
1353 767 1392 789 ne
1427 767 1577 789 excessus
1605 756 1799 797 huiusmodi,
1829 767 1865 788 ae

1130 809 1368 842 ecclesiasticae
1400 809 1558 842 libertatis
1591 815 1622 842 et
1653 810 1864 842 immunitatis

1129 866 1193 893 tam
1225 862 1366 894 enormis
1399 862 1528 895 violatio
1560 862 1801 902 dissimuletur,
1828 873 1864 894 ac

1130 919 1270 946 transcat
1290 914 1321 945 in
1337 915 1534 958 exemplum,
1551 926 1610 958 pro
1626 920 1736 947 nostro
1761 920 1865 958 pasto-

1129 967 1204 999 ralis
1224 967 1318 999 officii
1338 967 1447 1000 debito
1459 968 1642 1010 providere,
1660 973 1691 1001 et
1707 970 1864 1001 malorum

1129 1019 1310 1061 gmviorum
1342 1025 1485 1062 segetem
1518 1026 1550 1052 et
1574 1021 1738 1061 radicem,
1765 1032 1865 1064 quan-

1105 1077 1106 1088 *
1129 1078 1194 1104 tum
1219 1083 1236 1104 a
1261 1073 1324 1105 Deo
1350 1073 1559 1116 permittitur,
1585 1076 1699 1106 nostra
1724 1074 1865 1107 auctori-

1128 1130 1190 1158 tate
1217 1126 1396 1168 apostolica
1422 1127 1561 1159 evellere
1586 1127 1749 1167 volentes,
1776 1133 1862 1160 motu

1127 1178 1271 1221 proprio,
1286 1189 1351 1211 non
1369 1179 1408 1211 ad
1423 1179 1560 1212 alicuius
1578 1190 1673 1223 super
1694 1180 1756 1213 hoc
1776 1181 1865 1213 obla-

1127 1236 1174 1264 tae
1200 1231 1365 1274 petitionis
1398 1232 1599 1272 instantiam,
1626 1232 1681 1265 sed
1715 1243 1752 1265 ex
1769 1235 1863 1266 rcerta

1125 1284 1256 1317 scientia
1282 1294 1316 1316 ac
1341 1286 1431 1317 mera
1457 1284 1693 1317 deliberatione
1727 1286 1861 1327 nostris,

1125 1337 1229 1380 deque
1247 1336 1445 1380 apostolicae
1464 1337 1631 1380 potestatis
1651 1338 1862 1380 plenitudine,

1124 1390 1231 1422 omnia
1252 1396 1284 1422 et
1301 1389 1429 1432 singula
1448 1390 1628 1433 praemissa
1653 1401 1669 1423 a
1687 1391 1864 1434 praedictis

1124 1443 1281 1475 dictorum
1305 1453 1478 1485 regnorum
1506 1442 1667 1475 iudicibus
1688 1445 1863 1477 saeculari—

1123 1497 1182 1529 bus
1200 1495 1295 1528 etiam
1310 1496 1481 1539 supremis,
1498 1506 1702 1539 quocumque
1721 1497 1861 1537 nomine,

1124 1549 1214 1582 titulo
1230 1554 1262 1581 et
1279 1549 1504 1592 praerogativa
1519 1559 1554 1581 ae
1572 1550 1670 1590 gradu
1688 1549 1862 1591 insignitis,

1122 1602 1154 1634 111
1179 1602 1283 1634 causis
1309 1599 1482 1644 praedictis
1501 1607 1533 1633 et
1557 1612 1665 1634 earum
1680 1603 1861 1644 occasione,

1122 1660 1234 1688 contra
1267 1655 1386 1687 (lictum
1417 1655 1570 1687 Ioannem
1595 1655 1771 1697 Baptistam
1797 1657 1863 1689 col-

1122 1709 1293 1747 lectorem,
1321 1707 1454 1750 eiusque
1488 1707 1668 1740 auditorem
1694 1719 1748 1741 seu
1775 1709 1862 1741 dele-

1122 1769 1241 1806 gatum,
1268 1762 1431 1802 officiales,
1458 1763 1645 1802 ministros,
1673 1763 1857 1804 familiares,

1122 1827 1180 1856 res,
1196 1817 1291 1856 bona,
1310 1827 1515 1859 quocumque
1530 1821 1696 1859 praetextu
1708 1818 1757 1850 vel
1769 1828 1861 1860 quae-

1121 1869 1181 1901 sito
1208 1870 1317 1902 colore
1344 1869 1591 1912 quomodolibet
1615 1870 1759 1911 decreta,
1780 1877 1859 1911 acta,

1122 1924 1212 1963 facta,
1238 1922 1394 1962 ordinata,
1417 1928 1449 1955 ct
1474 1923 1539 1955 sire
1558 1923 1684 1966 scriptis
1702 1923 1767 1956 sire
1792 1935 1862 1957 ver—

1121 1977 1169 2008 bis
1195 1976 1439 2019 quomodolibet
1465 1980 1631 2014 attentata,
1652 1987 1735 2019 quae
1753 1978 1860 2010 omnia

1122 2035 1153 2062 et
1175 2029 1301 2071 singula
1326 2029 1554 2072 praesentil‘ms
1573 2030 1687 2062 haberi
1712 2031 1859 2063 volumus

1121 2093 1178 2125 pro
1205 2082 1382 2125 expressis,
1410 2083 1509 2122 nulla,
1538 2082 1686 2122 invalida,
1713 2083 1805 2116 irrita
1829 2090 1860 2117 et

1120 2135 1240 2175 inania,
1267 2147 1302 2167 ac
1327 2135 1470 2176 nulliter,
1496 2135 1646 2175 invalide,
1671 2136 1811 2170 inaniter
1828 2144 1860 2170 et

1122 2189 1159 2220 de
1184 2188 1265 2220 facto
1292 2193 1404 2220 contra
1428 2198 1539 2220 sacros
1565 2199 1722 2229 canones,
1749 2191 1857 2222 conci-

1121 2241 1239 2273 liorum
1276 2241 1413 2281 decreta,
1446 2246 1478 2273 et
1507 2241 1757 2275 constitutiones
1782 2254 1859 2286 apo-

1120 2294 1248 2327 stolicas
1273 2298 1430 2326 attentata
1455 2299 1486 2327 et
1511 2301 1731 2338 praesumpta,
1766 2307 1859 2339 prae-

1120 2353 1293 2390 sentesque
1330 2347 1468 2388 litteras,
1497 2353 1529 2380 ct
1560 2347 1592 2379 in
1626 2348 1672 2381 eis
1707 2354 1858 2382 contenta

1121 2411 1350 2444 quaecumque,
1377 2401 1415 2433 de
1437 2401 1626 2434 intentionis
1652 2407 1782 2435 nostrae
1808 2404 1857 2435 vel

1120 2454 1182 2486 alio
1210 2453 1360 2497 quopiam
1383 2454 1511 2486 defectu
1531 2455 1643 2495 notari,
1664 2455 1855 2498 impugnari,

1121 2506 1298 2547 invalidari,
1324 2507 1500 2547 retractari,
1532 2507 1682 2547 rescindi,
1710 2507 1853 2550 infringi,

1121 2559 1152 2591 in
1178 2559 1226 2591 ius
1257 2560 1306 2592 vel
1340 2559 1594 2592 controversiam
1623 2560 1729 2592 vocari
1754 2562 1857 2593 nulla-

1122 2619 1213 2645 tenus
1238 2623 1346 2656 posse,
1367 2613 1423 2645 sed
1459 2623 1589 2656 semper
1614 2613 1716 2646 valida
1732 2640 1739 2654 ,
1766 2613 1856 2647 firma

1760 225 1823 258 369
1870 234 1918 260 An.
1942 233 1971 260 c.
1991 235 2057 260 ¹672
