<?xml version="1.0" encoding="UTF-8"?>
<!DOCTYPE html PUBLIC "-//W3C//DTD XHTML 1.0 Transitional//EN"
    "http://www.w3.org/TR/xhtml1/DTD/xhtml1-transitional.dtd">
<html xmlns="http://www.w3.org/1999/xhtml" xml:lang="en" lang="en">
 <head>
  <title>
</title>
<meta http-equiv="Content-Type" content="text/html;charset=utf-8" />
  <meta name='ocr-system' content='tesseract 3.04.00' />
  <meta name='ocr-capabilities' content='ocr_page ocr_carea ocr_par ocr_line ocrx_word'/>
</head>
<body>
  <div class='ocr_page' id='page_1' title='image "./bullarumdiplomat18cath_0267.png"; bbox 0 0 2279 3260; ppageno 0'>
   <div class='ocr_carea' id='block_1_1' title="bbox 197 233 378 262">
    <p class='ocr_par' dir='ltr' id='par_1_1' title="bbox 197 233 378 262">
     <span class='ocr_line' id='line_1_1' title="bbox 197 233 378 262; baseline 0.017 -3"><span class='ocrx_word' id='word_1_1' title='bbox 197 234 246 260; x_wconf 76' lang='lat' dir='ltr'><strong>An.</strong></span> <span class='ocrx_word' id='word_1_2' title='bbox 269 233 297 262; x_wconf 90' lang='lat' dir='ltr'>C.</span> <span class='ocrx_word' id='word_1_3' title='bbox 316 234 378 262; x_wconf 73' lang='lat'><strong>1671</strong></span> 
     </span>
    </p>
   </div>
   <div class='ocr_carea' id='block_1_2' title="bbox 1012 242 1266 267">
    <p class='ocr_par' dir='ltr' id='par_1_2' title="bbox 1012 242 1266 267">
     <span class='ocr_line' id='line_1_2' title="bbox 1012 242 1266 267; baseline 0.008 -2"><span class='ocrx_word' id='word_1_4' title='bbox 1012 242 1154 266; x_wconf 77' lang='lat' dir='ltr'>CLEMENS</span> <span class='ocrx_word' id='word_1_5' title='bbox 1175 244 1193 266; x_wconf 83' lang='grc' dir='ltr'>Χ</span> <span class='ocrx_word' id='word_1_6' title='bbox 1219 244 1266 267; x_wconf 80' lang='grc' dir='ltr'><strong>ΡΡ.</strong></span> 
     </span>
    </p>
   </div>
   <div class='ocr_carea' id='block_1_3' title="bbox 390 284 1125 489">
    <p class='ocr_par' dir='ltr' id='par_1_3' title="bbox 390 284 1124 382">
     <span class='ocr_line' id='line_1_3' title="bbox 390 284 1124 327; baseline 0.004 -9"><span class='ocrx_word' id='word_1_7' title='bbox 390 287 413 325; x_wconf 87' lang='lat'>†</span> <span class='ocrx_word' id='word_1_8' title='bbox 437 284 501 327; x_wconf 84' lang='lat' dir='ltr'><strong>Ego</strong></span> <span class='ocrx_word' id='word_1_9' title='bbox 530 286 663 319; x_wconf 79' lang='lat' dir='ltr'><strong>lacobus</strong></span> <span class='ocrx_word' id='word_1_10' title='bbox 682 287 763 320; x_wconf 89' lang='lat' dir='ltr'><strong>tituli</strong></span> <span class='ocrx_word' id='word_1_11' title='bbox 792 287 822 320; x_wconf 88' lang='lat' dir='ltr'><strong>S.</strong></span> <span class='ocrx_word' id='word_1_12' title='bbox 849 287 962 320; x_wconf 85' lang='lat' dir='ltr'><strong>Mariae</strong></span> <span class='ocrx_word' id='word_1_13' title='bbox 989 289 1027 321; x_wconf 86' lang='lat' dir='ltr'><strong>de</strong></span> <span class='ocrx_word' id='word_1_14' title='bbox 1045 289 1124 321; x_wconf 82' lang='lat' dir='ltr'><strong>Pace</strong></span> 
     </span>
     <span class='ocr_line' id='line_1_4' title="bbox 478 340 990 382; baseline 0.004 -11"><span class='ocrx_word' id='word_1_15' title='bbox 478 340 649 382; x_wconf 78' lang='lat' dir='ltr'><strong>presbyter</strong></span> <span class='ocrx_word' id='word_1_16' title='bbox 674 341 845 373; x_wconf 81' lang='lat' dir='ltr'><strong>cardinalis</strong></span> <span class='ocrx_word' id='word_1_17' title='bbox 870 341 990 374; x_wconf 88' lang='lat' dir='ltr'><strong>Ninius.</strong></span> 
     </span>
    </p>

    <p class='ocr_par' dir='ltr' id='par_1_4' title="bbox 390 391 1125 489">
     <span class='ocr_line' id='line_1_5' title="bbox 390 391 1125 433; baseline 0.004 -10"><span class='ocrx_word' id='word_1_18' title='bbox 390 392 415 433; x_wconf 71' lang='grc' dir='ltr'><strong>-Ι-</strong></span> <span class='ocrx_word' id='word_1_19' title='bbox 439 391 504 433; x_wconf 83' lang='lat' dir='ltr'><strong>Ego</strong></span> <span class='ocrx_word' id='word_1_20' title='bbox 529 392 625 424; x_wconf 88' lang='lat' dir='ltr'><strong>Iulius</strong></span> <span class='ocrx_word' id='word_1_21' title='bbox 649 392 732 425; x_wconf 91' lang='lat' dir='ltr'><strong>tituli</strong></span> <span class='ocrx_word' id='word_1_22' title='bbox 757 392 785 425; x_wconf 89' lang='lat' dir='ltr'><strong>S.</strong></span> <span class='ocrx_word' id='word_1_23' title='bbox 811 393 933 426; x_wconf 85' lang='lat' dir='ltr'><strong>Martini</strong></span> <span class='ocrx_word' id='word_1_24' title='bbox 960 394 991 425; x_wconf 90' lang='lat' dir='ltr'><strong>in</strong></span> <span class='ocrx_word' id='word_1_25' title='bbox 1014 394 1125 426; x_wconf 79' lang='lat' dir='ltr'><strong>Monti-</strong></span> 
     </span>
     <span class='ocr_line' id='line_1_6' title="bbox 477 444 1095 489; baseline 0.005 -14"><span class='ocrx_word' id='word_1_26' title='bbox 477 444 536 475; x_wconf 86' lang='lat' dir='ltr'><strong>bus</strong></span> <span class='ocrx_word' id='word_1_27' title='bbox 560 445 730 486; x_wconf 80' lang='lat' dir='ltr'><strong>presbyter</strong></span> <span class='ocrx_word' id='word_1_28' title='bbox 755 445 926 478; x_wconf 85' lang='lat' dir='ltr'><strong>cardinalis</strong></span> <span class='ocrx_word' id='word_1_29' title='bbox 951 446 1095 489; x_wconf 87' lang='lat' dir='ltr'><strong>Spinula.</strong></span> 
     </span>
    </p>
   </div>
   <div class='ocr_carea' id='block_1_4' title="bbox 389 496 1133 554">
    <p class='ocr_par' dir='ltr' id='par_1_5' title="bbox 389 496 1133 554">
     <span class='ocr_line' id='line_1_7' title="bbox 389 496 1133 554; baseline 0.004 -26"><span class='ocrx_word' id='word_1_30' title='bbox 389 497 414 539; x_wconf 71' lang='grc' dir='ltr'><strong>-ξ-</strong></span> <span class='ocrx_word' id='word_1_31' title='bbox 437 496 503 538; x_wconf 77' lang='lat' dir='ltr'><strong>Ego</strong></span> <span class='ocrx_word' id='word_1_32' title='bbox 528 496 658 529; x_wconf 84' lang='lat' dir='ltr'><strong>Carolus</strong></span> <span class='ocrx_word' id='word_1_33' title='bbox 684 497 766 530; x_wconf 90' lang='lat' dir='ltr'><strong>tituli</strong></span> <span class='ocrx_word' id='word_1_34' title='bbox 792 498 823 530; x_wconf 86' lang='lat' dir='ltr'><strong>S.</strong></span> <span class='ocrx_word' id='word_1_35' title='bbox 851 498 966 531; x_wconf 81' lang='lat' dir='ltr'><strong>Mariae</strong></span> <span class='ocrx_word' id='word_1_36' title='bbox 991 500 1029 531; x_wconf 87' lang='lat' dir='ltr'><strong>de</strong></span> <span class='ocrx_word' id='word_1_37' title='bbox 1048 500 1133 554; x_wconf 50' lang='lat' dir='ltr'><strong>Ara-⁴</strong></span> 
     </span>
    </p>
   </div>
   <div class='ocr_carea' id='block_1_5' title="bbox 477 548 1124 633">
    <p class='ocr_par' dir='ltr' id='par_1_6' title="bbox 477 548 1124 633">
     <span class='ocr_line' id='line_1_8' title="bbox 477 548 1124 592; baseline 0.005 -12"><span class='ocrx_word' id='word_1_38' title='bbox 477 548 556 582; x_wconf 87' lang='lat' dir='ltr'><strong>caeli</strong></span> <span class='ocrx_word' id='word_1_39' title='bbox 582 549 752 592; x_wconf 71' lang='lat' dir='ltr'><strong>presbyter</strong></span> <span class='ocrx_word' id='word_1_40' title='bbox 771 550 944 583; x_wconf 88' lang='lat' dir='ltr'><strong>cardinalis</strong></span> <span class='ocrx_word' id='word_1_41' title='bbox 966 551 1124 584; x_wconf 81' lang='lat' dir='ltr'><strong>Robertus</strong></span> 
     </span>
     <span class='ocr_line' id='line_1_9' title="bbox 477 600 576 633; baseline 0.02 -2"><span class='ocrx_word' id='word_1_42' title='bbox 477 600 576 633; x_wconf 90' lang='lat' dir='ltr'><strong>Vitor.</strong></span> 
     </span>
    </p>
   </div>
   <div class='ocr_carea' id='block_1_6' title="bbox 388 655 413 829">
    <p class='ocr_par' dir='ltr' id='par_1_7' title="bbox 388 655 413 829">
     <span class='ocr_line' id='line_1_10' title="bbox 388 655 413 829; textangle 90"><span class='ocrx_word' id='word_1_43' title='bbox 388 655 413 829; x_wconf 69' lang='lat' dir='ltr'><strong>i-i-&gt;÷-—i-</strong></span> 
     </span>
    </p>
   </div>
   <div class='ocr_carea' id='block_1_7' title="bbox 395 829 410 902">
    <p class='ocr_par' dir='ltr' id='par_1_8' title="bbox 395 829 410 902">
     <span class='ocr_line' id='line_1_11' title="bbox 395 829 410 902; textangle 90"><span class='ocrx_word' id='word_1_44' title='bbox 395 829 410 902; x_wconf 63' lang='lat'><strong>...—</strong></span> 
     </span>
    </p>
   </div>
   <div class='ocr_carea' id='block_1_8' title="bbox 434 861 1124 1063">
    <p class='ocr_par' dir='ltr' id='par_1_9' title="bbox 434 861 1124 959">
     <span class='ocr_line' id='line_1_12' title="bbox 434 861 1124 909; baseline 0.006 -15"><span class='ocrx_word' id='word_1_45' title='bbox 434 861 500 904; x_wconf 88' lang='lat' dir='ltr'><strong>Ego</strong></span> <span class='ocrx_word' id='word_1_46' title='bbox 526 863 656 897; x_wconf 82' lang='lat' dir='ltr'><strong>lacobus</strong></span> <span class='ocrx_word' id='word_1_47' title='bbox 683 865 764 898; x_wconf 92' lang='lat' dir='ltr'><strong>tituli</strong></span> <span class='ocrx_word' id='word_1_48' title='bbox 789 865 820 898; x_wconf 90' lang='lat' dir='ltr'><strong>S.</strong></span> <span class='ocrx_word' id='word_1_49' title='bbox 847 865 923 898; x_wconf 80' lang='lat' dir='ltr'><strong>Sixti</strong></span> <span class='ocrx_word' id='word_1_50' title='bbox 958 867 1124 909; x_wconf 72' lang='lat' dir='ltr'><strong>presbyter</strong></span> 
     </span>
     <span class='ocr_line' id='line_1_13' title="bbox 477 916 908 959; baseline 0.005 -12"><span class='ocrx_word' id='word_1_51' title='bbox 477 916 647 948; x_wconf 85' lang='lat' dir='ltr'><strong>cardinalis</strong></span> <span class='ocrx_word' id='word_1_52' title='bbox 673 916 908 959; x_wconf 73' lang='lat' dir='ltr'><strong>Rospigliosus.</strong></span> 
     </span>
    </p>

    <p class='ocr_par' dir='ltr' id='par_1_10' title="bbox 436 967 1123 1063">
     <span class='ocr_line' id='line_1_14' title="bbox 436 967 1123 1013; baseline 0.006 -14"><span class='ocrx_word' id='word_1_53' title='bbox 436 967 499 1009; x_wconf 81' lang='lat' dir='ltr'><strong>Ego</strong></span> <span class='ocrx_word' id='word_1_54' title='bbox 525 968 701 1001; x_wconf 88' lang='lat' dir='ltr'><strong>Ludovicus</strong></span> <span class='ocrx_word' id='word_1_55' title='bbox 725 969 808 1001; x_wconf 91' lang='lat' dir='ltr'><strong>tituli</strong></span> <span class='ocrx_word' id='word_1_56' title='bbox 830 969 860 1001; x_wconf 89' lang='lat' dir='ltr'><strong>S.</strong></span> <span class='ocrx_word' id='word_1_57' title='bbox 881 970 1016 1002; x_wconf 82' lang='lat' dir='ltr'><strong>Sabinae</strong></span> <span class='ocrx_word' id='word_1_58' title='bbox 1035 982 1123 1013; x_wconf 90' lang='lat' dir='ltr'><strong>pres-</strong></span> 
     </span>
     <span class='ocr_line' id='line_1_15' title="bbox 476 1020 1048 1063; baseline 0.005 -11"><span class='ocrx_word' id='word_1_59' title='bbox 476 1020 567 1063; x_wconf 83' lang='lat' dir='ltr'><strong>byter</strong></span> <span class='ocrx_word' id='word_1_60' title='bbox 591 1021 764 1053; x_wconf 80' lang='lat' dir='ltr'><strong>cardinalis</strong></span> <span class='ocrx_word' id='word_1_61' title='bbox 791 1021 1048 1055; x_wconf 87' lang='lat' dir='ltr'><strong>Portocarrerus.</strong></span> 
     </span>
    </p>
   </div>
   <div class='ocr_carea' id='block_1_9' title="bbox 386 970 411 1218">
    <p class='ocr_par' dir='ltr' id='par_1_11' title="bbox 386 970 411 1218">
     <span class='ocr_line' id='line_1_16' title="bbox 386 970 411 1218; textangle 90"><span class='ocrx_word' id='word_1_62' title='bbox 386 1073 411 1218; x_wconf 67' lang='lat' dir='ltr'><strong>&gt;l-—i-i-</strong></span> <span class='ocrx_word' id='word_1_63' title='bbox 388 970 410 1007; x_wconf 65' lang='lat' dir='ltr'><strong>-i-</strong></span> 
     </span>
    </p>
   </div>
   <div class='ocr_carea' id='block_1_10' title="bbox 386 1177 1122 1379">
    <p class='ocr_par' dir='ltr' id='par_1_12' title="bbox 435 1177 1122 1273">
     <span class='ocr_line' id='line_1_17' title="bbox 435 1177 1122 1223; baseline 0.006 -14"><span class='ocrx_word' id='word_1_64' title='bbox 435 1177 500 1219; x_wconf 82' lang='lat' dir='ltr'><strong>Ego</strong></span> <span class='ocrx_word' id='word_1_65' title='bbox 526 1178 662 1211; x_wconf 86' lang='lat' dir='ltr'><strong>Ioannes</strong></span> <span class='ocrx_word' id='word_1_66' title='bbox 689 1178 771 1211; x_wconf 91' lang='lat' dir='ltr'><strong>tituli</strong></span> <span class='ocrx_word' id='word_1_67' title='bbox 798 1179 828 1211; x_wconf 91' lang='lat' dir='ltr'><strong>S.</strong></span> <span class='ocrx_word' id='word_1_68' title='bbox 857 1180 1012 1213; x_wconf 89' lang='lat' dir='ltr'><strong>Bernardi</strong></span> <span class='ocrx_word' id='word_1_69' title='bbox 1039 1191 1122 1223; x_wconf 92' lang='lat' dir='ltr'><strong>pres-</strong></span> 
     </span>
     <span class='ocr_line' id='line_1_18' title="bbox 475 1230 886 1273; baseline 0.005 -11"><span class='ocrx_word' id='word_1_70' title='bbox 475 1230 567 1273; x_wconf 78' lang='lat' dir='ltr'><strong>byter</strong></span> <span class='ocrx_word' id='word_1_71' title='bbox 591 1231 762 1263; x_wconf 86' lang='lat' dir='ltr'><strong>cardinalis</strong></span> <span class='ocrx_word' id='word_1_72' title='bbox 788 1231 886 1264; x_wconf 83' lang='lat' dir='ltr'><strong>Bona.</strong></span> 
     </span>
    </p>

    <p class='ocr_par' dir='ltr' id='par_1_13' title="bbox 386 1282 1120 1327">
     <span class='ocr_line' id='line_1_19' title="bbox 386 1282 1120 1327; baseline 0.004 -12"><span class='ocrx_word' id='word_1_73' title='bbox 386 1283 410 1324; x_wconf 63' lang='grc' dir='ltr'><strong>-ξ-</strong></span> <span class='ocrx_word' id='word_1_74' title='bbox 434 1282 499 1324; x_wconf 77' lang='lat' dir='ltr'><strong>Ego</strong></span> <span class='ocrx_word' id='word_1_75' title='bbox 534 1282 708 1315; x_wconf 81' lang='lat' dir='ltr'><strong>Federicus</strong></span> <span class='ocrx_word' id='word_1_76' title='bbox 748 1283 830 1316; x_wconf 87' lang='lat' dir='ltr'><strong>tituli</strong></span> <span class='ocrx_word' id='word_1_77' title='bbox 875 1284 905 1317; x_wconf 88' lang='lat' dir='ltr'><strong>S.</strong></span> <span class='ocrx_word' id='word_1_78' title='bbox 952 1286 1120 1327; x_wconf 79' lang='lat' dir='ltr'>Augustini</span> 
     </span>
    </p>

    <p class='ocr_par' dir='ltr' id='par_1_14' title="bbox 474 1336 1089 1379">
     <span class='ocr_line' id='line_1_20' title="bbox 474 1336 1089 1379; baseline 0.005 -12"><span class='ocrx_word' id='word_1_79' title='bbox 474 1336 642 1379; x_wconf 83' lang='lat' dir='ltr'><strong>presbyter</strong></span> <span class='ocrx_word' id='word_1_80' title='bbox 666 1336 839 1369; x_wconf 86' lang='lat' dir='ltr'><strong>cardinalis</strong></span> <span class='ocrx_word' id='word_1_81' title='bbox 864 1337 1089 1371; x_wconf 74' lang='lat' dir='ltr'><strong>Borromaeus.</strong></span> 
     </span>
    </p>
   </div>
   <div class='ocr_carea' id='block_1_11' title="bbox 384 1440 1121 1589">
    <p class='ocr_par' dir='ltr' id='par_1_15' title="bbox 384 1440 1121 1589">
     <span class='ocr_line' id='line_1_21' title="bbox 474 1440 1117 1483; baseline 0.005 -11"><span class='ocrx_word' id='word_1_82' title='bbox 474 1440 579 1472; x_wconf 76' lang='lat' dir='ltr'><strong>mnica</strong></span> <span class='ocrx_word' id='word_1_83' title='bbox 592 1441 762 1483; x_wconf 81' lang='lat' dir='ltr'><strong>presbyter</strong></span> <span class='ocrx_word' id='word_1_84' title='bbox 774 1441 945 1474; x_wconf 84' lang='lat' dir='ltr'><strong>cardinalis</strong></span> <span class='ocrx_word' id='word_1_85' title='bbox 956 1442 1117 1475; x_wconf 85' lang='lat' dir='ltr'><strong>Maximus.</strong></span> 
     </span>
     <span class='ocr_line' id='line_1_22' title="bbox 384 1492 1121 1538; baseline 0.005 -14"><span class='ocrx_word' id='word_1_86' title='bbox 384 1495 407 1533; x_wconf 85' lang='lat'>†</span> <span class='ocrx_word' id='word_1_87' title='bbox 432 1492 495 1534; x_wconf 81' lang='lat' dir='ltr'><strong>Ego</strong></span> <span class='ocrx_word' id='word_1_88' title='bbox 516 1492 637 1535; x_wconf 85' lang='lat' dir='ltr'><strong>Gaspar</strong></span> <span class='ocrx_word' id='word_1_89' title='bbox 654 1493 735 1525; x_wconf 89' lang='lat' dir='ltr'><strong>tituli</strong></span> <span class='ocrx_word' id='word_1_90' title='bbox 754 1493 783 1525; x_wconf 90' lang='lat' dir='ltr'><strong>S.</strong></span> <span class='ocrx_word' id='word_1_91' title='bbox 803 1494 1020 1527; x_wconf 73' lang='lat' dir='ltr'><strong>pudentianae</strong></span> <span class='ocrx_word' id='word_1_92' title='bbox 1038 1506 1121 1538; x_wconf 89' lang='lat' dir='ltr'><strong>pres-</strong></span> 
     </span>
     <span class='ocr_line' id='line_1_23' title="bbox 473 1546 975 1589; baseline 0.006 -12"><span class='ocrx_word' id='word_1_93' title='bbox 473 1547 564 1588; x_wconf 81' lang='lat' dir='ltr'><strong>byter</strong></span> <span class='ocrx_word' id='word_1_94' title='bbox 589 1546 761 1579; x_wconf 87' lang='lat' dir='ltr'><strong>cardinalis</strong></span> <span class='ocrx_word' id='word_1_95' title='bbox 787 1546 975 1589; x_wconf 87' lang='lat' dir='ltr'><strong>Carpineus.</strong></span> 
     </span>
    </p>
   </div>
   <div class='ocr_carea' id='block_1_12' title="bbox 382 1704 1121 2383">
    <p class='ocr_par' dir='ltr' id='par_1_16' title="bbox 384 1704 1120 1793">
     <span class='ocr_line' id='line_1_24' title="bbox 384 1704 1120 1746; baseline 0.005 -10"><span class='ocrx_word' id='word_1_96' title='bbox 384 1706 407 1744; x_wconf 54' lang='grc' dir='ltr'><strong>-ξ</strong></span> <span class='ocrx_word' id='word_1_97' title='bbox 431 1704 497 1746; x_wconf 82' lang='lat' dir='ltr'><strong>Ego</strong></span> <span class='ocrx_word' id='word_1_98' title='bbox 515 1704 696 1737; x_wconf 83' lang='lat' dir='ltr'><strong>Fridericus</strong></span> <span class='ocrx_word' id='word_1_99' title='bbox 716 1705 797 1738; x_wconf 89' lang='lat' dir='ltr'><strong>tituli</strong></span> <span class='ocrx_word' id='word_1_100' title='bbox 815 1705 846 1738; x_wconf 88' lang='lat' dir='ltr'><strong>S.</strong></span> <span class='ocrx_word' id='word_1_101' title='bbox 863 1706 984 1739; x_wconf 86' lang='lat' dir='ltr'><strong>Nicolai</strong></span> <span class='ocrx_word' id='word_1_102' title='bbox 1000 1707 1031 1739; x_wconf 94' lang='lat' dir='ltr'><strong>in</strong></span> <span class='ocrx_word' id='word_1_103' title='bbox 1046 1707 1120 1740; x_wconf 84' lang='lat' dir='ltr'><strong>Car-</strong></span> 
     </span>
     <span class='ocr_line' id='line_1_25' title="bbox 472 1757 1073 1793; baseline 0.007 -4"><span class='ocrx_word' id='word_1_104' title='bbox 472 1766 544 1789; x_wconf 88' lang='lat' dir='ltr'><strong>cere</strong></span> <span class='ocrx_word' id='word_1_105' title='bbox 571 1757 727 1790; x_wconf 85' lang='lat' dir='ltr'><strong>diaconus</strong></span> <span class='ocrx_word' id='word_1_106' title='bbox 753 1758 928 1792; x_wconf 86' lang='lat' dir='ltr'><strong>cardinalis</strong></span> <span class='ocrx_word' id='word_1_107' title='bbox 948 1760 1073 1793; x_wconf 85' lang='lat' dir='ltr'><strong>Hassia.</strong></span> 
     </span>
    </p>

    <p class='ocr_par' dir='ltr' id='par_1_17' title="bbox 382 1863 1120 1950">
     <span class='ocr_line' id='line_1_26' title="bbox 382 1863 1120 1905; baseline 0.005 -10"><span class='ocrx_word' id='word_1_108' title='bbox 382 1865 406 1903; x_wconf 89' lang='lat'>†</span> <span class='ocrx_word' id='word_1_109' title='bbox 429 1863 495 1905; x_wconf 77' lang='lat' dir='ltr'><strong>Ego</strong></span> <span class='ocrx_word' id='word_1_110' title='bbox 520 1863 650 1896; x_wconf 82' lang='lat' dir='ltr'><strong>Carolus</strong></span> <span class='ocrx_word' id='word_1_111' title='bbox 664 1863 693 1896; x_wconf 88' lang='lat' dir='ltr'><strong>S.</strong></span> <span class='ocrx_word' id='word_1_112' title='bbox 715 1864 862 1897; x_wconf 83' lang='lat' dir='ltr'><strong>Caesarei</strong></span> <span class='ocrx_word' id='word_1_113' title='bbox 882 1866 1035 1898; x_wconf 87' lang='lat' dir='ltr'><strong>diaconus</strong></span> <span class='ocrx_word' id='word_1_114' title='bbox 1052 1878 1120 1899; x_wconf 87' lang='lat' dir='ltr'><strong>car-</strong></span> 
     </span>
     <span class='ocr_line' id='line_1_27' title="bbox 472 1915 824 1950; baseline 0.003 -2"><span class='ocrx_word' id='word_1_115' title='bbox 472 1915 589 1948; x_wconf 90' lang='lat' dir='ltr'><strong>dinalis</strong></span> <span class='ocrx_word' id='word_1_116' title='bbox 615 1916 824 1950; x_wconf 86' lang='lat' dir='ltr'><strong>Barberinus.</strong></span> 
     </span>
    </p>

    <p class='ocr_par' dir='ltr' id='par_1_18' title="bbox 382 1967 1121 2052">
     <span class='ocr_line' id='line_1_28' title="bbox 382 1967 1121 2009; baseline 0.005 -10"><span class='ocrx_word' id='word_1_117' title='bbox 382 1969 403 2008; x_wconf 60' lang='lat'><strong>{-</strong></span> <span class='ocrx_word' id='word_1_118' title='bbox 432 1967 495 2009; x_wconf 61' lang='lat' dir='ltr'><strong>ligo</strong></span> <span class='ocrx_word' id='word_1_119' title='bbox 516 1967 630 2000; x_wconf 85' lang='lat' dir='ltr'><strong>Decius</strong></span> <span class='ocrx_word' id='word_1_120' title='bbox 648 1968 678 2000; x_wconf 89' lang='lat' dir='ltr'>S.</span> <span class='ocrx_word' id='word_1_121' title='bbox 699 1968 863 2001; x_wconf 77' lang='lat' dir='ltr'><strong>Eustachii</strong></span> <span class='ocrx_word' id='word_1_122' title='bbox 881 1970 1037 2003; x_wconf 85' lang='lat' dir='ltr'><strong>diaconus</strong></span> <span class='ocrx_word' id='word_1_123' title='bbox 1054 1982 1121 2003; x_wconf 83' lang='lat' dir='ltr'><strong>car-</strong></span> 
     </span>
     <span class='ocr_line' id='line_1_29' title="bbox 472 2020 800 2052; baseline 0.003 -1"><span class='ocrx_word' id='word_1_124' title='bbox 472 2020 589 2052; x_wconf 84' lang='lat' dir='ltr'><strong>dinalis</strong></span> <span class='ocrx_word' id='word_1_125' title='bbox 615 2020 800 2052; x_wconf 85' lang='lat' dir='ltr'><strong>Azzolinus.</strong></span> 
     </span>
    </p>

    <p class='ocr_par' dir='ltr' id='par_1_19' title="bbox 383 2071 1118 2159">
     <span class='ocr_line' id='line_1_30' title="bbox 383 2071 1118 2115; baseline 0.007 -11"><span class='ocrx_word' id='word_1_126' title='bbox 383 2073 408 2115; x_wconf 73' lang='grc' dir='ltr'><strong>ξ·</strong></span> <span class='ocrx_word' id='word_1_127' title='bbox 432 2071 498 2114; x_wconf 78' lang='lat' dir='ltr'><strong>Ego</strong></span> <span class='ocrx_word' id='word_1_128' title='bbox 523 2072 639 2104; x_wconf 84' lang='lat' dir='ltr'><strong>Paulus</strong></span> <span class='ocrx_word' id='word_1_129' title='bbox 665 2073 746 2105; x_wconf 87' lang='lat' dir='ltr'><strong>tituli</strong></span> <span class='ocrx_word' id='word_1_130' title='bbox 769 2073 800 2105; x_wconf 89' lang='lat' dir='ltr'><strong>S.</strong></span> <span class='ocrx_word' id='word_1_131' title='bbox 819 2073 939 2106; x_wconf 84' lang='lat' dir='ltr'><strong>Nicolai</strong></span> <span class='ocrx_word' id='word_1_132' title='bbox 966 2076 1118 2109; x_wconf 84' lang='lat' dir='ltr'><strong>diaconus</strong></span> 
     </span>
     <span class='ocr_line' id='line_1_31' title="bbox 473 2125 827 2159; baseline 0.003 -2"><span class='ocrx_word' id='word_1_133' title='bbox 473 2125 643 2158; x_wconf 81' lang='lat' dir='ltr'><strong>cardinalis</strong></span> <span class='ocrx_word' id='word_1_134' title='bbox 669 2125 827 2159; x_wconf 81' lang='lat' dir='ltr'><strong>Sabellus.</strong></span> 
     </span>
    </p>

    <p class='ocr_par' dir='ltr' id='par_1_20' title="bbox 383 2178 408 2218">
     <span class='ocr_line' id='line_1_32' title="bbox 383 2178 408 2218; baseline 0 -20"><span class='ocrx_word' id='word_1_135' title='bbox 383 2178 408 2218; x_wconf 56' lang='grc' dir='ltr'><strong>Ἰν.</strong></span> 
     </span>
    </p>

    <p class='ocr_par' dir='ltr' id='par_1_21' title="bbox 384 2230 1120 2321">
     <span class='ocr_line' id='line_1_33' title="bbox 384 2230 1120 2276; baseline 0.01 -15"><span class='ocrx_word' id='word_1_136' title='bbox 384 2232 407 2269; x_wconf 88' lang='lat'>†</span> <span class='ocrx_word' id='word_1_137' title='bbox 431 2230 495 2272; x_wconf 73' lang='lat' dir='ltr'><strong>Ego</strong></span> <span class='ocrx_word' id='word_1_138' title='bbox 520 2230 742 2273; x_wconf 73' lang='lat' dir='ltr'><strong>sigismundus</strong></span> <span class='ocrx_word' id='word_1_139' title='bbox 768 2233 798 2266; x_wconf 91' lang='lat' dir='ltr'><strong>S.</strong></span> <span class='ocrx_word' id='word_1_140' title='bbox 827 2234 954 2276; x_wconf 78' lang='lat' dir='ltr'><strong>Georgii</strong></span> <span class='ocrx_word' id='word_1_141' title='bbox 976 2235 1007 2267; x_wconf 94' lang='lat' dir='ltr'><strong>in</strong></span> <span class='ocrx_word' id='word_1_142' title='bbox 1030 2236 1120 2269; x_wconf 82' lang='lat' dir='ltr'><strong>Vela-</strong></span> 
     </span>
     <span class='ocr_line' id='line_1_34' title="bbox 472 2283 1073 2321; baseline 0.013 -8"><span class='ocrx_word' id='word_1_143' title='bbox 472 2283 532 2315; x_wconf 81' lang='lat' dir='ltr'><strong>bro</strong></span> <span class='ocrx_word' id='word_1_144' title='bbox 557 2283 713 2317; x_wconf 87' lang='lat' dir='ltr'><strong>diaconus</strong></span> <span class='ocrx_word' id='word_1_145' title='bbox 740 2286 911 2319; x_wconf 85' lang='lat' dir='ltr'><strong>cardinalis</strong></span> <span class='ocrx_word' id='word_1_146' title='bbox 935 2287 1073 2321; x_wconf 75' lang='lat' dir='ltr'><strong>Clusius.</strong></span> 
     </span>
    </p>

    <p class='ocr_par' dir='ltr' id='par_1_22' title="bbox 800 2347 1050 2383">
     <span class='ocr_line' id='line_1_35' title="bbox 800 2347 1050 2383; baseline 0.016 -4"><span class='ocrx_word' id='word_1_147' title='bbox 800 2347 822 2379; x_wconf 92' lang='lat' dir='ltr'><strong>l.</strong></span> <span class='ocrx_word' id='word_1_148' title='bbox 850 2347 885 2380; x_wconf 91' lang='lat' dir='ltr'>G.</span> <span class='ocrx_word' id='word_1_149' title='bbox 912 2348 1050 2383; x_wconf 70' lang='lat' dir='ltr'><strong>Srrsms.</strong></span> 
     </span>
    </p>
   </div>
   <div class='ocr_carea' id='block_1_13' title="bbox 543 2406 1140 2446">
    <p class='ocr_par' dir='ltr' id='par_1_23' title="bbox 543 2406 1140 2446">
     <span class='ocr_line' id='line_1_36' title="bbox 543 2406 1140 2446; baseline 0.012 -7"><span class='ocrx_word' id='word_1_150' title='bbox 543 2406 617 2440; x_wconf 75' lang='lat' dir='ltr'><strong>Visa</strong></span> <span class='ocrx_word' id='word_1_151' title='bbox 642 2407 679 2441; x_wconf 87' lang='lat' dir='ltr'><strong>de</strong></span> <span class='ocrx_word' id='word_1_152' title='bbox 705 2408 805 2443; x_wconf 74' lang='lat' dir='ltr'><strong>Curiti</strong></span> <span class='ocrx_word' id='word_1_153' title='bbox 828 2409 858 2443; x_wconf 89' lang='lat' dir='ltr'><strong>S.</strong></span> <span class='ocrx_word' id='word_1_154' title='bbox 883 2411 921 2444; x_wconf 91' lang='lat' dir='ltr'><strong>de</strong></span> <span class='ocrx_word' id='word_1_155' title='bbox 943 2411 1115 2446; x_wconf 66' lang='lat' dir='ltr'><strong>Pmsms.</strong></span> <span class='ocrx_word' id='word_1_156' title='bbox 1138 2440 1140 2443; x_wconf 96' lang='lat'>.</span> 
     </span>
    </p>
   </div>
   <div class='ocr_carea' id='block_1_14' title="bbox 389 2477 1049 2586">
    <p class='ocr_par' dir='ltr' id='par_1_24' title="bbox 389 2477 1049 2586">
     <span class='ocr_line' id='line_1_37' title="bbox 429 2477 718 2521; baseline 0.003 -11"><span class='ocrx_word' id='word_1_157' title='bbox 429 2477 512 2510; x_wconf 85' lang='lat' dir='ltr'><strong>Loco</strong></span> <span class='ocrx_word' id='word_1_158' title='bbox 539 2480 559 2518; x_wconf 81' lang='lat'>†</span> <span class='ocrx_word' id='word_1_159' title='bbox 584 2479 718 2521; x_wconf 86' lang='lat' dir='ltr'><strong>plumbi.</strong></span> 
     </span>
     <span class='ocr_line' id='line_1_38' title="bbox 389 2533 1049 2586; baseline 0.018 -29"><span class='ocrx_word' id='word_1_160' title='bbox 389 2543 408 2557; x_wconf 63' lang='lat' dir='ltr'><strong>a.</strong></span> <span class='ocrx_word' id='word_1_161' title='bbox 798 2533 843 2586; x_wconf 52' lang='grc' dir='ltr'><strong>νΙ),</strong></span> <span class='ocrx_word' id='word_1_162' title='bbox 869 2534 1049 2569; x_wconf 59' lang='lat' dir='ltr'><strong>emamus.</strong></span> 
     </span>
    </p>
   </div>
   <div class='ocr_carea' id='block_1_15' title="bbox 419 2608 985 2643">
    <p class='ocr_par' dir='ltr' id='par_1_25' title="bbox 419 2608 985 2643">
     <span class='ocr_line' id='line_1_39' title="bbox 419 2608 985 2643; baseline 0.005 -8"><span class='ocrx_word' id='word_1_163' title='bbox 419 2608 583 2643; x_wconf 58' lang='lat' dir='ltr'><strong>myssa-ata</strong></span> <span class='ocrx_word' id='word_1_164' title='bbox 604 2611 635 2637; x_wconf 80' lang='lat' dir='ltr'><strong>in</strong></span> <span class='ocrx_word' id='word_1_165' title='bbox 656 2611 817 2639; x_wconf 63' lang='lat' dir='ltr'><strong>&amp;eretur-ia</strong></span> <span class='ocrx_word' id='word_1_166' title='bbox 838 2612 985 2640; x_wconf 71' lang='lat' dir='ltr'><strong>Brevium.</strong></span> 
     </span>
    </p>
   </div>
   <div class='ocr_carea' id='block_1_16' title="bbox 1138 841 1145 2496">
    <p class='ocr_par' dir='ltr' id='par_1_26' title="bbox 1138 841 1145 2496">
     <span class='ocr_line' id='line_1_40' title="bbox 1138 841 1145 2496; baseline 0 0"><span class='ocrx_word' id='word_1_167' title='bbox 1138 841 1145 2496; x_wconf 95' lang='lat' dir='ltr'><strong> </strong></span> 
     </span>
    </p>
   </div>
   <div class='ocr_carea' id='block_1_17' title="bbox 1491 293 1577 326">
    <p class='ocr_par' dir='ltr' id='par_1_27' title="bbox 1491 293 1577 326">
     <span class='ocr_line' id='line_1_41' title="bbox 1491 293 1577 326; baseline 0.012 -1"><span class='ocrx_word' id='word_1_168' title='bbox 1491 293 1577 326; x_wconf 89' lang='lat' dir='ltr'>LXV.</span> 
     </span>
    </p>
   </div>
   <div class='ocr_carea' id='block_1_18' title="bbox 1169 359 1902 676">
    <p class='ocr_par' dir='ltr' id='par_1_28' title="bbox 1169 359 1902 551">
     <span class='ocr_line' id='line_1_42' title="bbox 1169 359 1902 407; baseline 0.008 -15"><span class='ocrx_word' id='word_1_169' title='bbox 1169 359 1371 401; x_wconf 63' lang='lat' dir='ltr'><strong>Constantio,</strong></span> <span class='ocrx_word' id='word_1_170' title='bbox 1398 366 1434 394; x_wconf 82' lang='lat' dir='ltr'><strong>ul</strong></span> <span class='ocrx_word' id='word_1_171' title='bbox 1460 362 1614 395; x_wconf 73' lang='lat' dir='ltr'><strong>Romanis</strong></span> <span class='ocrx_word' id='word_1_172' title='bbox 1639 363 1780 407; x_wconf 56' lang='lat' dir='ltr'><strong>alsia-que</strong></span> <span class='ocrx_word' id='word_1_173' title='bbox 1804 365 1902 397; x_wconf 81' lang='lat' dir='ltr'><strong>nobi-</strong></span> 
     </span>
     <span class='ocr_line' id='line_1_43' title="bbox 1211 412 1902 449; baseline 0.009 -6"><span class='ocrx_word' id='word_1_174' title='bbox 1211 412 1295 444; x_wconf 80' lang='lat' dir='ltr'><strong>libus</strong></span> <span class='ocrx_word' id='word_1_175' title='bbox 1320 413 1430 446; x_wconf 76' lang='lat' dir='ltr'><strong>Status</strong></span> <span class='ocrx_word' id='word_1_176' title='bbox 1453 414 1671 447; x_wconf 77' lang='lat' dir='ltr'><strong>Ecclesiastici</strong></span> <span class='ocrx_word' id='word_1_177' title='bbox 1697 416 1790 448; x_wconf 72' lang='lat' dir='ltr'><strong>licea!</strong></span> <span class='ocrx_word' id='word_1_178' title='bbox 1814 428 1902 449; x_wconf 66' lang='lat' dir='ltr'><strong>emcr-</strong></span> 
     </span>
     <span class='ocr_line' id='line_1_44' title="bbox 1210 467 1897 511; baseline 0.009 -15"><span class='ocrx_word' id='word_1_179' title='bbox 1210 475 1277 497; x_wconf 79' lang='lat' dir='ltr'><strong>cei·e</strong></span> <span class='ocrx_word' id='word_1_180' title='bbox 1300 467 1489 499; x_wconf 82' lang='lat' dir='ltr'><strong>commercia</strong></span> <span class='ocrx_word' id='word_1_181' title='bbox 1513 467 1582 500; x_wconf 79' lang='lat' dir='ltr'><strong>sine</strong></span> <span class='ocrx_word' id='word_1_182' title='bbox 1610 469 1814 511; x_wconf 74' lang='lat' dir='ltr'><strong>praeiudicio</strong></span> <span class='ocrx_word' id='word_1_183' title='bbox 1839 480 1897 502; x_wconf 83' lang='lat' dir='ltr'><strong>no-</strong></span> 
     </span>
     <span class='ocr_line' id='line_1_45' title="bbox 1209 516 1359 551; baseline 0.013 -2"><span class='ocrx_word' id='word_1_184' title='bbox 1209 516 1359 551; x_wconf 72' lang='lat' dir='ltr'><strong>bilitatis.</strong></span> 
     </span>
    </p>

    <p class='ocr_par' dir='ltr' id='par_1_29' title="bbox 1285 599 1778 676">
     <span class='ocr_line' id='line_1_46' title="bbox 1384 599 1678 632; baseline 0.01 -8"><span class='ocrx_word' id='word_1_185' title='bbox 1384 599 1517 625; x_wconf 76' lang='lat' dir='ltr'><strong>Clemens</strong></span> <span class='ocrx_word' id='word_1_186' title='bbox 1538 599 1615 632; x_wconf 80' lang='lat' dir='ltr'><strong>Papa</strong></span> <span class='ocrx_word' id='word_1_187' title='bbox 1636 600 1658 627; x_wconf 83' lang='lat' dir='ltr'>X</span> <span class='ocrx_word' id='word_1_188' title='bbox 1672 620 1678 631; x_wconf 79' lang='lat'>.</span> 
     </span>
     <span class='ocr_line' id='line_1_47' title="bbox 1285 643 1778 676; baseline 0.006 -8"><span class='ocrx_word' id='word_1_189' title='bbox 1285 643 1320 668; x_wconf 86' lang='lat' dir='ltr'><strong>ad</strong></span> <span class='ocrx_word' id='word_1_190' title='bbox 1341 646 1514 676; x_wconf 81' lang='lat' dir='ltr'><strong>perpetuam</strong></span> <span class='ocrx_word' id='word_1_191' title='bbox 1534 645 1577 671; x_wconf 87' lang='lat' dir='ltr'><strong>rei</strong></span> <span class='ocrx_word' id='word_1_192' title='bbox 1597 645 1778 672; x_wconf 81' lang='lat' dir='ltr'><strong>memoriam.</strong></span> 
     </span>
    </p>
   </div>
   <div class='ocr_carea' id='block_1_19' title="bbox 1165 710 1899 861">
    <p class='ocr_par' dir='ltr' id='par_1_30' title="bbox 1165 710 1899 861">
     <span class='ocr_line' id='line_1_48' title="bbox 1209 710 1897 755; baseline 0.009 -13"><span class='ocrx_word' id='word_1_193' title='bbox 1209 710 1304 743; x_wconf 81' lang='lat' dir='ltr'><strong>Decet</strong></span> <span class='ocrx_word' id='word_1_194' title='bbox 1328 712 1506 745; x_wconf 81' lang='lat' dir='ltr'><strong>Romanum</strong></span> <span class='ocrx_word' id='word_1_195' title='bbox 1531 714 1729 755; x_wconf 79' lang='lat' dir='ltr'><strong>Pontificem,</strong></span> <span class='ocrx_word' id='word_1_196' title='bbox 1756 715 1897 748; x_wconf 87' lang='lat' dir='ltr'><strong>omnium</strong></span> 
     </span>
     <span class='ocr_line' id='line_1_49' title="bbox 1165 762 1897 809; baseline 0.01 -16"><span class='ocrx_word' id='word_1_197' title='bbox 1165 762 1424 796; x_wconf 80' lang='lat' dir='ltr'><strong>christifidelium</strong></span> <span class='ocrx_word' id='word_1_198' title='bbox 1445 771 1569 807; x_wconf 85' lang='lat' dir='ltr'><strong>patrem</strong></span> <span class='ocrx_word' id='word_1_199' title='bbox 1591 772 1621 798; x_wconf 85' lang='lat' dir='ltr'><strong>et</strong></span> <span class='ocrx_word' id='word_1_200' title='bbox 1638 772 1813 809; x_wconf 80' lang='lat' dir='ltr'><strong>pastorem,</strong></span> <span class='ocrx_word' id='word_1_201' title='bbox 1834 778 1897 800; x_wconf 92' lang='lat' dir='ltr'><strong>non</strong></span> 
     </span>
     <span class='ocr_line' id='line_1_50' title="bbox 1165 814 1899 861; baseline 0.01 -17"><span class='ocrx_word' id='word_1_202' title='bbox 1165 814 1268 845; x_wconf 92' lang='lat' dir='ltr'><strong>solum</strong></span> <span class='ocrx_word' id='word_1_203' title='bbox 1295 815 1516 857; x_wconf 80' lang='lat' dir='ltr'><strong>spiritualibus</strong></span> <span class='ocrx_word' id='word_1_204' title='bbox 1534 818 1685 850; x_wconf 90' lang='lat' dir='ltr'><strong>dominici</strong></span> <span class='ocrx_word' id='word_1_205' title='bbox 1712 820 1819 861; x_wconf 74' lang='lat' dir='ltr'><strong>gregis</strong></span> <span class='ocrx_word' id='word_1_206' title='bbox 1839 820 1899 851; x_wconf 84' lang='lat' dir='ltr'><strong>sibi</strong></span> 
     </span>
    </p>
   </div>
   <div class='ocr_carea' id='block_1_20' title="bbox 1142 866 1903 1019">
    <p class='ocr_par' dir='ltr' id='par_1_31' title="bbox 1142 866 1903 1019">
     <span class='ocr_line' id='line_1_51' title="bbox 1142 866 1903 915; baseline 0.011 -18"><span class='ocrx_word' id='word_1_207' title='bbox 1142 901 1144 912; x_wconf 33' lang='grc' dir='ltr'><strong>ἱ</strong></span> <span class='ocrx_word' id='word_1_208' title='bbox 1165 866 1315 900; x_wconf 86' lang='lat' dir='ltr'><strong>divinitus</strong></span> <span class='ocrx_word' id='word_1_209' title='bbox 1341 869 1498 901; x_wconf 82' lang='lat' dir='ltr'><strong>commissi</strong></span> <span class='ocrx_word' id='word_1_210' title='bbox 1525 871 1714 904; x_wconf 86' lang='lat' dir='ltr'><strong>utilitatibus</strong></span> <span class='ocrx_word' id='word_1_211' title='bbox 1733 872 1798 914; x_wconf 74' lang='lat' dir='ltr'><strong>iugi</strong></span> <span class='ocrx_word' id='word_1_212' title='bbox 1826 873 1903 915; x_wconf 77' lang='lat' dir='ltr'><strong>vigi-</strong></span> 
     </span>
     <span class='ocr_line' id='line_1_52' title="bbox 1142 914 1902 967; baseline 0.011 -17"><span class='ocrx_word' id='word_1_213' title='bbox 1142 914 1144 926; x_wconf 59' lang='lat'><em>*</em></span> <span class='ocrx_word' id='word_1_214' title='bbox 1165 919 1263 951; x_wconf 79' lang='lat' dir='ltr'><strong>lantia</strong></span> <span class='ocrx_word' id='word_1_215' title='bbox 1281 922 1459 961; x_wconf 85' lang='lat' dir='ltr'><strong>consulere,</strong></span> <span class='ocrx_word' id='word_1_216' title='bbox 1479 923 1535 955; x_wconf 87' lang='lat' dir='ltr'><strong>sed</strong></span> <span class='ocrx_word' id='word_1_217' title='bbox 1554 924 1648 956; x_wconf 87' lang='lat' dir='ltr'><strong>etiam</strong></span> <span class='ocrx_word' id='word_1_218' title='bbox 1671 926 1902 967; x_wconf 77' lang='lat' dir='ltr'><strong>temporalibus</strong></span> 
     </span>
     <span class='ocr_line' id='line_1_53' title="bbox 1142 961 1901 1019; baseline 0.012 -18"><span class='ocrx_word' id='word_1_219' title='bbox 1142 961 1144 1015; x_wconf 53' lang='lat' dir='ltr'>f</span> <span class='ocrx_word' id='word_1_220' title='bbox 1165 981 1296 1003; x_wconf 89' lang='lat' dir='ltr'><strong>suorum</strong></span> <span class='ocrx_word' id='word_1_221' title='bbox 1312 977 1344 1003; x_wconf 86' lang='lat' dir='ltr'><strong>et</strong></span> <span class='ocrx_word' id='word_1_222' title='bbox 1358 973 1561 1015; x_wconf 79' lang='lat' dir='ltr'><strong>Apostolicae</strong></span> <span class='ocrx_word' id='word_1_223' title='bbox 1579 975 1670 1008; x_wconf 86' lang='lat' dir='ltr'><strong>Sedis</strong></span> <span class='ocrx_word' id='word_1_224' title='bbox 1684 977 1777 1009; x_wconf 87' lang='lat' dir='ltr'><strong>etiam</strong></span> <span class='ocrx_word' id='word_1_225' title='bbox 1796 979 1901 1019; x_wconf 86' lang='lat' dir='ltr'><strong>quoad</strong></span> 
     </span>
    </p>
   </div>
   <div class='ocr_carea' id='block_1_21' title="bbox 1164 1023 1900 1167">
    <p class='ocr_par' dir='ltr' id='par_1_32' title="bbox 1164 1023 1900 1167">
     <span class='ocr_line' id='line_1_54' title="bbox 1166 1023 1899 1071; baseline 0.011 -17"><span class='ocrx_word' id='word_1_226' title='bbox 1166 1023 1356 1065; x_wconf 87' lang='lat' dir='ltr'><strong>temporalia</strong></span> <span class='ocrx_word' id='word_1_227' title='bbox 1391 1025 1593 1058; x_wconf 84' lang='lat' dir='ltr'><strong>subditorum</strong></span> <span class='ocrx_word' id='word_1_228' title='bbox 1630 1029 1808 1061; x_wconf 87' lang='lat' dir='ltr'><strong>commodis</strong></span> <span class='ocrx_word' id='word_1_229' title='bbox 1839 1040 1899 1071; x_wconf 84' lang='lat' dir='ltr'><strong>pa-</strong></span> 
     </span>
     <span class='ocr_line' id='line_1_55' title="bbox 1165 1077 1900 1124; baseline 0.008 -16"><span class='ocrx_word' id='word_1_230' title='bbox 1165 1081 1258 1109; x_wconf 86' lang='lat' dir='ltr'><strong>terno</strong></span> <span class='ocrx_word' id='word_1_231' title='bbox 1277 1077 1380 1109; x_wconf 89' lang='lat' dir='ltr'><strong>studio</strong></span> <span class='ocrx_word' id='word_1_232' title='bbox 1397 1079 1579 1120; x_wconf 81' lang='lat' dir='ltr'><strong>providere,</strong></span> <span class='ocrx_word' id='word_1_233' title='bbox 1599 1080 1682 1112; x_wconf 89' lang='lat' dir='ltr'><strong>sicut</strong></span> <span class='ocrx_word' id='word_1_234' title='bbox 1701 1081 1900 1124; x_wconf 84' lang='lat' dir='ltr'><strong>reipublicae</strong></span> 
     </span>
     <span class='ocr_line' id='line_1_56' title="bbox 1164 1129 1898 1167; baseline 0.011 -8"><span class='ocrx_word' id='word_1_235' title='bbox 1164 1129 1370 1161; x_wconf 80' lang='lat' dir='ltr'><strong>conducibile</strong></span> <span class='ocrx_word' id='word_1_236' title='bbox 1392 1131 1458 1163; x_wconf 83' lang='lat' dir='ltr'><strong>sore</strong></span> <span class='ocrx_word' id='word_1_237' title='bbox 1476 1131 1507 1163; x_wconf 94' lang='lat' dir='ltr'><strong>in</strong></span> <span class='ocrx_word' id='word_1_238' title='bbox 1522 1131 1658 1164; x_wconf 89' lang='lat' dir='ltr'><strong>Domino</strong></span> <span class='ocrx_word' id='word_1_239' title='bbox 1673 1134 1898 1167; x_wconf 87' lang='lat' dir='ltr'><strong>arbitramur&#39;.</strong></span> 
     </span>
    </p>
   </div>
   <div class='ocr_carea' id='block_1_22' title="bbox 1799 238 2088 276">
    <p class='ocr_par' dir='ltr' id='par_1_33' title="bbox 1799 238 2088 276">
     <span class='ocr_line' id='line_1_57' title="bbox 1799 238 2088 276; baseline 0.024 -6"><span class='ocrx_word' id='word_1_240' title='bbox 1799 238 1861 271; x_wconf 67' lang='lat'><strong>⁶229</strong></span> <span class='ocrx_word' id='word_1_241' title='bbox 1909 249 1957 274; x_wconf 75' lang='grc' dir='ltr'><strong>Αη.</strong></span> <span class='ocrx_word' id='word_1_242' title='bbox 1980 248 2008 275; x_wconf 87' lang='lat' dir='ltr'><strong>c.</strong></span> <span class='ocrx_word' id='word_1_243' title='bbox 2026 250 2088 276; x_wconf 65' lang='grc' dir='ltr'><strong>ωτι</strong></span> 
     </span>
    </p>
   </div>
   <div class='ocr_carea' id='block_1_23' title="bbox 1936 731 2056 750">
    <p class='ocr_par' dir='ltr' id='par_1_34' title="bbox 1936 731 2056 750">
     <span class='ocr_line' id='line_1_58' title="bbox 1936 731 2056 750; baseline 0 0"><span class='ocrx_word' id='word_1_244' title='bbox 1936 731 2056 750; x_wconf 53' lang='lat' dir='ltr'><strong>Ummium.</strong></span> 
     </span>
    </p>
   </div>
   <div class='ocr_carea' id='block_1_24' title="bbox 1208 1181 2092 1229">
    <p class='ocr_par' dir='ltr' id='par_1_35' title="bbox 1208 1181 2092 1229">
     <span class='ocr_line' id='line_1_59' title="bbox 1208 1181 2092 1229; baseline 0.009 -17"><span class='ocrx_word' id='word_1_245' title='bbox 1208 1181 1222 1223; x_wconf 63' lang='grc' dir='ltr'><strong>ἓ</strong></span> <span class='ocrx_word' id='word_1_246' title='bbox 1247 1181 1277 1213; x_wconf 79' lang='grc'><strong>1.</strong></span> <span class='ocrx_word' id='word_1_247' title='bbox 1300 1181 1377 1214; x_wconf 89' lang='lat' dir='ltr'><strong>Cum</strong></span> <span class='ocrx_word' id='word_1_248' title='bbox 1396 1182 1506 1226; x_wconf 86' lang='lat' dir='ltr'><strong>itaque</strong></span> <span class='ocrx_word' id='word_1_249' title='bbox 1523 1185 1727 1218; x_wconf 86' lang='lat' dir='ltr'><strong>commerciis</strong></span> <span class='ocrx_word' id='word_1_250' title='bbox 1745 1192 1777 1218; x_wconf 88' lang='lat' dir='ltr'><strong>et</strong></span> <span class='ocrx_word' id='word_1_251' title='bbox 1801 1197 1900 1229; x_wconf 83' lang='lat' dir='ltr'><strong>nego·</strong></span> <span class='ocrx_word' id='word_1_252' title='bbox 1941 1200 2024 1220; x_wconf 63' lang='lat' dir='ltr'><strong>caum</strong></span> <span class='ocrx_word' id='word_1_253' title='bbox 2039 1200 2092 1220; x_wconf 68' lang='lat' dir='ltr'><strong>eon-</strong></span> 
     </span>
    </p>
   </div>
   <div class='ocr_carea' id='block_1_25' title="bbox 1165 1232 1902 1329">
    <p class='ocr_par' dir='ltr' id='par_1_36' title="bbox 1165 1232 1902 1329">
     <span class='ocr_line' id='line_1_60' title="bbox 1165 1232 1901 1279; baseline 0.011 -16"><span class='ocrx_word' id='word_1_254' title='bbox 1165 1232 1352 1265; x_wconf 83' lang='lat' dir='ltr'><strong>tiationibus</strong></span> <span class='ocrx_word' id='word_1_255' title='bbox 1377 1235 1652 1279; x_wconf 85' lang='lat' dir='ltr'><strong>honestarumque</strong></span> <span class='ocrx_word' id='word_1_256' title='bbox 1671 1238 1786 1270; x_wconf 82' lang='lat' dir='ltr'><strong>artium</strong></span> <span class='ocrx_word' id='word_1_257' title='bbox 1811 1249 1901 1271; x_wconf 83' lang='lat' dir='ltr'><strong>exer-</strong></span> 
     </span>
     <span class='ocr_line' id='line_1_61' title="bbox 1165 1285 1902 1329; baseline 0.009 -12"><span class='ocrx_word' id='word_1_258' title='bbox 1165 1285 1241 1318; x_wconf 89' lang='lat' dir='ltr'><strong>citio</strong></span> <span class='ocrx_word' id='word_1_259' title='bbox 1267 1287 1472 1329; x_wconf 81' lang='lat' dir='ltr'><strong>respublicae</strong></span> <span class='ocrx_word' id='word_1_260' title='bbox 1496 1289 1652 1329; x_wconf 82' lang='lat' dir='ltr'><strong>floreant,</strong></span> <span class='ocrx_word' id='word_1_261' title='bbox 1679 1290 1838 1323; x_wconf 85' lang='lat' dir='ltr'><strong>industria</strong></span> <span class='ocrx_word' id='word_1_262' title='bbox 1861 1291 1902 1323; x_wconf 82' lang='lat' dir='ltr'><strong>vi-</strong></span> 
     </span>
    </p>
   </div>
   <div class='ocr_carea' id='block_1_26' title="bbox 385 1336 1901 1430">
    <p class='ocr_par' dir='ltr' id='par_1_37' title="bbox 385 1336 1901 1430">
     <span class='ocr_line' id='line_1_62' title="bbox 1141 1336 1901 1385; baseline 0.009 -16"><span class='ocrx_word' id='word_1_263' title='bbox 1141 1336 1143 1367; x_wconf 70' lang='grc' dir='ltr'>ἰ</span> <span class='ocrx_word' id='word_1_264' title='bbox 1164 1345 1245 1380; x_wconf 78' lang='lat' dir='ltr'><strong>geat,</strong></span> <span class='ocrx_word' id='word_1_265' title='bbox 1271 1350 1370 1382; x_wconf 83' lang='lat' dir='ltr'><strong>segne</strong></span> <span class='ocrx_word' id='word_1_266' title='bbox 1395 1341 1507 1380; x_wconf 89' lang='lat' dir='ltr'><strong>otium,</strong></span> <span class='ocrx_word' id='word_1_267' title='bbox 1526 1352 1563 1374; x_wconf 85' lang='lat' dir='ltr'><strong>ex</strong></span> <span class='ocrx_word' id='word_1_268' title='bbox 1589 1353 1652 1385; x_wconf 91' lang='lat' dir='ltr'><strong>quo</strong></span> <span class='ocrx_word' id='word_1_269' title='bbox 1671 1343 1809 1385; x_wconf 79' lang='lat' dir='ltr'><strong>plurima</strong></span> <span class='ocrx_word' id='word_1_270' title='bbox 1825 1346 1901 1377; x_wconf 92' lang='lat' dir='ltr'><strong>mali</strong></span> 
     </span>
     <span class='ocr_line' id='line_1_63' title="bbox 385 1387 1143 1430; baseline 0.007 -11"><span class='ocrx_word' id='word_1_271' title='bbox 385 1389 410 1430; x_wconf 83' lang='lat'><strong>†</strong></span> <span class='ocrx_word' id='word_1_272' title='bbox 434 1387 500 1430; x_wconf 84' lang='lat' dir='ltr'><strong>Ego</strong></span> <span class='ocrx_word' id='word_1_273' title='bbox 525 1388 675 1421; x_wconf 83' lang='lat' dir='ltr'><strong>Camillus</strong></span> <span class='ocrx_word' id='word_1_274' title='bbox 701 1389 785 1421; x_wconf 89' lang='lat' dir='ltr'><strong>tituli</strong></span> <span class='ocrx_word' id='word_1_275' title='bbox 810 1389 840 1421; x_wconf 90' lang='lat' dir='ltr'><strong>S.</strong></span> <span class='ocrx_word' id='word_1_276' title='bbox 868 1390 984 1422; x_wconf 87' lang='lat' dir='ltr'><strong>Mariae</strong></span> <span class='ocrx_word' id='word_1_277' title='bbox 1006 1391 1038 1423; x_wconf 90' lang='lat' dir='ltr'><strong>in</strong></span> <span class='ocrx_word' id='word_1_278' title='bbox 1064 1391 1143 1428; x_wconf 64' lang='lat' dir='ltr'>Do-.=</span> 
     </span>
    </p>
   </div>
   <div class='ocr_carea' id='block_1_27' title="bbox 1162 1394 1902 1753">
    <p class='ocr_par' dir='ltr' id='par_1_38' title="bbox 1162 1394 1902 1753">
     <span class='ocr_line' id='line_1_64' title="bbox 1164 1394 1902 1436; baseline 0.009 -14"><span class='ocrx_word' id='word_1_279' title='bbox 1164 1401 1257 1433; x_wconf 84' lang='lat' dir='ltr'><strong>seges</strong></span> <span class='ocrx_word' id='word_1_280' title='bbox 1275 1402 1408 1435; x_wconf 83' lang='lat' dir='ltr'><strong>surgere</strong></span> <span class='ocrx_word' id='word_1_281' title='bbox 1426 1394 1519 1433; x_wconf 90' lang='lat' dir='ltr'><strong>solet,</strong></span> <span class='ocrx_word' id='word_1_282' title='bbox 1539 1396 1783 1436; x_wconf 76' lang='lat' dir='ltr'><strong>exterminetur,</strong></span> <span class='ocrx_word' id='word_1_283' title='bbox 1802 1398 1902 1429; x_wconf 86' lang='lat' dir='ltr'><strong>omni·</strong></span> 
     </span>
     <span class='ocr_line' id='line_1_65' title="bbox 1164 1447 1899 1486; baseline 0.011 -12"><span class='ocrx_word' id='word_1_284' title='bbox 1164 1453 1283 1486; x_wconf 86' lang='lat' dir='ltr'><strong>umque</strong></span> <span class='ocrx_word' id='word_1_285' title='bbox 1307 1455 1417 1477; x_wconf 89' lang='lat' dir='ltr'><strong>rerum</strong></span> <span class='ocrx_word' id='word_1_286' title='bbox 1449 1447 1487 1478; x_wconf 87' lang='lat' dir='ltr'><strong>ad</strong></span> <span class='ocrx_word' id='word_1_287' title='bbox 1513 1447 1609 1479; x_wconf 84' lang='lat' dir='ltr'><strong>vitam</strong></span> <span class='ocrx_word' id='word_1_288' title='bbox 1646 1449 1899 1482; x_wconf 84' lang='lat' dir='ltr'><strong>necessariarum</strong></span> 
     </span>
     <span class='ocr_line' id='line_1_66' title="bbox 1164 1496 1899 1542; baseline 0.008 -14"><span class='ocrx_word' id='word_1_289' title='bbox 1164 1496 1257 1538; x_wconf 83' lang='lat' dir='ltr'><strong>copia</strong></span> <span class='ocrx_word' id='word_1_290' title='bbox 1271 1503 1425 1539; x_wconf 85' lang='lat' dir='ltr'><strong>paretur,</strong></span> <span class='ocrx_word' id='word_1_291' title='bbox 1446 1499 1629 1542; x_wconf 89' lang='lat' dir='ltr'><strong>horumque</strong></span> <span class='ocrx_word' id='word_1_292' title='bbox 1654 1502 1899 1534; x_wconf 87' lang='lat' dir='ltr'><strong>commodorum</strong></span> 
     </span>
     <span class='ocr_line' id='line_1_67' title="bbox 1164 1548 1899 1597; baseline 0.008 -16"><span class='ocrx_word' id='word_1_293' title='bbox 1164 1548 1284 1582; x_wconf 88' lang='lat' dir='ltr'><strong>intuitu</strong></span> <span class='ocrx_word' id='word_1_294' title='bbox 1310 1551 1342 1583; x_wconf 88' lang='lat' dir='ltr'><strong>in</strong></span> <span class='ocrx_word' id='word_1_295' title='bbox 1363 1552 1528 1595; x_wconf 88' lang='lat' dir='ltr'><strong>plerisque</strong></span> <span class='ocrx_word' id='word_1_296' title='bbox 1548 1552 1657 1586; x_wconf 86' lang='lat' dir='ltr'><strong>ltaliae</strong></span> <span class='ocrx_word' id='word_1_297' title='bbox 1678 1554 1815 1597; x_wconf 87' lang='lat' dir='ltr'><strong>aliisque</strong></span> <span class='ocrx_word' id='word_1_298' title='bbox 1844 1556 1899 1588; x_wconf 85' lang='lat' dir='ltr'><strong>sso-</strong></span> 
     </span>
     <span class='ocr_line' id='line_1_68' title="bbox 1164 1602 1900 1639; baseline 0.008 -6"><span class='ocrx_word' id='word_1_299' title='bbox 1164 1602 1354 1635; x_wconf 84' lang='lat' dir='ltr'><strong>rentissimis</strong></span> <span class='ocrx_word' id='word_1_300' title='bbox 1390 1604 1560 1637; x_wconf 86' lang='lat' dir='ltr'><strong>christiani</strong></span> <span class='ocrx_word' id='word_1_301' title='bbox 1597 1606 1685 1638; x_wconf 88' lang='lat' dir='ltr'><strong>orbis</strong></span> <span class='ocrx_word' id='word_1_302' title='bbox 1722 1606 1900 1639; x_wconf 81' lang='lat' dir='ltr'><strong>ditionibus</strong></span> 
     </span>
     <span class='ocr_line' id='line_1_69' title="bbox 1164 1655 1899 1696; baseline 0.005 -10"><span class='ocrx_word' id='word_1_303' title='bbox 1164 1655 1235 1696; x_wconf 83' lang='lat' dir='ltr'><strong>lege</strong></span> <span class='ocrx_word' id='word_1_304' title='bbox 1253 1661 1379 1688; x_wconf 89' lang='lat' dir='ltr'><strong>cautum</strong></span> <span class='ocrx_word' id='word_1_305' title='bbox 1403 1657 1468 1689; x_wconf 83' lang='lat' dir='ltr'><strong>sive</strong></span> <span class='ocrx_word' id='word_1_306' title='bbox 1493 1658 1647 1690; x_wconf 83' lang='lat' dir='ltr'><strong>laudabili</strong></span> <span class='ocrx_word' id='word_1_307' title='bbox 1662 1660 1899 1692; x_wconf 78' lang='lat' dir='ltr'><strong>consuetudine</strong></span> 
     </span>
     <span class='ocr_line' id='line_1_70' title="bbox 1162 1707 1900 1753; baseline 0.007 -15"><span class='ocrx_word' id='word_1_308' title='bbox 1162 1707 1383 1740; x_wconf 89' lang='lat' dir='ltr'><strong>introductum</strong></span> <span class='ocrx_word' id='word_1_309' title='bbox 1408 1709 1450 1741; x_wconf 84' lang='lat' dir='ltr'><strong>sit</strong></span> <span class='ocrx_word' id='word_1_310' title='bbox 1478 1715 1512 1741; x_wconf 93' lang='lat' dir='ltr'><strong>ut</strong></span> <span class='ocrx_word' id='word_1_311' title='bbox 1530 1711 1653 1742; x_wconf 90' lang='lat' dir='ltr'><strong>nullum</strong></span> <span class='ocrx_word' id='word_1_312' title='bbox 1671 1721 1728 1753; x_wconf 84' lang='lat' dir='ltr'><strong>per</strong></span> <span class='ocrx_word' id='word_1_313' title='bbox 1745 1721 1900 1745; x_wconf 86' lang='lat' dir='ltr'><strong>commer-</strong></span> 
     </span>
    </p>
   </div>
   <div class='ocr_carea' id='block_1_28' title="bbox 1140 1760 1852 1804">
    <p class='ocr_par' dir='ltr' id='par_1_39' title="bbox 1140 1760 1852 1804">
     <span class='ocr_line' id='line_1_71' title="bbox 1140 1760 1852 1804; baseline 0.007 -12"><span class='ocrx_word' id='word_1_314' title='bbox 1140 1794 1142 1802; x_wconf 53' lang='grc'>,</span> <span class='ocrx_word' id='word_1_315' title='bbox 1163 1760 1212 1792; x_wconf 85' lang='lat' dir='ltr'><strong>cia</strong></span> <span class='ocrx_word' id='word_1_316' title='bbox 1237 1761 1395 1793; x_wconf 80' lang='lat' dir='ltr'><strong>nobilitati</strong></span> <span class='ocrx_word' id='word_1_317' title='bbox 1421 1762 1656 1804; x_wconf 87' lang='lat' dir='ltr'><strong>praeiudicium</strong></span> <span class='ocrx_word' id='word_1_318' title='bbox 1681 1763 1852 1797; x_wconf 84' lang='lat' dir='ltr'><strong>inseratur:</strong></span> 
     </span>
    </p>
   </div>
   <div class='ocr_carea' id='block_1_29' title="bbox 1909 1229 2034 1247">
    <p class='ocr_par' dir='ltr' id='par_1_40' title="bbox 1909 1229 2034 1247">
     <span class='ocr_line' id='line_1_72' title="bbox 1909 1229 2034 1247; baseline 0.008 -1"><span class='ocrx_word' id='word_1_319' title='bbox 1909 1229 2034 1247; x_wconf 69' lang='lat' dir='ltr'><strong>»tutuno-m.</strong></span> 
     </span>
    </p>
   </div>
   <div class='ocr_carea' id='block_1_30' title="bbox 1206 1814 2090 1861">
    <p class='ocr_par' dir='ltr' id='par_1_41' title="bbox 1206 1814 2090 1861">
     <span class='ocr_line' id='line_1_73' title="bbox 1206 1814 2090 1861; baseline 0.007 -16"><span class='ocrx_word' id='word_1_320' title='bbox 1206 1815 1220 1856; x_wconf 62' lang='lat' dir='ltr'>g</span> <span class='ocrx_word' id='word_1_321' title='bbox 1246 1814 1276 1846; x_wconf 75' lang='lat'><strong>⁶2.</strong></span> <span class='ocrx_word' id='word_1_322' title='bbox 1303 1814 1365 1847; x_wconf 88' lang='lat' dir='ltr'><strong>Nos</strong></span> <span class='ocrx_word' id='word_1_323' title='bbox 1391 1815 1521 1857; x_wconf 82' lang='lat' dir='ltr'><strong>dignam</strong></span> <span class='ocrx_word' id='word_1_324' title='bbox 1545 1827 1678 1850; x_wconf 86' lang='lat' dir='ltr'><strong>munere</strong></span> <span class='ocrx_word' id='word_1_325' title='bbox 1703 1822 1815 1850; x_wconf 86' lang='lat' dir='ltr'><strong>nostro</strong></span> <span class='ocrx_word' id='word_1_326' title='bbox 1845 1829 1898 1861; x_wconf 84' lang='lat' dir='ltr'><strong>pa·</strong></span> <span class='ocrx_word' id='word_1_327' title='bbox 1935 1828 2013 1849; x_wconf 67' lang='lat' dir='ltr'><strong>suum</strong></span> <span class='ocrx_word' id='word_1_328' title='bbox 2033 1832 2054 1851; x_wconf 67' lang='lat' dir='ltr'><strong>ut</strong></span> <span class='ocrx_word' id='word_1_329' title='bbox 2071 1836 2090 1851; x_wconf 71' lang='lat' dir='ltr'><em>m</em></span> 
     </span>
    </p>
   </div>
   <div class='ocr_carea' id='block_1_31' title="bbox 1140 1870 1898 1915">
    <p class='ocr_par' dir='ltr' id='par_1_42' title="bbox 1140 1870 1898 1915">
     <span class='ocr_line' id='line_1_74' title="bbox 1140 1870 1898 1915; baseline 0.008 -18"><span class='ocrx_word' id='word_1_330' title='bbox 1140 1894 1141 1915; x_wconf 30' lang='grc' dir='ltr'><strong>ἶ</strong></span> <span class='ocrx_word' id='word_1_331' title='bbox 1162 1870 1339 1909; x_wconf 78' lang='lat' dir='ltr'><strong>ternaeque</strong></span> <span class='ocrx_word' id='word_1_332' title='bbox 1372 1877 1449 1909; x_wconf 84' lang='lat' dir='ltr'><strong>erga</strong></span> <span class='ocrx_word' id='word_1_333' title='bbox 1484 1874 1613 1902; x_wconf 86' lang='lat' dir='ltr'><strong>nostros</strong></span> <span class='ocrx_word' id='word_1_334' title='bbox 1637 1875 1669 1902; x_wconf 91' lang='lat' dir='ltr'><strong>et</strong></span> <span class='ocrx_word' id='word_1_335' title='bbox 1691 1870 1782 1902; x_wconf 88' lang='lat' dir='ltr'><strong>Sedis</strong></span> <span class='ocrx_word' id='word_1_336' title='bbox 1806 1881 1898 1913; x_wconf 87' lang='lat' dir='ltr'><strong>prae-</strong></span> 
     </span>
    </p>
   </div>
   <div class='ocr_carea' id='block_1_32' title="bbox 1162 1918 1895 1965">
    <p class='ocr_par' dir='ltr' id='par_1_43' title="bbox 1162 1918 1895 1965">
     <span class='ocr_line' id='line_1_75' title="bbox 1162 1918 1895 1965; baseline 0.008 -15"><span class='ocrx_word' id='word_1_337' title='bbox 1162 1918 1267 1951; x_wconf 82' lang='lat' dir='ltr'><strong>dictae</strong></span> <span class='ocrx_word' id='word_1_338' title='bbox 1303 1920 1448 1952; x_wconf 88' lang='lat' dir='ltr'><strong>subditos</strong></span> <span class='ocrx_word' id='word_1_339' title='bbox 1480 1921 1629 1954; x_wconf 82' lang='lat' dir='ltr'><strong>charitati</strong></span> <span class='ocrx_word' id='word_1_340' title='bbox 1665 1929 1895 1965; x_wconf 78' lang='lat' dir='ltr'><strong>congruentem</strong></span> 
     </span>
    </p>
   </div>
   <div class='ocr_carea' id='block_1_33' title="bbox 1139 1972 1899 2174">
    <p class='ocr_par' dir='ltr' id='par_1_44' title="bbox 1139 1972 1899 2174">
     <span class='ocr_line' id='line_1_76' title="bbox 1140 1972 1898 2014; baseline 0.007 -11"><span class='ocrx_word' id='word_1_341' title='bbox 1140 1993 1141 2002; x_wconf 45' lang='lat'>1</span> <span class='ocrx_word' id='word_1_342' title='bbox 1162 1982 1229 2004; x_wconf 84' lang='lat' dir='ltr'><strong>rem</strong></span> <span class='ocrx_word' id='word_1_343' title='bbox 1254 1972 1365 2004; x_wconf 82' lang='lat' dir='ltr'><strong>facturi</strong></span> <span class='ocrx_word' id='word_1_344' title='bbox 1390 1973 1484 2006; x_wconf 84' lang='lat' dir='ltr'><strong>nobis</strong></span> <span class='ocrx_word' id='word_1_345' title='bbox 1511 1975 1665 2014; x_wconf 89' lang='lat' dir='ltr'><strong>videmur,</strong></span> <span class='ocrx_word' id='word_1_346' title='bbox 1684 1975 1708 2007; x_wconf 89' lang='lat' dir='ltr'><strong>si</strong></span> <span class='ocrx_word' id='word_1_347' title='bbox 1736 1976 1898 2009; x_wconf 77' lang='lat' dir='ltr'><strong>Romanae</strong></span> 
     </span>
     <span class='ocr_line' id='line_1_77' title="bbox 1140 2026 1898 2072; baseline 0.008 -16"><span class='ocrx_word' id='word_1_348' title='bbox 1140 2026 1141 2030; x_wconf 79' lang='grc'>’</span> <span class='ocrx_word' id='word_1_349' title='bbox 1162 2035 1304 2068; x_wconf 85' lang='lat' dir='ltr'><strong>quoque,</strong></span> <span class='ocrx_word' id='word_1_350' title='bbox 1333 2036 1427 2068; x_wconf 91' lang='lat' dir='ltr'><strong>quam</strong></span> <span class='ocrx_word' id='word_1_351' title='bbox 1451 2027 1606 2069; x_wconf 79' lang='lat' dir='ltr'><strong>peculiari</strong></span> <span class='ocrx_word' id='word_1_352' title='bbox 1633 2028 1809 2061; x_wconf 88' lang='lat' dir='ltr'><strong>dilectione</strong></span> <span class='ocrx_word' id='word_1_353' title='bbox 1827 2039 1898 2072; x_wconf 91' lang='lat' dir='ltr'><strong>pro·</strong></span> 
     </span>
     <span class='ocr_line' id='line_1_78' title="bbox 1140 2078 1899 2122; baseline 0.005 -13"><span class='ocrx_word' id='word_1_354' title='bbox 1140 2115 1141 2118; x_wconf 11' lang='grc' dir='ltr'><strong>Ἴ</strong></span> <span class='ocrx_word' id='word_1_355' title='bbox 1162 2078 1338 2120; x_wconf 82' lang='lat' dir='ltr'><strong>sequimur,</strong></span> <span class='ocrx_word' id='word_1_356' title='bbox 1359 2084 1604 2122; x_wconf 86' lang='lat' dir='ltr'><strong>ceterarumque</strong></span> <span class='ocrx_word' id='word_1_357' title='bbox 1625 2080 1787 2113; x_wconf 85' lang='lat' dir='ltr'><strong>civitatum</strong></span> <span class='ocrx_word' id='word_1_358' title='bbox 1806 2087 1839 2113; x_wconf 89' lang='lat' dir='ltr'><strong>et</strong></span> <span class='ocrx_word' id='word_1_359' title='bbox 1856 2083 1899 2114; x_wconf 89' lang='lat' dir='ltr'><strong>lo-</strong></span> 
     </span>
     <span class='ocr_line' id='line_1_79' title="bbox 1139 2128 1896 2174; baseline 0.004 -11"><span class='ocrx_word' id='word_1_360' title='bbox 1139 2128 1141 2153; x_wconf 74' lang='lat'><strong>1</strong></span> <span class='ocrx_word' id='word_1_361' title='bbox 1162 2141 1273 2164; x_wconf 89' lang='lat' dir='ltr'><strong>corum</strong></span> <span class='ocrx_word' id='word_1_362' title='bbox 1300 2132 1484 2174; x_wconf 83' lang='lat' dir='ltr'><strong>temporalis</strong></span> <span class='ocrx_word' id='word_1_363' title='bbox 1497 2133 1528 2165; x_wconf 92' lang='lat' dir='ltr'><strong>S.</strong></span> <span class='ocrx_word' id='word_1_364' title='bbox 1553 2133 1589 2165; x_wconf 82' lang='lat' dir='ltr'>R.</span> <span class='ocrx_word' id='word_1_365' title='bbox 1607 2133 1639 2165; x_wconf 91' lang='lat' dir='ltr'>E.</span> <span class='ocrx_word' id='word_1_366' title='bbox 1661 2134 1793 2166; x_wconf 85' lang='lat' dir='ltr'><strong>ditionis</strong></span> <span class='ocrx_word' id='word_1_367' title='bbox 1810 2135 1896 2167; x_wconf 90' lang='lat' dir='ltr'><strong>nobi-</strong></span> 
     </span>
    </p>
   </div>
   <div class='ocr_carea' id='block_1_34' title="bbox 1162 2185 1895 2228">
    <p class='ocr_par' dir='ltr' id='par_1_45' title="bbox 1162 2185 1895 2228">
     <span class='ocr_line' id='line_1_80' title="bbox 1162 2185 1895 2228; baseline 0.005 -12"><span class='ocrx_word' id='word_1_368' title='bbox 1162 2185 1243 2216; x_wconf 89' lang='lat' dir='ltr'><strong>litati</strong></span> <span class='ocrx_word' id='word_1_369' title='bbox 1269 2195 1398 2227; x_wconf 88' lang='lat' dir='ltr'><strong>operam</strong></span> <span class='ocrx_word' id='word_1_370' title='bbox 1425 2191 1519 2228; x_wconf 88' lang='lat' dir='ltr'><strong>atque</strong></span> <span class='ocrx_word' id='word_1_371' title='bbox 1545 2187 1735 2219; x_wconf 82' lang='lat' dir='ltr'><strong>industriam</strong></span> <span class='ocrx_word' id='word_1_372' title='bbox 1757 2188 1895 2220; x_wconf 88' lang='lat' dir='ltr'><strong>honeste</strong></span> 
     </span>
    </p>
   </div>
   <div class='ocr_carea' id='block_1_35' title="bbox 1139 2237 1896 2336">
    <p class='ocr_par' dir='ltr' id='par_1_46' title="bbox 1139 2237 1896 2336">
     <span class='ocr_line' id='line_1_81' title="bbox 1139 2237 1893 2282; baseline 0.007 -14"><span class='ocrx_word' id='word_1_373' title='bbox 1139 2237 1349 2280; x_wconf 28' lang='lat' dir='ltr'><strong>2utiliterque</strong></span> <span class='ocrx_word' id='word_1_374' title='bbox 1383 2239 1557 2271; x_wconf 73' lang='lat' dir='ltr'><strong>exercendi</strong></span> <span class='ocrx_word' id='word_1_375' title='bbox 1589 2250 1625 2271; x_wconf 87' lang='lat' dir='ltr'><strong>ac</strong></span> <span class='ocrx_word' id='word_1_376' title='bbox 1662 2240 1893 2282; x_wconf 83' lang='lat' dir='ltr'><strong>patrimonium</strong></span> 
     </span>
     <span class='ocr_line' id='line_1_82' title="bbox 1139 2289 1896 2336; baseline 0.004 -13"><span class='ocrx_word' id='word_1_377' title='bbox 1139 2293 1140 2323; x_wconf 75' lang='grc' dir='ltr'>ἶ</span> <span class='ocrx_word' id='word_1_378' title='bbox 1161 2289 1230 2322; x_wconf 88' lang='lat' dir='ltr'><strong>sine</strong></span> <span class='ocrx_word' id='word_1_379' title='bbox 1263 2290 1451 2332; x_wconf 88' lang='lat' dir='ltr'><strong>cuiusquam</strong></span> <span class='ocrx_word' id='word_1_380' title='bbox 1484 2291 1600 2323; x_wconf 78' lang='lat' dir='ltr'><strong>iniuria</strong></span> <span class='ocrx_word' id='word_1_381' title='bbox 1626 2293 1762 2334; x_wconf 78' lang='lat' dir='ltr'><strong>augendi</strong></span> <span class='ocrx_word' id='word_1_382' title='bbox 1785 2304 1896 2336; x_wconf 85' lang='lat' dir='ltr'><strong>parem</strong></span> 
     </span>
    </p>
   </div>
   <div class='ocr_carea' id='block_1_36' title="bbox 1161 2344 1897 2653">
    <p class='ocr_par' dir='ltr' id='par_1_47' title="bbox 1162 2344 1896 2389">
     <span class='ocr_line' id='line_1_83' title="bbox 1162 2344 1896 2389; baseline 0.007 -15"><span class='ocrx_word' id='word_1_383' title='bbox 1162 2344 1338 2375; x_wconf 86' lang='lat' dir='ltr'><strong>tribuamus</strong></span> <span class='ocrx_word' id='word_1_384' title='bbox 1355 2350 1561 2386; x_wconf 82' lang='lat' dir='ltr'><strong>potestatem.</strong></span> <span class='ocrx_word' id='word_1_385' title='bbox 1583 2345 1664 2378; x_wconf 83' lang='lat' dir='ltr'><strong>Motu</strong></span> <span class='ocrx_word' id='word_1_386' title='bbox 1691 2346 1797 2388; x_wconf 83' lang='lat' dir='ltr'><strong>itaque</strong></span> <span class='ocrx_word' id='word_1_387' title='bbox 1823 2357 1896 2389; x_wconf 85' lang='lat' dir='ltr'><strong>pro-</strong></span> 
     </span>
    </p>

    <p class='ocr_par' dir='ltr' id='par_1_48' title="bbox 1161 2396 1897 2441">
     <span class='ocr_line' id='line_1_84' title="bbox 1161 2396 1897 2441; baseline 0.005 -14"><span class='ocrx_word' id='word_1_388' title='bbox 1161 2396 1243 2438; x_wconf 85' lang='lat' dir='ltr'><strong>prio,</strong></span> <span class='ocrx_word' id='word_1_389' title='bbox 1259 2406 1323 2428; x_wconf 92' lang='lat' dir='ltr'><strong>non</strong></span> <span class='ocrx_word' id='word_1_390' title='bbox 1341 2397 1378 2428; x_wconf 88' lang='lat' dir='ltr'><strong>ad</strong></span> <span class='ocrx_word' id='word_1_391' title='bbox 1399 2397 1588 2440; x_wconf 85' lang='lat' dir='ltr'><strong>cuiusquam</strong></span> <span class='ocrx_word' id='word_1_392' title='bbox 1607 2398 1702 2430; x_wconf 89' lang='lat' dir='ltr'><strong>nobis</strong></span> <span class='ocrx_word' id='word_1_393' title='bbox 1721 2409 1818 2441; x_wconf 76' lang='lat' dir='ltr'><strong>super</strong></span> <span class='ocrx_word' id='word_1_394' title='bbox 1835 2399 1897 2431; x_wconf 84' lang='lat' dir='ltr'><strong>hoc</strong></span> 
     </span>
    </p>

    <p class='ocr_par' dir='ltr' id='par_1_49' title="bbox 1161 2449 1894 2492">
     <span class='ocr_line' id='line_1_85' title="bbox 1161 2449 1894 2492; baseline 0.005 -12"><span class='ocrx_word' id='word_1_395' title='bbox 1161 2449 1286 2481; x_wconf 85' lang='lat' dir='ltr'><strong>oblatae</strong></span> <span class='ocrx_word' id='word_1_396' title='bbox 1323 2449 1491 2492; x_wconf 85' lang='lat' dir='ltr'><strong>petitionis</strong></span> <span class='ocrx_word' id='word_1_397' title='bbox 1527 2450 1741 2491; x_wconf 72' lang='lat' dir='ltr'><strong>instantiam,</strong></span> <span class='ocrx_word' id='word_1_398' title='bbox 1775 2453 1831 2484; x_wconf 85' lang='lat' dir='ltr'><strong>sed</strong></span> <span class='ocrx_word' id='word_1_399' title='bbox 1858 2462 1894 2484; x_wconf 88' lang='lat' dir='ltr'><strong>ex</strong></span> 
     </span>
    </p>

    <p class='ocr_par' dir='ltr' id='par_1_50' title="bbox 1161 2501 1893 2537">
     <span class='ocr_line' id='line_1_86' title="bbox 1161 2501 1893 2537; baseline 0.007 -5"><span class='ocrx_word' id='word_1_400' title='bbox 1161 2503 1250 2533; x_wconf 79' lang='lat' dir='ltr'><strong>certa</strong></span> <span class='ocrx_word' id='word_1_401' title='bbox 1274 2501 1410 2534; x_wconf 78' lang='lat' dir='ltr'><strong>scientia</strong></span> <span class='ocrx_word' id='word_1_402' title='bbox 1436 2507 1469 2534; x_wconf 88' lang='lat' dir='ltr'><strong>et</strong></span> <span class='ocrx_word' id='word_1_403' title='bbox 1499 2506 1623 2536; x_wconf 80' lang='lat' dir='ltr'><strong>matura</strong></span> <span class='ocrx_word' id='word_1_404' title='bbox 1657 2504 1893 2537; x_wconf 85' lang='lat' dir='ltr'><strong>deliberatione</strong></span> 
     </span>
    </p>

    <p class='ocr_par' dir='ltr' id='par_1_51' title="bbox 1161 2554 1891 2653">
     <span class='ocr_line' id='line_1_87' title="bbox 1161 2554 1891 2599; baseline 0.005 -14"><span class='ocrx_word' id='word_1_405' title='bbox 1161 2554 1302 2594; x_wconf 84' lang='lat' dir='ltr'><strong>nostris,</strong></span> <span class='ocrx_word' id='word_1_406' title='bbox 1344 2555 1447 2597; x_wconf 87' lang='lat' dir='ltr'><strong>deque</strong></span> <span class='ocrx_word' id='word_1_407' title='bbox 1488 2556 1685 2598; x_wconf 82' lang='lat' dir='ltr'><strong>apostolicae</strong></span> <span class='ocrx_word' id='word_1_408' title='bbox 1724 2556 1891 2599; x_wconf 81' lang='lat' dir='ltr'><strong>potestatis</strong></span> 
     </span>
     <span class='ocr_line' id='line_1_88' title="bbox 1198 2615 1708 2653; baseline 0.006 -12"><span class='ocrx_word' id='word_1_409' title='bbox 1198 2616 1208 2641; x_wconf 81' lang='lat'>1</span> <span class='ocrx_word' id='word_1_410' title='bbox 1232 2615 1324 2642; x_wconf 81' lang='lat' dir='ltr'><strong>Potius</strong></span> <span class='ocrx_word' id='word_1_411' title='bbox 1343 2615 1401 2651; x_wconf 82' lang='lat' dir='ltr'><strong>lege</strong></span> <span class='ocrx_word' id='word_1_412' title='bbox 1420 2617 1582 2644; x_wconf 79' lang='lat' dir='ltr'><strong>arbitratur</strong></span> <span class='ocrx_word' id='word_1_413' title='bbox 1599 2619 1639 2652; x_wconf 74' lang='lat' dir='ltr'><strong>(a.</strong></span> <span class='ocrx_word' id='word_1_414' title='bbox 1660 2618 1708 2653; x_wconf 61' lang='lat' dir='ltr'><strong>r).</strong></span> 
     </span>
    </p>
   </div>
   <div class='ocr_carea' id='block_1_37' title="bbox 1909 1856 2001 1876">
    <p class='ocr_par' dir='ltr' id='par_1_52' title="bbox 1909 1856 2001 1876">
     <span class='ocr_line' id='line_1_89' title="bbox 1909 1856 2001 1876; baseline 0.011 -1"><span class='ocrx_word' id='word_1_415' title='bbox 1909 1856 2001 1876; x_wconf 68' lang='lat' dir='ltr'><strong>rubrica.</strong></span> 
     </span>
    </p>
   </div>
  </div>
 </body>
</html>
