2279 3260
176 215 230 244 Au.
251 215 281 244 C.
298 215 365 244 1676

998 212 1140 249 craneus
1161 214 1181 239 x
1204 214 1253 239 Pr.

372 264 484 309 palmi,
518 264 616 298 altum
642 273 718 297 vero
742 273 804 306 per
828 263 971 307 palmum
989 274 1005 295 a
1024 265 1109 295 terra

373 322 405 350 et
430 318 512 351 duos
539 317 669 360 digitos.
703 316 870 360 Caputium
902 315 1035 348 interius
1069 315 1111 348 sit

373 371 471 404 etiam
492 380 528 403 ex
554 371 667 404 eodem
687 380 781 402 sacco
800 371 881 409 albo,
901 375 933 401 et
949 368 1107 408 strictum,

372 433 433 457 nec
449 423 537 457 illius
554 428 644 456 acuta
663 423 845 455 extremitas
862 423 900 456 ad
918 421 1110 455 cinctorium

372 487 432 520 per
452 482 589 520 quatuor
613 477 733 519 digitos
758 478 903 510 accedat.

417 540 453 563 11.
481 530 589 573 Cappa
613 530 653 562 sit
677 540 713 563 ex
740 530 813 562 rudi
839 540 934 563 saeco
952 529 1032 564 susci
1058 539 1112 562 co-

372 583 464 623 loris,
484 584 606 623 stricta,
624 583 693 616 sine
710 583 888 626 plicaturis,
910 583 973 615 alta
990 593 1007 614 a
1025 582 1110 614 terra

372 646 431 679 per
456 636 623 669 dimidiam
648 638 756 669 ulnam
776 642 807 669 et
825 642 963 679 quatuor
980 635 1108 678 digitos.

373 688 541 732 Caputium
560 690 702 722 exterius
719 689 761 721 sit
779 689 874 722 etiam
894 688 973 721 susci
991 687 1111 721 coloris

373 748 406 776 et
430 745 565 786 aequale
602 743 764 776 interiori.
803 743 970 775 Mensurae
1006 747 1111 774 autem

372 796 559 839 praedictae
585 796 796 839 accipiendae
818 801 894 827 sunt
911 795 950 827 de
968 795 1043 828 ulna
1060 804 1111 826 ca-

373 850 522 882 stellana.

415 913 463 936 111.
491 902 653 945 Corrigiae
685 902 749 934 sint
785 902 897 944 nigrae
934 906 967 933 et
991 900 1110 942 absque

373 957 480 1000 aliqua
504 956 702 993 curiositate,
723 957 847 998 amplae
874 955 911 987 ad
939 959 1004 986 tres
1030 953 1112 995 digi-

373 1015 423 1043 tos
449 1015 481 1043 et
505 1010 607 1041 tribus
633 1009 801 1051 longiores
820 1007 1014 1051 scapulario.
1034 1007 1112 1039 San-

374 1062 460 1095 dalia
483 1061 547 1095 sint
571 1072 607 1094 ex
634 1071 765 1104 canape,
787 1071 843 1093 seu
869 1065 991 1104 sparto,
1018 1059 1111 1092 unius

371 1115 493 1154 soleae,
506 1120 538 1147 et
557 1125 593 1147 ex
613 1115 698 1147 omni
713 1119 807 1158 parte
822 1119 968 1157 ape1·tae;
987 1113 1111 1146 zoccoli

373 1177 410 1200 ex
437 1167 527 1210 ligno
552 1177 625 1199 cum
650 1167 800 1209 corrigiis
826 1167 985 1209 angustis.

418 1230 460 1253 iv.
488 1220 630 1253 Tunicae
661 1220 866 1252 immediatae
893 1219 1023 1262 corpori
1049 1219 1114 1251 sint

374 1283 411 1306 ex
429 1273 581 1306 stameria
598 1273 671 1306 alba
688 1279 721 1305 et
737 1273 828 1310 rudi;
850 1273 1019 1305 femoralia
1035 1283 1111 1305 vero

374 1337 410 1359 ex
435 1326 502 1360 lino
522 1326 595 1358 rudi
621 1330 653 1358 et
670 1326 831 1358 communi
847 1337 854 1366 ·,
871 1327 1047 1368 nullusque
1065 1335 1114 1357 re-

372 1380 508 1423 ligiosus
534 1385 597 1413 tam
623 1380 694 1413 illas
721 1390 814 1423 quam
841 1379 903 1412 ista
928 1379 1113 1412 mundanda

373 1433 479 1466 tradat
514 1438 686 1466 extraneae
721 1443 878 1476 personae
916 1433 1056 1476 privatae
1083 1437 1114 1464 et

374 1486 544 1519 distinctae
563 1486 602 1518 ab
620 1487 667 1525 ea,
685 1496 766 1529 quae
792 1485 907 1518 similia
923 1485 1114 1518 vestimenta

375 1540 616 1574 communitatis
641 1539 739 1572 totius
766 1539 935 1581 abstergit.

418 1604 447 1625 v.
482 1593 627 1626 Linteola
653 1602 710 1635 pro
736 1593 949 1635 emungendis
980 1591 1114 1624 naribus

375 1646 441 1679 sint
476 1656 511 1679 ex
548 1647 633 1685 lana,
669 1650 700 1678 et
735 1645 834 1687 galeri
859 1656 918 1688 pro
943 1644 1136 1677 itineribus³

375 1699 532 1733 faciendis
559 1699 641 1741 nigri
666 1699 716 1731 vel
738 1698 815 1731 susci
841 1699 970 1731 coloris.

418 1763 460 1786 vi.
488 1752 604 1785 Novitii
642 1752 762 1785 eisdem
798 1752 942 1784 vestibus
971 1758 1112 1793 utantur,

376 1810 511 1849 excepto
536 1805 620 1848 quod
647 1810 785 1848 quatuor
810 1805 1028 1838 extremitates
1053 1816 1115 1839 sea·

375 1858 494 1902 pularii
526 1863 619 1890 erunt
645 1857 855 1891 circumcisae
881 1859 932 1891 vel
957 1864 1112 1892 retortae.
1136 1890 1138 1899 ,

420 1910 619 1955 Quicumque
645 1916 756 1944 contra
782 1917 899 1944 statuta
925 1912 957 1944 in
984 1912 1046 1945 hoe
1066 1922 1139 1945 ea-y

374 1965 481 2009 pitulo
506 1966 555 1998 vel
581 1965 614 1997 in
638 1970 705 1998 toto
732 1967 779 1998 vel
805 1965 838 1997 in
864 1971 955 2008 parte
992 1965 1114 2006 fecerit,

375 2018 530 2062 puniatur
553 2020 658 2061 poena
680 2018 766 2061 gravi
785 2029 959 2061 perunum
977 2024 1030 2051 aut
1046 2019 1116 2062 plu-

376 2081 427 2105 res
452 2072 520 2105 dies
545 2072 631 2104 iuxta
658 2072 847 2115 qualitatem
872 2073 999 2116 culpae.

408 2152 538 2182 Renum
561 2161 654 2182 carrr
678 2152 737 2182 Vll.
762 2171 799 2174 —
827 2152 966 2182 Faciant
987 2152 1020 2181 in
1039 2152 1089 2182 la-

664 2201 747 2237 neis,
773 2205 834 2230 etc.

450 2267 539 2306 Caput
561 2276 609 2297 vil.
635 2286 669 2290 —-
693 2268 732 2297 De
755 2268 862 2297 lectulis
883 2278 935 2307 pro
956 2269 1044 2298 cubito

595 2319 716 2355 [rutrum
740 2322 903 2347 nostrorwn.

424 2399 447 2425 1.
466 2391 614 2425 Lectulus
632 2392 671 2425 sit
688 2403 725 2426 ex
743 2393 873 2433 tabidi-33
894 2394 961 2426 eius
979 2394 1114 2427 latitudo

380 2445 478 2477 trium
501 2446 683 2488 palmorum
708 2456 779 2478 cum
801 2446 947 2487 dimidio,
977 2447 1114 2481 altitudo

379 2508 455 2531 vero
470 2498 582 2531 tertiae
596 2498 698 2541 partis
711 2500 806 2532 ulnae
822 2501 1027 2539 castellanae,
1043 2511 1114 2533 cum

380 2551 506 2583 duobus
531 2556 652 2583 tantum
677 2553 830 2594 stragulis
855 2553 919 2585 sive
954 2553 1114 2586 lodicibus

380 2605 492 2646 laneis,
514 2610 545 2638 et
569 2604 715 2638 cervicali
741 2616 805 2640 uuo
831 2607 927 2640 ctiam
953 2618 989 2641 ex
1015 2608 1098 2641 lana.

1783 207 1841 242 6⁶21

1196 273 1231 296 Π.
1258 262 1302 296 Ne
1320 268 1427 297 autem
1445 265 1632 309 religiosum
1658 267 1796 309 aliquem
1815 267 1886 299 sine

1153 315 1263 348 habitu
1278 317 1359 349 mori
1374 318 1552 360 contingat,
1569 319 1785 363 pras—cipimus
1800 319 1886 363 quod

1153 379 1266 401 omnes
1290 370 1450 403 dormiant
1474 381 1546 404 cum
1573 373 1756 414 scapulario
1789 381 1886 414 parvo

1153 422 1259 460 laneo,
1277 423 1363 465 quod
1382 423 1514 466 quidem
1534 423 1653 457 infirmi
1675 425 1708 457 in
1726 427 1810 458 lectu
1835 435 1888 458 cu-

1154 474 1268 508 bantes
1294 487 1458 519 nunquam
1485 477 1658 510 dimittant.

1220 564 1348 594 ercistffl
1371 573 1464 595 carui*
1487 565 1560 595 Vlll.
1585 582 1620 587 -
1643 565 1683 595 In
1709 566 1823 606 cappis

1266 616 1296 641 et
1317 613 1514 653 scapulariis
1536 614 1688 649 fratrum,
1712 618 1772 644 etc.

1179 688 1269 726 Caput
1285 697 1343 717 viu.
1359 706 1394 710 —
1407 689 1446 718 Ite
1467 699 1547 719 cruce
1566 691 1703 728 portanda
1725 692 1755 719 iu
1776 692 1864 730 θαρρεῖ

1417 742 1442 767 el
1463 738 1630 777 scapularis).

1198 812 1278 845 Crux
1305 813 1397 846 rubei
1424 819 1456 846 et
1479 814 1600 847 cerulei
1626 815 1769 855 coloris,
1796 825 1891 858 quam

1154 865 1242 897 iuxta
1264 868 1410 908 regulam
1437 873 1568 910 portare
1594 868 1714 901 debent
1746 868 1890 911 religiosi

1154 919 1257 951 nostri
1276 919 1308 952 in
1326 922 1428 963 cappa
1449 926 1480 953 et
1501 922 1690 964 seapulario,
1706 921 1747 954 sit
1771 921 1890 965 absque

1155 971 1282 1005 curiosa
1299 976 1470 1014 structura,
1487 975 1700 1017 longitudinis
1718 975 1814 1008 unius
1828 977 1894 1019 pal-

1155 1024 1209 1065 mi,
1234 1025 1413 1059 latitudinis
1438 1027 1532 1059 unius
1552 1027 1692 1070 pollicis.

1156 1113 1284 1144 REGULAE
1308 1122 1400 1143 CAPUT
1423 1114 1469 1144 tx.
1492 1133 1524 1136 V
1542 1115 1582 1144 In
1603 1119 1722 1146 rasura
1734 1116 1894 1146 ordinem

1208 1161 1244 1191 S.
1267 1162 1412 1192 Victoris
1433 1168 1615 1203 sequantur
1632 1164 1757 1200 clerici,
1777 1169 1837 1194 etc.

1156 1238 1247 1278 Caput
1259 1247 1298 1269 ix.
1315 1257 1349 1260 —
1362 1241 1407 1269 De
1419 1242 1518 1268 rasura⁴
1530 1244 1683 1269 nostrorum
1696 1240 1893 1279 reliyt‘osoiwn.

1200 1325 1221 1347 1.
1248 1314 1375 1347 Fratres
1400 1315 1545 1357 deputati
1563 1316 1603 1348 ad
1620 1316 1757 1348 chorum
1783 1321 1895 1348 tonsu-

1157 1378 1208 1400 ras
1245 1368 1414 1401 clericales
1450 1369 1574 1410 amplas
1601 1368 1760 1408 habeant,
1787 1369 1830 1401 ita
1860 1374 1897 1400 ut

1156 1421 1297 1453 circulus
1323 1421 1514 1464 capillorum
1540 1421 1636 1453 trium
1657 1421 1834 1463 digitorum
1852 1423 1896 1455 la-

1157 1473 1327 1506 titudinem
1359 1484 1425 1506 non
1458 1475 1603 1514 excedat,
1631 1484 1693 1507 nec
1725 1475 1763 1507 ad
1800 1484 1894 1508 aures

1158 1528 1331 1570 pertingat.
1352 1528 1397 1559 Ad
1416 1527 1672 1560 uniformitatem
1697 1533 1804 1560 autem
1828 1538 1896 1560 ser-

1158 1581 1289 1613 vandam
1312 1580 1344 1612 in
1370 1580 1516 1623 qualibet
1546 1581 1642 1613 domo
1668 1581 1709 1613 sit
1732 1591 1895 1621 mensura,

1158 1644 1220 1676 qua
1245 1634 1277 1666 in
1303 1634 1354 1666 die
1380 1644 1510 1666 rasurae
1527 1634 1613 1667 dicta
1629 1634 1743 1667 circuli
1762 1634 1895 1667 latitudo

1158 1691 1357 1718 censuretur.

1201 1749 1236 1772 11.
1257 1739 1340 1771 Laici
1364 1739 1478 1772 barbas
1497 1749 1643 1773 crescere
1661 1740 1805 1774 modeste
1823 1750 1895 1785 per-

1157 1793 1286 1825 mittant
1302 1793 1341 1825 ad
1358 1793 1593 1836 praescriptum
1612 1795 1757 1836 regulae.
1779 1794 1843 1828 Nec
1860 1795 1897 1828 ila

1158 1847 1197 1880 lis
1213 1857 1357 1889 unquam
1372 1846 1531 1880 clericalis
1547 1858 1667 1880 corona
1684 1849 1892 1882 concedatur.

1158 1937 1288 1966 REGULAE
1311 1944 1404 1966 carm
1427 1935 1460 1966 X.
1487 1954 1520 1957 —
1553 1936 1674 1966 Asinos
1695 1936 1765 1967 sive
1786 1937 1895 1968 mulos

1296 1985 1392 2016 liceat
1415 1985 1462 2016 eis
1484 1985 1674 2022 ascendere,
1690 1990 1751 2016 etc.

1158 2062 1248 2101 Caput
1269 2071 1297 2091 x.
1323 2079 1357 2083 —
1382 2061 1420 2091 De
1447 2061 1488 2091 his
1517 2072 1585 2100 qnae
1607 2064 1710 2101 fratres
1735 2063 1828 2092 debent
1854 2062 1896 2092 ob-

1197 2120 1309 2140 servare
1335 2111 1441 2149 quando
1463 2112 1513 2140 iter
1528 2112 1647 2150 faciunt,
1665 2116 1690 2141 ct
1712 2112 1743 2142 de
1759 2112 1834 2141 modo
1847 2121 1895 2151 pe*

1197 2160 1272 2188 tendi
1293 2159 1483 2197 eleemosynas.

1202 2246 1224 2269 1.
1240 2235 1313 2268 Muli
1331 2235 1395 2268 sive
1412 2236 1528 2277 mulae,
1540 2246 1617 2279 quas
1636 2236 1751 2269 fratres
1766 2242 1894 2270 nostros

1158 2289 1335 2322 ascendere.
1371 2289 1483 2331 regula
1518 2289 1687 2332 permittit,
1722 2290 1895 2323 mediocris

1158 2342 1221 2375 sint
1245 2347 1388 2383 statura;
1424 2342 1699 2385 exhortamurque
1723 2343 1895 2386 religiosos

1158 2401 1192 2428 ut
1217 2401 1329 2428 curent
1355 2396 1529 2428 observare
1555 2395 1750 2428 laudabilem
1768 2395 1896 2429 Ordinis

1158 2449 1429 2482 cousuetudinem
1455 2449 1562 2481 asinos
1588 2449 1798 2481 ascendendi.

1202 2512 1237 2535 Π.
1264 2501 1397 2540 Quando
1434 2502 1579 2544 religiosi
1616 2502 1677 2534 iter
1712 2501 1833 2534 faciunt
1863 2503 1896 2536 in

1159 2555 1254 2587 mulis
1278 2555 1423 2598 propriis
1454 2556 1633 2598 religionis,
1665 2566 1729 2588 non
1764 2560 1896 2589 utantur

1160 2608 1325 2653 ephippiis
1352 2609 1417 2642 sire
1442 2609 1553 2649 sellis,
1580 2609 1633 2642 scd
1660 2608 1802 2650 clitellis,
1829 2619 1896 2644 non

1893 216 1942 243 Λη.
1963 216 1992 244 C.
2011 217 2080 245 1676

1933 2241 1972 2268 ξι.
1989 2239 2018 2263 Do
2029 2243 2090 2263 iuna⁵

1907 2269 2009 2289 rantibus.
