2279 3260
252 249 289 267 Λιι
323 243 340 266 C
370 243 438 269 1672
484 247 548 267 «ιο

249 303 286 321 {alt
330 303 429 321 itu-turma

250 331 378 349 {wi-tl'wt'uut
394 336 432 349 cit·

249 357 278 377 git
292 357 374 374 eentum
385 355 430 374 om-

248 386 280 399 ma
291 381 333 400 nuli
345 388 377 400 uin
388 388 431 407 μια-

249 413 299 426 rum.

272 1300 305 1319 Ei<
316 1300 385 1320 dotem
397 1306 429 1320 as-

243 1329 319 1352 signat.

258 2352 357 2381 ‘Obligat
372 2354 420 2371 nota

245 2384 287 2399 rios
315 2384 429 2404 eorumque

444 291 503 323 bus
528 292 693 333 adductus,
712 304 748 326 ac
773 296 958 327 eorumdem
977 293 1175 325 notariorum

443 342 646 377 indemnitati
672 347 842 379 consulere
867 348 989 385 volens,
1006 350 1093 377 motu
1118 355 1175 376 suo

443 397 588 439 proprio,
607 403 736 430 centum
761 398 864 431 osticia
889 398 1026 430 militum
1047 397 1175 440 piorum

442 449 616 482 vendibilia
641 456 736 493 atque
762 449 982 491 resignabilia,
1002 460 1047 487 ae,
1064 449 1103 480 ad
1129 448 1177 480 in-

440 507 506 534 star
530 503 665 535 aliorum
691 502 868 535 officiorum
889 501 1016 543 collegii
1038 501 1175 533 militum

440 554 567 596 piorum
594 554 776 586 huiusmodi
810 559 904 586 antea
937 559 1120 586 erectorum
1145 559 1177 585 et

440 606 669 647 institutorum,
696 607 734 639 ad
771 606 975 648 beneficium,
1004 606 1175 638 utilitatem

440 664 471 690 et
485 660 690 691 commodum
709 659 871 702 praefatae
897 658 1045 691 Gamerae
1061 669 1176 701 perpe-

440 718 492 744 tuo
519 712 684 749 vacabilia,
708 711 852 743 eiusdem
876 716 1022 751 naturae,
1043 711 1173 754 speciei,

440 764 599 796 essentiae
626 769 657 796 et
682 763 854 806 qualitatis,
881 775 1019 806 quorum
1044 763 1175 805 antiqua

440 815 574 848 militum
600 816 728 858 piorum
755 815 861 848 officia
886 816 1077 860 existebant,
1102 827 1175 848 cum

441 879 551 901 eorum
577 869 804 901 emolumentis
829 874 861 901 et
885 872 988 901 massa
1013 869 1059 901 eis
1084 879 1121 901 ex
1148 879 1175 902 e-

441 921 645 953 molumentis
671 926 703 953 et
728 921 908 954 redditibus
935 921 1065 964 collegii
1082 932 1176 964 prae-

442 973 495 1005 fati
520 974 846 1017 proportionabiliter
870 974 1074 1017 assignanda,
1096 985 1171 1017 per-

440 1032 536 1068 seluo
557 1026 659 1059 erexit
682 1032 713 1058 et
730 1026 890 1067 instituit;
911 1027 1029 1070 illaque
1046 1027 1090 1059 sic
1108 1037 1175 1060 ere-

439 1084 488 1110 cta
513 1084 544 1111 et
568 1079 713 1112 instituta
737 1080 868 1122 antiquo
883 1080 1020 1113 militum
1046 1081 1173 1123 piorum

439 1131 655 1173 praefatorum
674 1132 823 1174 collegio,
843 1132 900 1164 sub
918 1132 1013 1164 certis
1030 1133 1126 1165 modo
1144 1138 1175 1165 et

439 1184 541 1215 forma
566 1188 641 1215 tunc
660 1183 828 1226 expressis,
846 1189 1005 1227 perpetuo
1026 1195 1175 1228 aggrega-

438 1235 482 1267 vit
507 1241 538 1267 et
558 1236 788 1278 incorporavit;

484 1290 498 1331 ξ
522 1289 553 1322 3.
582 1290 626 1322 Ac
655 1289 718 1322 illis
742 1290 787 1321 sic
811 1290 926 1323 erectis
953 1296 985 1322 et
1008 1290 1172 1331 institutis,

440 1353 500 1384 pro
527 1352 639 1374 eorum
661 1343 745 1382 dote,
764 1353 820 1374 seu
840 1345 956 1382 massa,
976 1344 1174 1375 emolunien-

441 1395 478 1427 tis
497 1406 531 1427 ae
548 1395 682 1434 iuribus,
697 1406 856 1428 summam
873 1407 1013 1428 annuam
1031 1397 1173 1439 quinque

438 1447 576 1479 millium
605 1453 636 1480 et
667 1448 980 1490 quadringentorum
1012 1454 1172 1481 scutorum

437 1506 596 1540 monetae,
622 1500 716 1532 certis
742 1511 778 1532 ex
798 1506 872 1533 tunc
895 1501 1057 1544 expressis
1077 1502 1174 1534 modo

436 1558 467 1585 et
482 1553 590 1591 forma,
608 1558 642 1584 ut
660 1553 752 1592 infra,
770 1553 895 1591 liberas,
912 1553 1069 1587 immunes
1083 1559 1115 1587 et
1128 1565 1175 1587 ex-

437 1605 589 1648 emptas',
615 1616 650 1637 ex
674 1606 903 1638 emolumentis
930 1606 1173 1649 expeditionum

436 1658 521 1691 inter
546 1659 634 1702 ipsos
661 1659 806 1691 notarios
824 1659 950 1692 ratione
976 1671 1100 1693 massae
1126 1672 1175 1693 eo-

436 1723 506 1744 rum
532 1712 661 1754 collegii
681 1712 962 1755 repartiendorum
981 1718 1012 1746 et
1036 1713 1175 1746 dividen-

437 1765 570 1797 doruni²
587 1770 617 1797 et
633 1776 712 1807 quae
727 1765 757 1797 in
774 1767 902 1798 cumulo
917 1766 1021 1799 dictae
1037 1778 1174 1805 massae,

437 1817 507 1849 aliis
533 1817 671 1860 antiquis
698 1818 853 1850 oneribus
879 1819 1026 1861 superius
1044 1830 1175 1863 expres-

438 1869 481 1901 sis
512 1870 671 1909 detraetis,
688 1875 934 1913 supererant,et
959 1871 1030 1904 aliis
1055 1874 1175 1905 emolu-

439 1922 555 1955 mentis
574 1923 613 1955 (le
632 1934 714 1955 novo
733 1924 875 1956 conferri
891 1924 1006 1964 solitis,
1026 1925 1103 1958 sed³
1119 1926 1176 1958 eis-

438 1975 511 2007 dem
530 1975 670 2015 notariis,
688 1981 722 2007 ut
739 1977 929 2018 praefertur,
949 1982 980 2010 et
997 1978 1074 2011 alias
1097 1990 1175 2022 quo-

438 2028 673 2071 modocumque
688 2029 931 2062 remanentibus
950 2030 1093 2074 (praevia
1107 2043 1175 2075 per-

439 2083 536 2124 petua
562 2080 664 2114 dictae
691 2092 831 2114 summae
856 2082 896 2114 ab
922 2083 991 2116 aliis
1029 2084 1175 2118 eiusdem

439 2133 569 2175 collegii
607 2134 809 2167 notariorum
847 2137 1075 2170 emolumentis
1112 2139 1176 2172 dis-

440 2186 676 2219 membratione
703 2192 798 2230 atque
824 2189 1059 2232 separatione),
1080 2191 1175 2223 etiarn

440 2243 616 2281 perpetuo,
656 2240 715 2272 sub
751 2251 878 2283 quoque
916 2247 990 2274 tunc
1015 2244 1173 2285 expressis

442 2292 538 2324 inodo
559 2297 590 2324 et
612 2292 725 2333 forma,
749 2293 942 2335 assignavit;

485 2345 499 2386 '²5
515 2345 546 2376 4.
568 2345 737 2388 voluitque
756 2345 842 2378 idem
861 2347 1103 2389 praedecessor,
1115 2359 1173 2392 pro

480 2444 485 2464 1
512 2440 655 2467 Videretur
675 2441 817 2476 legendum
841 2443 974 2475 liberam,
1000 2443 1173 2479 immunem,

440 2489 465 2510 cl
482 2488 645 2518 exemptam
660 2487 697 2519 (a.
715 2486 764 2519 Τ.).

475 2531 492 2556 2
507 2530 596 2556 Potius
608 2530 665 2563 lege
677 2531 867 2564 reparciendz's
877 2535 903 2559 et
915 2532 1075 2560 dividendis
1085 2536 1149 2566 (aff.
1158 2535 1174 2566 ).

475 2575 490 2602 3
507 2575 614 2601 Videtur
634 2574 775 2609 legendum
799 2584 847 2602 seu
871 2585 918 2611 pro
943 2577 1009 2609 sed;
1036 2578 1076 2604 vel
1096 2579 1175 2612 paulo

440 2623 567 2647 antemon
584 2623 629 2645 aut
643 2619 758 2646 minime
774 2628 820 2655 pro
836 2620 869 2646 de
886 2629 954 2646 novo
972 2621 1077 2655 legend.
1089 2624 1174 2657 (nm).

1030 246 1101 269 nrm
1113 245 1209 268 ,tuu'M
1234 245 1382 271 Romarm

1958 248 2009 273 An.
2031 247 2060 274 C.
2080 248 2145 274 2670:

1219 293 1334 335 potiori
1360 294 1496 328 militum
1524 295 1649 338 piorum
1686 305 1864 338 eorumque
1889 295 2095 327 col-*ucffl-ssom
2114 308 2146 328 d·-

1217 347 1293 389 legii
1327 348 1512 381 huiusmodi
1544 350 1681 389 cautela,
1714 349 1800 392 quod
1833 334 2146 391 singulilisinis*'‘'ffir'iilii

1219 403 1296 431 tunc
1313 400 1486 433 existentes
1505 401 1580 434 dicti
1599 401 1727 444 collegii
1744 400 1872 439 notarii,
1890 405 1952 432 tarn
1963 389 2146 437 35121¹¹¹³1¹1¹u2⁸2512131

1964 440 2070 461 uenturum
2086 444 2145 463 quiu-

1218 451 1308 492 suis¹,
1327 463 1423 494 quam
1441 463 1573 486 suorum
1590 454 1622 486 in
1641 464 1754 487 eorum
1771 453 1885 487 officiis
1902 464 2062 489 suni-nmmo
2091 471 2146 484 nn»..-

1217 514 1378 536 cessorum
1394 503 1588 545 nominibus,
1604 506 1787 549 praemissis
1801 506 1952 539 omnibus
1963 493 2058 537 min...
2103 492 2147 510 ’⁰¹'

1218 560 1249 588 ct
1265 556 1399 598 singulis
1412 567 1565 599 expresse
1578 558 1657 591 non²
1670 559 1865 599 consentire,
1882 568 1953 591 nee-

1217 619 1282 640 non
1307 614 1370 641 tam
1398 609 1444 642 illi
1474 620 1569 652 quam
1593 621 1779 644 sucessores
1804 611 1951 654 praefati,

1217 672 1252 692 ex
1278 663 1380 693 massa
1404 672 1440 693 ac
1465 661 1536 694 aliis
1562 662 1764 701 redditibus,
1791 662 1955 705 proventi-

1217 712 1288 752 bus,
1313 712 1541 746 emolumentis
1567 724 1604 746 ae
1637 714 1760 746 iuribus
1785 715 1951 757 praefatis,

1217 765 1352 807 singulis
1372 765 1549 806 mensibus,
1577 771 1609 798 et
1633 766 1665 798 in
1689 765 1753 799 fine
1779 766 1952 799 cuiuslibet

1217 818 1348 858 mensis,
1374 819 1517 861 praelato
1543 819 1680 852 militum
1705 819 1832 862 piorum
1857 820 1952 852 colle-

1218 872 1279 913 gio,
1296 877 1346 903 aut
1371 882 1481 904 eorum
1502 871 1711 914 depositario,
1726 872 1951 904 menstruatim

1217 934 1372 956 summam
1398 918 1717 967 quadringentorum
1739 930 1770 956 et
1794 923 1953 967 quinqua-

1217 976 1304 1018 ginta
1321 981 1484 1009 scutorum
1509 982 1667 1017 monetae,
1689 988 1748 1020 pro
1763 979 1830 1010 rata
1855 977 1954 1009 dicto-

1216 1040 1287 1061 rum
1314 1035 1442 1062 centum
1463 1030 1653 1071 officiorum,
1672 1035 1746 1062 tunc
1763 1036 1951 1070 erectorum,

1217 1081 1474 1124 assignatorum,
1506 1082 1638 1115 realiter
1666 1087 1698 1114 et
1731 1093 1802 1114 cuin
1838 1081 1951 1114 ell'eetu

1217 1136 1405 1177 persolvere
1427 1146 1482 1167 seu
1508 1135 1731 1175 contribuere,

1260 1187 1274 1230 ἓ
1299 1187 1329 1219 5.
1354 1188 1405 1227 Ac,
1423 1198 1482 1230 pro
1508 1187 1638 1220 illorum
1659 1187 1796 1220 faciliori
1820 1189 1951 1221 solutio·
1988 1200 2147 1220 Variam-110-

1217 1250 1256 1272 ne
1275 1240 1420 1282 praefato
1446 1239 1573 1282 piorum
1598 1240 1736 1273 militum
1759 1240 1899 1283 collegio
1921 1227 2145 1272 etl}ssffissff'fss'.†.'..'.¹f.?.

1216 1293 1302 1325 illius
1342 1292 1540 1336 depositario
1577 1293 1732 1333 Facienda,
1769 1279 2072 1326 cautionemw'ffl'ffl'e'

1216 1356 1271 1377 seu
1296 1346 1445 1378 cedulam
1470 1346 1655 1378 bancariam
1676 1346 1810 1379 alicuius
1833 1357 1953 1379 merca-

1218 1398 1307 1438 toris,
1326 1397 1388 1430 side
1407 1403 1439 1430 et
1456 1398 1659 1430 facultatibus
1677 1398 1797 1439 idonei,
1809 1399 1847 1432 ad
1861 1399 1954 1442 quin-

1217 1450 1396 1493 quennium
1415 1450 1611 1490 duraturam,
1625 1457 1656 1484 et
1674 1451 1713 1483 de
1730 1451 1952 1494 quinquennio

1217 1503 1249 1535 in
1275 1502 1533 1546 quinquennium
1548 1508 1706 1546 perpetuo
1723 1505 1951 1543 renovandam,

1216 1561 1392 1599 praestare,
1419 1566 1454 1587 ac
1478 1556 1605 1599 seipsos
1633 1561 1665 1588 et
1689 1557 1868 1600 quemlibet
1899 1567 1954 1590 eo-

1218 1620 1285 1641 rum
1313 1608 1345 1641 in
1371 1609 1508 1641 solidum
1527 1609 1583 1651 (ita
1609 1611 1694 1652 quod
1713 1621 1795 1642 unus
1813 1621 1872 1653 pro
1890 1611 1952 1643 alio

1217 1661 1311 1694 etiam
1343 1661 1375 1693 in
1400 1661 1541 1693 solidum
1568 1662 1702 1704 obligati
1730 1663 1873 1705 essent),
1905 1673 1954 1695 eo-

1218 1724 1353 1756 rumque
1378 1713 1563 1756 collegium,
1582 1714 1749 1757 ipsiusque
1775 1715 1903 1757 collegii
1921 1721 1955 1748 et

1218 1778 1332 1800 corum
1368 1767 1549 1799 officiorum
1581 1767 1800 1810 praefatorum
1832 1769 1954 1801 emolu-

1217 1825 1336 1859 menta,
1363 1830 1398 1852 ac
1431 1819 1499 1851 iura
1533 1815 1640 1852 oninia
1666 1825 1698 1852 et
1720 1820 1848 1863 singula
1879 1826 1953 1853 tunc

1218 1882 1378 1915 expressa,
1399 1883 1434 1904 ac
1454 1872 1580 1915 reliqua
1595 1872 1703 1905 omnia
1724 1878 1798 1905 tunc
1817 1870 1955 1906 eristen-

1219 1925 1261 1957 tia
1285 1930 1316 1957 et
1341 1925 1456 1964 sutura,
1483 1929 1545 1956 tam
1570 1925 1767 1958 coniunctim
1792 1937 1886 1969 quam
1912 1926 1954 1958 di-

1218 1977 1319 2017 visim,
1333 1976 1567 2020 principaliter,
1588 1987 1619 2010 et
1639 1977 1774 2020 quilibet
1793 1989 1904 2011 eorum
1921 1979 1954 2011 in

1218 2030 1366 2069 solidum,
1384 2030 1422 2062 de
1447 2032 1573 2062 sumina
1597 2030 1782 2063 huiusmodi
1798 2032 1955 2074 praescri·

1218 2084 1280 2127 ptis
1307 2082 1504 2125 temporibus
1530 2084 1745 2126 persolvenda
1774 2089 1896 2117 etcum
1914 2085 1954 2117 es-

1219 2138 1302 2170 sectu
1328 2134 1525 2178 depositario
1559 2135 1688 2177 collegii
1721 2136 1858 2169 militum
1889 2137 1954 2180 pio-

1218 2200 1288 2222 rum
1313 2188 1499 2221 huiusmodi
1525 2188 1752 2231 consignanda,
1769 2189 1801 2221 in
1826 2191 1956 2234 amplis-

1218 2243 1297 2276 sima
1314 2247 1345 2275 et
1362 2241 1562 2274 strictissima
1579 2241 1729 2275 Gamerae
1747 2243 1954 2287 Apostolicae

1219 2302 1250 2329 et
1279 2296 1340 2329 alia
1369 2306 1570 2338 quacumque
1597 2296 1700 2329 valida
1725 2296 1802 2329 iuris
1833 2297 1952 2339 fornia,

1218 2349 1362 2391 obligare
1388 2353 1421 2381 et
1440 2349 1621 2391 respective
1648 2349 1843 2392 liypotecare
1871 2355 1954 2384 tene-

1219 2407 1348 2441 rentur;
1369 2401 1410 2434 ita
1428 2401 1534 2440 etiam,
1550 2402 1644 2444 quod,
1662 2407 1808 2445 tempore
1822 2403 1954 2436 solutio-

1220 2455 1267 2487 nis
1289 2459 1463 2494 transacto,
1480 2465 1575 2487 mauu
1600 2455 1697 2498 regia,
1713 2456 1806 2488 unica
1830 2457 1954 2489 citatio-

1220 2519 1269 2548 ne,
1288 2513 1319 2541 et
1336 2507 1423 2540 domi
1445 2507 1576 2540 dimissa
1601 2509 1694 2552 copia
1713 2509 1800 2549 sarta,
1827 2511 1874 2543 vel
1894 2519 1953 2554 per

1256 2580 1265 2605 1
1286 2578 1382 2605 Vocem
1396 2578 1455 2605 suis
1471 2587 1518 2605 uos
1534 2579 1659 2606 addimus
1676 2585 1712 2615 (a.
1724 2586 1771 2610 τ.).

1253 2623 1268 2649 :2
1290 2623 1426 2650 l'articula
1446 2632 1499 2650 non
1522 2623 1637 2651 delenda
1659 2624 1760 2652 iidetur
1780 2632 1818 2660 tu.
1834 2628 1883 2662 T.).
