2279 3260
184 239 232 266 Λη.
251 239 278 266 C.
301 239 365 266 wit

220 1140 279 1163 Quae
299 1141 366 1161 vonit

185 1167 214 1187 (rx
231 1167 334 1192 approbat
347 1171 366 1188 ει

183 1198 300 1215 ronti-inat.

184 2459 296 2481 clausulae
305 2464 366 2486 prae-

182 2491 310 2508 fleslessfle.

416 229 478 262 15ss
953 239 1132 263 nri.i..¹iniuii

378 292 440 319 tvm
462 287 578 328 allatis,
598 287 648 321 die
674 299 742 322 xxvi
767 288 960 331 septembris
986 298 1110 321 iiioctxx
1130 289 1131 296 ¹

376 341 501 372 censuit
525 342 705 376 revocanda
723 352 795 374 esse
814 346 966 374 attentata
984 339 1110 383 praedi·
1130 343 1131 375 fi

376 398 443 433 cta,
464 394 587 426 nullum
606 393 654 425 iiis
672 399 857 437 competere
882 393 1032 426 fratribus
1050 392 1109 424 Ex·
1130 418 1131 431 ἶ

375 445 526 478 calceatis
541 446 710 489 Hispaniae
728 456 824 489 super
842 446 897 478 illo
913 444 1108 477 monasterio
1129 434 1132 463 l

375 497 589 541 Ulyssiponae
609 503 717 531 erecto
736 508 794 541 pro
815 500 890 529 cura
907 496 1106 535 monialium,

375 559 480 592 neque
505 561 573 583 esse
600 552 705 583 locum
732 549 1006 582 dismembrationi
1027 559 1044 581 a
1061 558 1110 580 re-

375 603 520 645 ligioiie;
554 608 586 635 et
621 603 672 635 die
704 613 722 635 v
747 602 929 635 decembris
963 601 1109 634 eiusdem

375 655 449 687 anni
476 665 600 688 iiDCLxx
635 655 761 688 censuit
797 665 862 687 non
898 665 970 687 esse
1002 655 1109 686 locum

376 707 532 739 erectioni
559 718 715 739 novorum
740 712 954 739 conventuum
976 707 1108 738 fratrum

377 759 645 792 t‘iiscalceatorum
661 759 789 792 Ordinis
815 758 914 791 sancti
941 758 1111 801 Augustini

379 812 408 843 iii
435 822 536 853 regno
562 811 761 851 Lusitaniae;
781 822 817 844 ac
841 816 1016 854 propterea
1041 811 1111 844 'ilos

378 864 456 905 erigi
481 870 535 896 aut
559 865 684 896 fundari
711 870 823 896 tenore
848 864 1026 906 praesentis
1059 864 1112 895 de-

377 917 455 948 creti
485 917 666 959 prohibuit.
693 916 730 948 Et
753 916 926 960 praedictis
959 916 1111 949 fratribus

377 968 570 1001 Excalceatis
596 969 678 1001 circa
709 968 960 1012 suprascriptam
986 974 1113 1001 contro-

377 1021 515 1053 versiam
540 1027 734 1064 perpetuum
759 1021 923 1054 silentium
948 1021 1109 1064 imposuit.

596 1074 634 1106 M.
663 1074 834 1106 cardinalis
859 1074 1019 1107 GiNET‘rrs
1035 1086 1066 1106 ».

422 1127 436 1169 ἓ
460 1127 490 1159 ⁶2.
518 1127 594 1160 Cum
620 1132 736 1168 autem,
762 1127 845 1159 sicut
868 1128 1003 1160 dilectus
1028 1126 1111 1159 lilius

378 1180 592 1223 Hieronymus
612 1180 723 1213 Valvas
749 1180 815 1212 rius
839 1180 928 1224 prior
953 1180 1113 1222 generalis

379 1232 454 1264 dicti
471 1232 600 1265 Ordinis
627 1233 758 1265 fratrum
780 1233 985 1265 eremitarum
1010 1232 1111 1265 sancti
1133 1226 1136 1271 ξ

378 1285 546 1327 Augustini
570 1285 664 1318 nobis
685 1296 788 1328 nuper
805 1285 922 1328 exponi
945 1285 1027 1325 fecit,
1046 1285 1112 1327 ipse
1134 1293 1135 1309 ³

378 1339 506 1370 decreta
531 1338 739 1377 huiusmodi,
767 1348 830 1381 quo
861 1337 985 1370 firmius
1009 1337 1114 1370 subsi-

378 1396 463 1423 stant
487 1396 519 1423 et
541 1396 710 1423 serventur
735 1391 888 1430 exactius,
919 1390 1112 1433 apostolicae
1133 1421 1135 1433 ἱ

377 1443 632 1475 confirmationis
663 1448 793 1476 nostrae
826 1442 1005 1485 patrocinio
1029 1442 1135 1475 com-l

376 1496 495 1528 muniri
510 1506 715 1538 summopere
731 1496 910 1528 desideret:
927 1506 996 1535 nos,
1011 1495 1111 1539 ipsius
1132 1496 1134 1506 ¹

377 1548 493 1592 prioris
519 1549 681 1591 generalis
705 1549 788 1581 votis
815 1549 875 1581 hac
900 1548 932 1580 in
950 1559 993 1588 re,
1012 1559 1112 1591 quan·
1132 1560 1133 1567 ¹

378 1607 441 1633 tum
465 1611 536 1633 cuin
560 1601 694 1633 Domino
719 1611 903 1644 pussumus,
929 1601 1112 1634 favorabili-

377 1660 425 1686 ter
449 1664 593 1686 annuere
617 1655 773 1694 volentes,
794 1664 932 1697 eumque
950 1665 967 1686 a
984 1654 1111 1697 quibus·
1131 1675 1133 1703 3

375 1707 421 1739 vis
446 1706 806 1747 excommunicationis,
833 1707 1055 1750 suspensionis
1081 1712 1132 1739 et¹

375 1760 549 1800 interdicti,
571 1760 704 1803 aliisque
730 1760 955 1793 ecclesiasticis
981 1766 1111 1794 senten·
1131 1757 1133 1780 ἶ

377 1814 447 1852 tiis,
474 1813 620 1845 censuris
646 1819 677 1846 et
700 1814 835 1856 poenis,
861 1824 878 1846 a
901 1814 971 1846 iure
996 1815 1045 1847 vel
1072 1815 1110 1847 ab
1131 1835 1132 1839 =

376 1865 519 1905 homine,
536 1865 644 1908 quavis
664 1866 830 1899 occasione
849 1867 898 1898 vel
919 1869 1012 1898 causa
1029 1867 1110 1908 latis,

376 1919 399 1950 si
418 1918 531 1961 quibus
548 1918 788 1960 quomodolibet
805 1918 975 1951 innodatus
996 1919 1110 1960 existit,
1131 1939 1133 1944 π

377 1972 415 2003 ad
436 1970 581 2003 effectum
606 1971 823 2013 praesentium
849 1972 1010 2004 dumtaxat
1037 1983 1111 2005 con·
1131 1997 1133 2010 <

376 2024 593 2066 sequendum,
619 2024 732 2055 harum
757 2024 838 2056 serie
859 2025 1060 2058 absolventes
1081 2031 1111 2058 et
1131 2059 1133 2063 f

376 2077 556 2109 absolutum
582 2076 647 2108 fore
668 2082 845 2116 censentes,
864 2077 1112 2120 supplicationi·
1131 2067 1133 2111 l

376 2130 436 2162 biis
453 2129 520 2163 eius
538 2129 669 2162 nomine
687 2129 780 2162 nobis
798 2140 898 2172 super
922 2131 983 2163 lioc
1009 2131 1112 2164 humi·
1131 2152 1133 2182 ἰ

376 2183 449 2216 liter
472 2183 626 2225 porrectis
653 2182 817 2223 inclinati,
835 2185 966 2216 decreta
983 2185 1112 2227 praein-
1131 2187 1133 2219 ἒ

377 2241 469 2276 serta,
483 2236 673 2269 auctoritate
689 2236 872 2279 apostolica,
889 2242 1000 2270 tenore
1018 2249 1111 2281 prae-

378 2289 536 2329 sentium,
568 2289 784 2333 approbamus
811 2294 841 2322 et
866 2289 1110 2331 confirmamus,
1132 2316 1133 2320 ,

373 2342 503 2384 illisqui·
522 2336 715 2374 inviolabilis
732 2342 928 2385 apostolicae
953 2343 1111 2376 firmitatis
1131 2332 1133 2348 ¹

376 2395 474 2427 robiis
500 2395 678 2427 adijcimus.
1131 2388 1134 2429 Ι

420 2449 478 2492 §ft
498 2450 709 2480 1‘=·›.‹·ernentes
723 2448 851 2480 easdem
866 2454 1050 2491 praesentes
1066 2449 1111 2481 lit.

378 2508 459 2534 iera:-
481 2512 608 2544 seniper
624 2500 740 2542 sirmas,
767 2501 888 2534 validas
912 2507 943 2533 et
967 2501 1111 2534 efficaces

377 2556 515 2588 existere
549 2565 586 2586 ac
610 2554 696 2594 sore,
723 2564 863 2597 suosque
889 2555 1053 2596 plenarios
1079 2561 1109 2586 et

377 2610 521 2652 integros
546 2606 676 2640 effectus
696 2607 802 2640 sortiri
828 2612 857 2640 ct
885 2608 1053 2647 obtinere,
1073 2619 1109 2639 ac

1157 239 1218 264 ROM
1225 241 1307 265 ,turm

1152 287 1226 328 illis,
1253 289 1290 320 :nl
1324 299 1404 332 quos
1430 294 1550 333 spectat
1583 294 1615 323 et
1646 300 1704 333 pro
1737 294 1886 332 ternpore

1152 340 1422 384 quandocumque
1455 342 1640 385 spectabit,
1672 342 1703 374 in
1739 341 1888 374 omnibus

1153 396 1184 423 et
1212 403 1268 435 per
1288 393 1396 426 omnia
1424 394 1613 437 plenissime
1646 393 1833 437 suffragari,
1857 398 1889 426 et

1152 445 1190 476 ab
1218 445 1280 477 illis
1310 446 1490 489 respective
1519 446 1751 480 inviolabiliter
1775 446 1888 480 obser-

1151 507 1175 528 ri
1209 507 1215 528 i

1233 524 1239 536 7

1195 550 1209 592 ‘g'
1233 549 1264 581 li.
1288 550 1406 594 Sicque
1433 551 1463 583 in
1488 552 1677 594 praemissis
1702 563 1760 595 per
1792 556 2080 608 quos-'Iulfiiausuiasub-

1152 611 1289 644 cumque
1315 603 1437 635 iudices
1455 604 1635 637 ordinarios
1661 611 1694 637 et
1712 605 1888 648 delegatos,

1153 654 1205 686 eti:
1233 671 1248 686 ‚l
1263 666 1431 687 causarum
1449 656 1559 698 palatii
1579 657 1749 699 apostolici
1767 658 1892 690 audito-

1152 717 1158 738 i
1191 719 1221 745 s,
1245 708 1382 740 iudicari
1409 714 1441 740 et
1464 708 1590 741 definiri
1619 710 1761 750 debere,
1787 721 1824 742 ac
1847 711 1892 742 ir-

1153 759 1251 792 ritum
1285 765 1317 793 ct
1342 760 1438 793 inane
1476 761 1501 793 si
1538 772 1629 794 secus
1665 772 1765 805 super
1797 763 1848 795 his
1874 774 1892 795 a

1154 823 1339 855 quoquam,
1362 814 1474 856 quavis
1502 814 1717 854 auctoritate,
1751 814 1892 847 scienter

1154 865 1203 897 vel
1228 865 1429 907 ignoranter,
1457 867 1633 909 contigerit
1656 867 1820 899 attentari.

1198 918 1213 961 ξ
1237 918 1268 950 5.
1288 917 1440 956 Quocirca
1459 919 1626 952 veneralili
1647 919 1734 952 fratri
1759 919 1889 952 Franci-

1155 981 1209 1004 sco
1242 971 1489 1015 archiepiscopo
1514 972 1709 1012 Sidoniensi,
1733 973 1889 1005 moderno

1134 1045 1135 1051 η
1156 1029 1188 1056 et
1207 1035 1264 1066 pio
1283 1029 1431 1067 tempore
1457 1025 1603 1057 existenti
1630 1031 1741 1057 nostro
1759 1030 1790 1058 et
1807 1026 1891 1068 Apo-

1156 1076 1286 1109 stolicae
1313 1076 1403 1109 Sedis
1426 1077 1457 1109 iii
1483 1064 1698 1119 Portugalliiie
1724 1083 1756 1110 et
1779 1078 1892 1119 Algar-

1134 1146 1135 1157 i
1156 1129 1281 1162 biorum
1306 1129 1414 1171 regnis
1450 1130 1569 1162 nuncio
1585 1157 1592 1170 ,
1620 1140 1678 1173 per
1702 1135 1891 1172 praesentes

1134 1182 1386 1221 leominittimus
1422 1187 1454 1215 et
1487 1182 1700 1221 mandamus,
1732 1188 1892 1225 quatenus

1157 1234 1234 1277 ipse,
1261 1244 1320 1276 per
1343 1245 1387 1273 se,
1412 1235 1460 1266 vel
1486 1234 1594 1274 alium,
1615 1240 1670 1266 aut
1689 1234 1779 1274 alios,
1806 1234 1891 1277 ipsas

1156 1292 1347 1328 praesentes
1379 1287 1522 1327 litteras,
1548 1292 1579 1319 et
1603 1287 1635 1319 in
1661 1287 1707 1319 eis
1740 1292 1891 1320 contenta

1157 1350 1389 1382 quaecumque,
1410 1340 1463 1372 ubi
1487 1345 1517 1371 et
1537 1340 1666 1383 quando
1687 1350 1766 1383 opus
1786 1340 1891 1381 suerit,

1157 1397 1188 1424 et
1213 1392 1338 1434 quoties
1356 1402 1415 1434 pro
1433 1398 1524 1435 parte
1550 1392 1582 1424 in
1600 1392 1787 1435 praemissis
1811 1392 1892 1425 inte-

1156 1455 1242 1476 resse
1262 1445 1462 1484 habentium,
1477 1455 1532 1477 seii
1551 1445 1684 1478 alicuius
1702 1455 1827 1485 eorum,
1841 1446 1891 1478 de·

1155 1508 1252 1541 super
1277 1498 1374 1530 fuerit
1398 1498 1572 1541 requisitus
1587 1525 1594 1539 ,
1619 1498 1811 1532 solemniter
1833 1509 1891 1542 pu-

1155 1551 1297 1590 blicans,
1323 1551 1451 1594 illisque
1476 1552 1506 1583 in
1532 1552 1717 1595 praemissis
1751 1551 1889 1584 efficacis

1155 1604 1353 1636 defensionis
1371 1605 1533 1647 praesidio
1551 1605 1714 1645 assistens,
1734 1605 1827 1637 faciat
1842 1615 1890 1637 au-

1154 1657 1301 1690 ctoritate
1326 1660 1435 1690 nostra
1459 1658 1533 1691 illos
1559 1664 1591 1691 et
1615 1668 1729 1691 eorum
1754 1658 1890 1702 quemli-

1154 1710 1207 1742 bet
1228 1711 1447 1753 praesentium
1467 1712 1645 1744 litterarum
1660 1716 1691 1743 et
1709 1711 1738 1743 in
1757 1710 1803 1743 eis
1818 1722 1890 1744 con-

1155 1768 1318 1795 tentorum
1335 1764 1521 1796 eorumdem
1540 1764 1711 1796 commodo
1727 1768 1757 1796 et
1776 1763 1889 1796 effectu

1154 1815 1287 1858 pacifice
1306 1816 1366 1848 frui
1385 1822 1416 1849 et
1436 1817 1596 1859 gaudere;
1616 1827 1681 1849 non
1697 1815 1888 1859 permittens

1154 1868 1227 1901 illos
1252 1869 1391 1911 desuper
1416 1880 1432 1901 a
1458 1879 1621 1912 quoquam
1647 1868 1757 1912 quavis
1783 1873 1890 1900 aucto-

1154 1920 1247 1953 ritate
1274 1921 1520 1964 quomodolibet
1544 1921 1688 1954 indebite
1709 1920 1886 1960 molestari,

1154 1974 1335 2016 perturbari
1356 1975 1405 2006 vel
1422 1974 1613 2017 inquietari;
1632 1974 1889 2006 contradictores

1154 2027 1314 2069 quoslibet
1332 2031 1362 2059 et
1381 2027 1517 2060 rebelles
1535 2037 1594 2069 per
1610 2026 1800 2065 sententias,
1820 2036 1888 2058 cen-

1154 2090 1243 2112 suras
1268 2085 1298 2112 et
1322 2090 1444 2122 poenas
1476 2079 1734 2118 ecclesiasticas,
1762 2079 1887 2122 aliaque

1154 2138 1338 2175 opportuna
1363 2133 1441 2165 iuris
1467 2137 1499 2164 et
1516 2133 1587 2165 sacti
1605 2132 1756 2172 remedia,
1778 2132 1889 2175 appel-

1154 2185 1272 2218 latione
1298 2185 1482 2228 postposita,
1509 2185 1755 2228 compescendo,
1783 2184 1891 2227 legiti-

1154 2239 1278 2280 misque
1298 2248 1396 2280 super
1415 2238 1464 2269 his
1485 2237 1641 2270 habendis
1662 2237 1794 2270 servatis
1815 2247 1889 2280 pro-

1154 2292 1304 2331 cessibus,
1323 2301 1475 2324 censuras.
1494 2296 1525 2323 et
1546 2301 1668 2333 poenas
1692 2290 1777 2333 ipsas
1793 2291 1887 2323 etiam

1154 2344 1278 2376 iteratis
1314 2344 1436 2376 vicibus
1472 2344 1678 2386 aggravando
1699 2370 1706 2383 ,
1742 2344 1888 2377 invocato

1155 2397 1249 2429 etiam
1265 2397 1302 2429 ad
1317 2397 1388 2436 lioc,
1405 2396 1430 2428 si
1449 2408 1528 2439 opus
1553 2397 1658 2437 fuerit,
1681 2396 1800 2429 auxilio
1816 2397 1889 2430 bra-

1154 2449 1216 2482 cliii
1243 2449 1425 2481 saecularis.

1196 2502 1210 2544 g
1235 2502 1265 2533 u.
1293 2501 1360 2533 Noii
1390 2502 1590 2535 obstantibus
1615 2502 1714 2535 felicis
1740 2503 1887 2536 recorda-

1154 2555 1248 2587 tiouis
1274 2555 1427 2587 bonifacii
1453 2555 1556 2597 Papae
1575 2556 1638 2587 Ylll
1657 2556 1886 2598 praedecesso-

1152 2608 1194 2639 ris
1221 2607 1319 2639 nostri
1346 2608 1383 2639 ὼ·
1409 2610 1480 2650 una,
1510 2614 1541 2641 et
1569 2609 1697 2642 concilii
1723 2610 1883 2654 generalis

1895 232 1944 266 λη.
1960 239 1989 267 c.
2008 229 2074 266 ie'ii

1942 926 2084 953 Exaqnuturln

1900 954 2020 979 deputatio.

1965 2510 2081 2532 contrari!-

1897 2537 1993 2564 derogat.
