2279 3260
214 237 252 262 Αῐι
284 236 314 262 C.
331 235 393 262 ¹671

235 1400 337 1421 indultum
346 1406 391 1420 car·

208 1426 283 1446 dimus
301 1430 322 1447 et.
340 1433 391 1447 uuu-

260 2344 287 2364 λιὶ
314 2350 387 2370 preces

205 2371 305 2396 print-‚ipis
338 2373 387 2391 Pur-

205 2399 315 2422 lug-attiae.

444 224 508 259 2538

406 283 468 315 vita
482 294 576 325 quani
595 291 668 327 post
687 285 810 317 felicem
827 285 911 318 illius
931 285 1142 318 obdormitio-

407 346 480 368 ncm
495 337 621 379 operari
638 338 788 380 dignatus
804 339 916 379 suerat,
928 343 1141 369 concurrente

407 388 445 420 ad
458 389 639 429 ecclesiam,
652 390 706 422 ubi
729 391 900 433 requiescit
917 401 1031 433 corpus
1045 389 1141 428 illius,

407 452 423 473 a
445 442 550 473 clarae
577 442 698 484 pariter
723 443 896 475 mamonae
923 443 1040 475 loaune
1066 452 1141 483 rege

408 494 621 536 Portugalliac
639 495 754 527 illustri
775 495 872 537 ipsius
890 494 1070 527 Sebastiam
1093 505 1142 525 rc-

407 547 453 588 gis
484 547 731 589 p1·a‹‚¹dcccssore
764 546 933 589 magnifice
967 552 1140 579 extructam

406 604 437 630 ct
454 600 603 637 dotatam,
620 611 654 631 ox
675 600 808 631 diversis
828 600 937 641 regnis
960 605 990 632 et
1015 600 1142 643 provin-

407 651 463 683 ciis
474 652 658 684 incredibili
675 652 855 694 frequentia
869 651 1138 691 christifidelium,

406 715 579 746 corumque
617 704 648 736 in
681 705 828 736 cumdem
863 704 991 737 beatum
1023 705 1141 737 Gundi-

405 758 525 788 salruni
551 756 721 788 devotione
746 757 776 788 in
804 757 872 788 dics
896 757 998 799 magis
1024 757 1142 789 invale-

404 810 557 847 lescentc,
585 809 815 847 concederent,
833 814 877 847 ut,
899 809 930 840 in
943 809 1092 841 omnibus
1111 815 1142 842 ct

405 861 540 903 singulis
561 861 708 893 ecclesiis
729 866 792 893 tam
809 861 1023 893 saccularium
1045 873 1139 905 quam

403 913 603 955 regularium
645 924 820 956 regnorum
856 914 917 957 ipsi
953 914 1138 948 Sebastiano

404 968 470 1010 regi
496 967 723 1007 subiectorum,
744 967 894 1007 officium,
919 968 1018 1000 horae
1044 979 1141 1000 ‹fano-

404 1019 494 1052 nicae
513 1025 544 1051 et
560 1020 657 1052 missa
671 1020 709 1052 de
725 1020 809 1052 dicto
825 1020 920 1052 beato
935 1020 1138 1060 Gundisalvo,

403 1073 440 1104 ad
467 1072 568 1104 instar
592 1072 730 1104 aliorum
755 1072 943 1105 Sanctorum
969 1072 1140 1106 Consesso-

403 1134 480 1162 rum,
501 1124 532 1155 in
548 1124 598 1156 die
625 1124 730 1156 obitus
757 1124 866 1166 ipsius,
884 1125 985 1157 libere
1004 1131 1036 1157 et
1053 1125 1139 1158 licite

403 1176 531 1208 recitari
558 1182 588 1208 et
620 1177 778 1209 celebrari
804 1183 961 1219 possent,
988 1185 1084 1220 prout
1107 1178 1139 1211 in

402 1228 503 1272 ipsius
523 1229 567 1261 Pii
587 1229 845 1271 praedecessoris
864 1230 981 1261 litteris
1001 1230 1140 1274 desuper

403 1281 433 1313 in
454 1282 554 1314 forma
580 1282 690 1314 Brevis
712 1282 763 1314 die
784 1293 818 1315 ιιι
845 1283 1038 1325 septembris
1056 1293 1139 1316 uotx

402 1334 561 1377 expeditis
587 1335 681 1367 latius
707 1335 904 1378 continetur)

446 1388 461 1430 ξ
487 1387 517 1419 ⁶2.
539 1387 623 1419 Idem
642 1388 798 1420 llenricus
816 1388 998 1431 cardinalis,
1014 1400 1048 1421 ac
1065 1389 1138 1422 Pro-

402 1450 480 1483 sper
503 1440 686 1483 episcopus,
701 1441 849 1480 nuncius,
864 1441 895 1473 in
915 1442 1136 1475 executionem

402 1492 582 1524 litterarum
611 1492 806 1533 huiusmodi,
833 1494 972 1525 constito
993 1495 1080 1536 prius
1097 1495 1135 1527 de

401 1544 587 1588 praemissis
606 1545 688 1577 iuxta
707 1556 872 1578 sacrorum
899 1557 1057 1579 canonum
1075 1548 1138 1580 dis-

401 1597 617 1640 positionem,
644 1609 702 1641 per
728 1609 838 1630 eorum
871 1600 1060 1632 sententiam
1094 1602 1137 1633 la-

401 1655 463 1682 tam
490 1650 540 1682 die
566 1660 615 1682 xv1
641 1651 834 1693 septembris
868 1653 1034 1694 sequentis
1061 1654 1135 1686 anni

399 1712 514 1741 unLn,
542 1703 730 1735 auctoritate
756 1704 930 1746 apostolica
961 1716 1022 1747 qua
1052 1706 1137 1738 frue-

400 1755 517 1787 bantur
542 1755 571 1786 in
600 1755 658 1787 hac
676 1762 777 1798 parte,
793 1763 1025 1789 concesserunt
1041 1764 1070 1791 ct
1088 1759 1136 1790 in—

401 1807 570 1840 dulserunt
587 1814 620 1840 ut
637 1819 673 1840 ex
692 1814 766 1841 tunc
782 1808 831 1841 in¹
851 1810 998 1842 omnibus
1017 1817 1047 1843 et
1065 1812 1135 1855 qui-

400 1859 595 1903 buscumque
611 1861 753 1893 ecclesiis
770 1867 801 1894 et
818 1863 1021 1895 monasteriis
1041 1864 1134 1896 ctiam

398 1913 607 1945 saccularium
624 1914 766 1946 omnium
784 1926 958 1957 regnorum
976 1922 1007 1949 et
1032 1918 1135 1950 domi-

399 1965 527 1997 niorum
563 1966 781 2008 Portugalliae
814 1974 946 2010 possent
979 1969 1077 2002 libere
1104 1976 1135 2003 et

399 2017 486 2050 licite
520 2018 647 2051 recitari
683 2019 822 2052 officium
852 2027 881 2053 ct
909 2022 1007 2054 horae
1040 2033 1134 2056 cano-

399 2070 488 2102 nicae
518 2082 553 2103 ac
578 2071 694 2103 missae
727 2073 885 2105 celebrari
918 2075 947 2106 in
976 2076 1133 2108 honorem

399 2123 476 2155 dicti
513 2124 646 2166 gloriosi
679 2124 863 2158 Gundisalvi
888 2127 926 2159 de
953 2128 1131 2169 Amarante,

398 2177 512 2209 eodem
537 2188 669 2220 prorsus
694 2179 788 2211 modo
814 2184 846 2211 et
872 2180 990 2219 forma,
1013 2174 1076 2224 (ino
1102 2188 1133 2215 et

399 2229 514 2272 quibus
541 2230 716 2262 recitantur
737 2236 768 2263 et
788 2232 994 2265 celebramur
1017 2235 1049 2266 in
1076 2235 1133 2268 ho-

399 2293 511 2315 norem
529 2283 664 2316 aliorum
683 2284 873 2317 Sanctorum
892 2286 1129 2321 Cmscssorum.

443 2337 457 2378 ξ
482 2335 512 2366 :t
540 2336 616 2368 (lum
640 2342 754 2377 autem,
782 2338 862 2370 sicut
886 2350 944 2381 pro
970 2346 1061 2383 parte
1089 2342 1132 2374 di-

399 2390 565 2422 lectissimi
599 2390 629 2421 in
663 2390 789 2423 Christo
826 2392 880 2424 filii
919 2394 1021 2425 nostri
1046 2395 1131 2427 Petri

399 2441 553 2483 prins-ipis
589 2442 803 2484 Pei-tugalliae
840 2449 870 2477 et
907 2446 1130 2487 Algarhiorum

400 2505 576 2536 regnorum
613 2495 861 2537 gubernatoris,
888 2509 946 2540 per
979 2499 1130 2532 dilectum

437 2609 447 2635 1
471 2608 565 2644 Praop.
588 2609 617 2635 in
640 2618 687 2636 nos
706 2610 829 2637 addimus
848 2612 885 2646 (n.
907 2612 954 2647 T.).

983 237 1161 262 muJAmt'M
1185 237 1336 263 nomnen

1184 286 1284 318 tilium
1309 287 1451 320 nobilem
1483 288 1584 322 virum
1618 289 1808 322 modernum
1834 300 1917 322 mar-

1183 338 1333 372 chionem
1352 341 1390 373 de
1409 342 1454 373 las
1471 341 1577 381 Minas,
1597 352 1734 375 coronae
1752 342 1918 384 Portugal-

1183 392 1245 424 liae
1270 394 1354 436 apud
1388 405 1446 427 nos
1483 401 1515 427 et
1549 395 1663 427 Sedem
1697 394 1916 438 Apostolicam

1184 450 1345 477 oratorem
1377 446 1594 487 ordinarium,
1620 448 1714 480 nobis
1739 457 1842 490 nuper
1865 457 1917 479 ex-

1184 497 1323 539 positum
1357 498 1436 537 snit,
1463 504 1626 531 crescente
1652 499 1685 531 in
1709 499 1778 531 dies
1803 498 1915 542 populi

1184 559 1259 591 erga
1272 550 1450 592 praefatum
1467 551 1596 583 beatum
1618 551 1846 584 Gundisalvum
1862 552 1918 584 de-

1183 601 1320 641 votione,
1336 607 1397 634 tam
1416 602 1500 634 idem
1518 603 1628 635 Petrus
1645 603 1805 647 princepS,
1821 614 1915 646 quarn

1184 653 1321 685 dilectus
1346 653 1429 686 tilius
1455 654 1590 687 loannes
1614 655 1752 688 Thomas
1777 656 1815 688 de
1837 657 1919 689 Roo-

1184 706 1306 738 cabcrti
1331 707 1486 749 magister
1506 708 1665 749 generalis
1682 708 1758 740 dicti
1776 708 1916 749 Ordinis,

1184 769 1241 800 pro
1256 759 1411 801 singulari
1426 770 1521 802 quem
1531 770 1608 802 erga
1619 766 1833 797 memoratum
1846 762 1919 794 bea-

1184 817 1249 843 tum
1265 811 1492 844 Gundisalxum
1505 818 1621 854 gerunt
1641 812 1820 845 devotionis
1846 813 1920 845 affe-

1184 868 1248 903 ctu,
1263 864 1421 897 indultum
1432 865 1612 907 praelatum
1622 865 1660 897 ad
1671 864 1854 897 universum
1865 865 1920 898 Or-

1184 916 1292 948 dinem
1313 916 1412 949 sancti
1430 917 1582 949 Dominici
1600 923 1661 949 tam
1678 917 1807 949 fratrum
1822 928 1919 960 quam

1183 969 1371 1001 monialium
1399 970 1528 1002 extendi
1561 980 1767 1013 summopere
1793 970 1920 1003 deside-

1184 1028 1271 1054 rent:
1291 1022 1383 1055 nobis
1410 1028 1583 1065 propterea
1599 1023 1684 1055 idem
1704 1023 1814 1055 Petrus
1832 1023 1920 1066 prin-

1183 1084 1258 1117 ecps
1283 1080 1314 1106 ct
1338 1075 1474 1107 loannes
1491 1074 1631 1107 Thomas
1655 1075 1807 1117 magister
1823 1086 1920 1117 gene-

1184 1126 1258 1158 ralis
1274 1153 1281 1165 ,
1307 1132 1370 1158 tam
1396 1137 1454 1159 suo
1491 1137 1586 1169 quam
1626 1127 1765 1159 universi
1791 1126 1919 1160 Ordinis

1184 1179 1316 1221 praefati
1334 1179 1479 1219 nomine,
1502 1179 1667 1212 humiliter
1684 1180 1861 1223 supplicari
1881 1181 1919 1213 se-

1182 1238 1296 1264 cerunt
1313 1237 1348 1263 nt
1375 1232 1406 1264 in
1432 1232 1615 1275 praemissis
1640 1239 1826 1276 opportune
1847 1243 1920 1276 pro·

1184 1285 1292 1317 videre
1324 1290 1355 1317 et
1380 1291 1414 1318 ut
1438 1286 1519 1318 int'ra
1545 1285 1716 1328 indulgere
1756 1287 1794 1319 de
1827 1286 1919 1319 beni-

1182 1338 1338 1380 nignitate
1363 1338 1540 1381 apostolica
1567 1339 1784 1381 dignaremur.

1224 1392 1239 1434 ἓ
1264 1391 1295 1423 4.
1321 1391 1384 1424 Nos
1419 1391 1526 1434 igitur,
1551 1391 1705 1424 laudabili
1731 1392 1806 1425 dicti
1832 1393 1916 1426 Petri

1181 1444 1337 1487 principis
1361 1444 1472 1487 pietati
1505 1444 1714 1478 favorabilem
1746 1456 1916 1479 assensum

1162 1489 1314 1539 'paterno
1340 1496 1450 1529 atl'ectu
1476 1497 1636 1540 praebere
1664 1498 1850 1541 cupientes,
1879 1509 1916 1531 ac

1180 1550 1359 1592 praefatum
1383 1550 1536 1583 Ioannem
1566 1551 1755 1593 magistrum
1782 1562 1915 1593 genera-

1181 1603 1243 1634 lem
1281 1602 1429 1645 specialis
1464 1603 1568 1636 favore
1606 1603 1725 1646 gratiae
1762 1605 1914 1647 prosequi

1179 1657 1334 1695 volentes,
1360 1661 1391 1688 et
1416 1666 1528 1688 eorum
1554 1656 1735 1699 singulares
1760 1668 1914 1700 personas

1179 1720 1195 1740 a
1220 1709 1385 1752 quibusvis
1404 1709 1759 1750 excommunicationis,
1778 1720 1915 1753 suspen-

1179 1762 1279 1795 sionis
1305 1768 1337 1795 et
1361 1762 1532 1801 interdicti,
1558 1762 1694 1805 aliisque
1719 1764 1914 1796 ecclesiasti-

1178 1816 1223 1847 cis
1247 1815 1426 1855 sententiis,
1454 1815 1598 1847 censuris
1616 1815 1784 1857 etpoenis,
1807 1826 1823 1847 a
1841 1815 1910 1849 iure

1178 1869 1227 1900 vel
1256 1869 1295 1900 ab
1330 1868 1473 1907 homine,
1510 1867 1620 1910 quavis
1658 1868 1825 1901 occasione
1862 1870 1911 1902 vet

1177 1922 1273 1953 causa
1297 1921 1381 1960 latis,
1408 1920 1433 1952 si
1458 1920 1575 1963 quibus
1601 1921 1845 1963 quomodolibet
1863 1921 1913 1953 in-

1178 1973 1313 2005 nodatae
1327 1973 1476 2014 existunt,
1486 1973 1524 2005 ad
1534 1972 1680 2005 ellectum
1690 1973 1909 2016 praesentium

1177 2026 1339 2058 dumtaxat
1363 2027 1647 2068 consequendum,
1674 2027 1789 2058 harum
1824 2027 1909 2059 serie

1176 2078 1380 2111 absolventes
1398 2083 1429 2111 et
1443 2079 1606 2111 absolutas
1634 2079 1699 2111 sore
1728 2085 1908 2120 censentes,

1177 2131 1360 2164 huiusmodi
1386 2131 1677 2174 supplicationibus
1693 2132 1851 2173 inclinati,
1869 2132 1909 2166 de

1175 2184 1407 2216 venerabilium
1424 2184 1556 2216 fratrum
1570 2190 1753 2224 nostrorum
1770 2185 1801 2218 S.
1820 2185 1856 2217 R.
1872 2185 1906 2218 E.

1175 2237 1388 2269 cardinalium
1421 2236 1518 2268 sacris
1551 2236 1664 2269 ritibus
1698 2238 1907 2281 praeposito-

1175 2300 1256 2329 rum,
1273 2289 1328 2332 qui
1346 2300 1412 2322 rem
1426 2294 1549 2322 mature
1564 2291 1818 2332 perpenderunt,
1832 2301 1909 2324 con-

1175 2342 1257 2381 silio,
1277 2342 1434 2375 indultum
1458 2343 1614 2375 recitandi
1639 2343 1778 2376 officium
1803 2349 1835 2377 et
1852 2345 1910 2377 ho-

1175 2405 1224 2427 ras
1249 2395 1419 2427 canonicas
1444 2405 1479 2427 ac
1504 2396 1689 2429 celebrandi
1715 2397 1844 2430 missam
1869 2398 1907 2431 de

1175 2447 1260 2480 dicto
1271 2447 1366 2480 beato
1381 2447 1583 2488 Gundisalvo,
1601 2454 1761 2492 tamquam
1775 2450 1814 2483 de
1830 2450 1908 2483 San-

1175 2505 1225 2532 cto
1240 2500 1430 2532 Conl'essore
1450 2511 1514 2533 non
1529 2501 1693 2542 pontifice,
1719 2513 1907 2536 concessum

1175 2558 1209 2584 ut
1222 2553 1413 2595 praefertur,
1425 2553 1464 2586 ad
1478 2554 1663 2587 universum
1677 2554 1829 2588 Ordinem
1843 2562 1907 2590 tam

1176 2606 1313 2638 fratrum-
1322 2616 1415 2650 quam
1429 2607 1616 2640 monialium
1627 2608 1726 2641 sancti
1740 2609 1906 2653 Dominici,

1922 240 1972 268 Ᾰιι.
1993 241 2023 269 C.
2041 238 2106 270 ¹67¹

1953 1405 2070 1430 Ampliatur
2089 1408 2111 1426 ut

1927 1432 1947 1451 in
1961 1432 2053 1452 rubrica.
