2279 3260
216 218 264 244 An.
283 216 311 244 c.
334 217 401 245 1010
447 209 511 243 660

242 596 251 620 ξ
275 596 289 615 Ι,
317 596 344 615 [111
365 595 398 614 liis

216 628 251 647 qai
262 623 308 642 vlia·
321 622 398 641 (10110111

216 654 235 668 111
252 648 364 673 praelatos.

409 268 536 297 lucrm-1
559 276 651 297 ml‘t'T
676 267 730 298 XL.
749 286 785 290 -
801 267 928 298 Electio
950 267 1086 296 maioris
1106 276 1144 295 ac
1164 289 1166 305 Α

448 315 613 355 generalis
635 316 777 345 ministri
799 315 838 345 de
861 315 1019 345 sexennio
1041 314 1073 343 in
1089 324 1143 343 se-
1164 306 1165 311 ,

449 364 584 400 xennio,
609 369 670 394 etc.

409 422 503 451 Cat-rr
531 432 577 451 XL.
608 441 641 444 —
673 422 712 452 De
740 423 869 461 qualitate
901 421 1084 458 eligendorum
1116 415 1166 448 iu*

447 471 595 509 praelatos,
618 480 649 499 1ιο
671 472 702 499 ile
723 480 815 500 eornm
837 474 862 499 c!
884 469 1002 498 (iliorum
1032 468 1143 507 officiis,

450 519 510 547 inre
530 523 554 548 e!
574 523 714 558 potestate.

454 595 475 617 1.
503 584 613 618 Nullus
647 585 784 626 eligatur
808 583 839 615 in
866 583 1048 615 ministrum
1072 593 1146 615 con-

409 639 603 677 ventualem,
644 637 720 680 quin
758 636 848 679 prins
880 646 938 679 per
971 635 1145 668 triennium

411 691 507 723 fucrit
531 690 674 729 vicarius,
701 690 748 722 vel
774 699 906 731 praeses
933 688 1068 721 alicuius
1090 698 1146 720 no-

410 755 467 776 vae
486 742 690 781 fundationis,
711 743 760 774 vel
779 742 932 784 magister
949 740 1145 773 novitiorum

410 802 462 828 aut
486 800 635 827 recenter
664 794 899 838 professorum,
932 794 981 826 vel
1007 797 1146 826 secreta-

411 850 475 881 rius
501 848 634 891 praelati
661 847 852 891 superioris,
880 849 928 880 vel
955 851 1146 890 procurator

410 901 585 944 generalis,
604 902 652 933 vel
679 902 779 934 lector
811 911 920 933 sacrae
946 898 1142 941 theologiae,

410 956 458 988 vel
484 955 696 987 concionatus
722 953 818 986 suerit
842 953 944 986 tribus
969 952 1145 996 quadrage-

410 1009 510 1046 simis,
528 1008 571 1040 ita
585 1013 619 1040 ut
645 1008 677 1039 111
706 1007 851 1050 qualibet
880 1006 1086 1039 hebdomada
1110 1009 1164 1036 u-⁴

410 1061 640 1103 uiuscuiusque
660 1065 721 1092 tres
740 1058 1091 1096 habueritconciones,
1114 1062 1145 1089 et

412 1113 501 1145 titulo
526 1111 777 1157 praedicationis
802 1122 863 1144 nec
888 1122 1001 1144 carnes
1037 1120 1144 1143 comc-

411 1165 494 1198 derit
511 1176 570 1198 nce
595 1164 689 1198 lineis
713 1175 790 1197 usus
811 1164 919 1197 suerit.

454 1230 489 1253 11.
516 1219 638 1252 Deinde
672 1218 703 1250 in
736 1217 936 1261 superiorem
965 1217 1145 1260 praelatum

411 1274 519 1305 nullus
546 1271 621 1314 eligi
647 1271 761 1314 possit,
797 1271 850 1314 qui
882 1270 969 1313 prius
998 1279 1057 1312 pcr
1082 1275 1145 1300 tres

411 1336 511 1358 annos
537 1335 604 1357 non
630 1321 724 1356 l'uerit
749 1322 1144 1361 ministerconventualis,

411 1380 461 1411 vel
485 1389 545 1421 per
569 1377 731 1419 integrum
750 1376 938 1409 sexennium
956 1374 1146 1407 secretarius

412 1431 510 1474 patris
536 1429 708 1473 generalis,
742 1429 791 1461 vel
823 1429 928 1461 lector
962 1427 1145 1470 theologiae

412 1495 532 1524 sacrae,
558 1485 607 1516 vel
633 1483 688 1526 qui
714 1493 772 1525 per
797 1493 848 1515 sex
874 1482 936 1514 iam
963 1491 1063 1513 annos
1081 1480 1149 1513 ossi-

412 1537 495 1569 cium
521 1536 742 1580 procuratoris
760 1535 921 1577 generalis
942 1533 1149 1567 laudabiliter

411 1600 476 1622 non
502 1588 697 1628 exercuerit,
724 1589 773 1620 vel
800 1588 853 1630 qui
879 1592 951 1620 octo
971 1587 1149 1629 quadrage-

412 1642 500 1674 simis
527 1642 736 1674 concionatus
762 1651 827 1673 non
852 1639 955 1679 suerit,
982 1638 1150 1672 laudabili-

412 1702 461 1728 ter
494 1696 590 1727 ctiam
615 1700 647 1727 01
672 1705 742 1726 cum
767 1693 1009 1726 conditionibus
1036 1698 1067 1725 et
1090 1692 1150 1724 cir-

412 1747 613 1780 cumstantiis
635 1757 771 1779 numero
791 1746 1003 1779 antecedente
1021 1755 1150 1788 expres-

413 1801 466 1842 515,
481 1801 534 1844 qui
554 1811 628 1833 vero
643 1805 778 1843 propter
796 1800 929 1831 fractam
956 1808 1149 1841 aegramque

413 1853 631 1887 valetudinem
666 1852 750 1885 dicta
773 1852 877 1884 Officia
908 1861 1056 1884 exercere
1086 1861 1151 1883 non

415 1907 536 1950 potuit,
562 1907 589 1939 si
615 1911 721 1938 tamen
739 1905 779 1937 sit
796 1914 934 1948 persona
952 1904 1064 1936 aetatis
1082 1914 1152 1947 pro-

414 1965 537 1999 vectae,
565 1969 600 1991 ac
623 1958 749 1997 virtute,
789 1957 935 1990 doctrina
960 1963 991 1989 et
1016 1956 1152 1989 consilio

415 2012 573 2056 praedita,
600 2011 676 2053 eligi
701 2009 823 2053 poterit
840 2009 872 2042 in
892 2008 1107 2042 definitorem.

460 2076 508 2099 111.
536 2065 570 2098 In
595 2064 779 2097 ministrum
804 2065 998 2106 generalem,
1024 2063 1155 2107 provin-

417 2120 533 2153 cialem
551 2124 582 2151 et
601 2118 847 2151 conventualem
866 2117 941 2160 eligi
959 2128 1025 2151 11011
1043 2117 1152 2160 possit,

418 2172 472 2215 qui
498 2176 631 2214 propter
656 2171 786 2202 fractam
811 2170 1026 2202 valetudinem
1052 2170 1154 2202 choro

417 2225 573 2258 interesse
605 2234 670 2257 non
694 2224 791 2263 valet,
818 2224 866 2255 vel
887 2223 1036 2255 carnibus
1062 2222 1156 2255 vesci-

419 2284 482 2319 tur,
506 2277 665 2320 lineisque
683 2276 803 2317 utitur·,
826 2276 946 2319 poterit
963 2281 1069 2310 tamen
1087 2287 1155 2309 esse

420 2332 588 2370 definitor,
616 2331 642 2363 si
668 2329 875 2374 qualitatibus
899 2339 1036 2362 numero
1067 2334 1157 2362 ante-

420 2386 554 2418 cedente
585 2383 760 2426 designatis
792 2382 956 2426 praeditus
981 2382 1098 2423 suerit,
1126 2388 1158 2416 ct

419 2449 490 2471 cuin
515 2437 703 2470 conditione
729 2436 825 2469 etiam
850 2436 936 2479 quod
963 2440 1087 2468 tantum
1117 2437 1158 2469 sit

420 2503 502 2525 unus
527 2489 678 2524 delinitor
703 2490 755 2533 qui
781 2489 861 2522 vitae
893 2489 1069 2522 communis
1105 2500 1158 2523 au-

421 2545 598 2578 steritatem
624 2542 712 2586 sequi
734 2553 798 2575 non
821 2543 935 2575 valcat.

465 2609 507 2632 iv.
534 2597 742 2631 Decernimus
768 2596 855 2639 quod
882 2596 988 2629 nullus
1018 2595 1157 2639 eligatur

989 220 1042 243 RI'I
1053 219 1168 242 [muttit
1191 218 1342 244 Romnum

1185 267 1222 299 ad
1249 267 1326 299 duas
1351 268 1546 311 praelaturas
1571 269 1675 308 simul,
1711 279 1770 301 nee
1796 268 1922 311 praela-

1187 324 1236 351 tus
1269 319 1386 363 aliquis
1411 321 1451 353 sit
1475 321 1571 355 simul
1602 326 1796 366 procurator
1827 330 1922 364 gene-

1165 409 1166 413 *
1186 371 1274 412 ralis,
1301 377 1434 415 excepto
1456 372 1602 406 ministro
1623 373 1724 406 nostri
1742 371 1921 406 co'nventus

1165 423 1298 467 ¹Curiae
1324 424 1496 463 Romanae,
1530 436 1590 458 nec
1621 426 1771 459 similiter
1802 425 1842 458 511
1866 425 1922 458 311-

1187 476 1257 518 (11115
1281 476 1377 509 simul
1403 478 1565 519 praelatus
1598 482 1630 511 et
1663 479 1853 522 redemptor
1872 488 1921 511 ca-

1187 534 1360 571 ptlvorum.

1230 593 1260 615 v.
1288 582 1380 615 Pater
1404 583 1567 626 generalis
1586 583 1616 616 in
1635 583 1785 627 capitulo,
1807 585 1840 618 in
1857 595 1921 628 quo

1188 635 1318 678 expirat,
1334 646 1398 668 11011
1424 636 1528 679 possit
1552 636 1665 679 reeligi
1683 636 1715 669 in
1735 639 1921 679 generalem

1189 698 1292 730 neque
1319 688 1350 719 in
1376 688 1469 721 aliam
1494 689 1710 731 praelaturam
1738 688 1920 730 definitorii,

1187 739 1336 773 videlicet
1360 741 1566 783 provincialis
1598 742 1648 773 vel
1673 741 1812 773 ministri
1845 752 1918 774 con-

1187 793 1353 831 ventualis,
1380 803 1481 836 usque
1513 793 1552 826 ad
1584 792 1804 826 delinitorium
1840 795 1922 827 cele-

1187 845 1344 878 brandum
1369 857 1478 879 mense
1497 846 1692 889 septembris
1713 847 1788 879 anni
1813 847 1922 880 imme-

1187 899 1271 931 diate
1296 899 1460 943 sequentis
1486 900 1525 932 ad
1557 900 1813 933 celebrationem
1837 901 1922 943 capi-

1189 952 1244 984 tuli
1283 951 1314 984 in
1355 963 1419 995 quo
1452 952 1626 995 expiravit3
1662 953 1828 993 similiter,
1863 963 1922 991 nec

1187 1005 1260 1047 eligi
1287 1005 1414 1048 possint
1439 1016 1538 1048 usque
1563 1006 1602 1038 ad
1620 1005 1820 1049 praedictum
1845 1004 1922 1039 defi-

1187 1057 1337 1090 nitorium
1373 1057 1559 1091 definitores
1590 1060 1759 1100 generales
1795 1059 1829 1091 in
1854 1059 1922 1092 offi-

1187 1111 1271 1143 cium
1285 1110 1503 1150 definitorum,
1517 1111 1730 1154 provinciales
1741 1111 1772 1143 in
1782 1111 1921 1145 officium

1187 1164 1442 1206 provincialium,
1462 1174 1521 1197 nec
1539 1164 1677 1197 ministri
1693 1166 1921 1198 conventuales

1188 1215 1220 1248 111
1237 1216 1400 1249 ministros
1421 1217 1606 1249 carumdem
1621 1217 1799 1256 domorum,
1818 1217 1843 1249 si
1863 1227 1923 1260 per

1189 1268 1362 1301 triennium
1387 1270 1435 1301 vel
1461 1269 1615 1301 maiorem
1641 1274 1768 1312 partem
1789 1269 1922 1301 triennii

1189 1321 1285 1353 suncti
1315 1327 1390 1353 sunt
1421 1321 1527 1354 officio
1552 1332 1623 1353 5110.
1651 1321 1788 1354 Possunt
1818 1322 1923 1354 tamen

1189 1373 1242 1406 isti
1267 1374 1342 1417 eligi
1368 1374 1401 1406 in
1426 1374 1487 1406 alia
1512 1374 1616 1406 officia
1646 1375 1695 1407 vel
1715 1374 1748 1406 in
1773 1374 1836 1407 alia
1859 1384 1926 1407 mo-

1190 1427 1337 1459 nasteria.
1358 1426 1417 1459 Per
1433 1426 1589 1459 maiorem
1607 1432 1713 1459 autem
1730 1431 1855 1469 partem
1874 1426 1924 1458 tri-

1191 1479 1278 1512 ennii
1299 1479 1524 1522 intelligimus,
1544 1480 1674 1522 quando
1693 1479 1788 1512 electi
1805 1477 1926 1512 fuerint

1191 1538 1263 1565 ante
1289 1531 1507 1565 delinitor-ium
1539 1533 1691 1574 generale
1722 1532 1844 1565 mensis
1879 1542 1926 1565 se-

1191 1585 1345 1628 ptembris
1377 1586 1452 1618 anni
1485 1586 1669 1619 immediate
1695 1586 1864 1629 sequentis
1888 1586 1927 1618 ad

1192 1639 1444 1672 celebrationem
1471 1639 1604 1682 capituli
1626 1639 1859 1672 antecedentis.

1236 1702 1278 1724 vr.
1305 1691 1362 1730 Qui
1396 1703 1453 1735 per
1477 1702 1531 1724 sex
1569 1702 1671 1724 annos
1704 1691 1874 1724 continuos
1898 1696 1930 1724 01

1192 1745 1334 1787 integros
1370 1744 1540 1787 superiore
1578 1745 1761 1787 praelatura
1799 1745 1930 1777 functus

1193 1798 1260 1837 suit,
1287 1808 1351 1830 non
1375 1799 1479 1830 valeat
1504 1797 1535 1830 in
1561 1797 1702 1840 capitulo
1721 1798 1877 1840 generali,
1895 1796 1930 1830 in

1194 1861 1257 1894 quo
1291 1850 1425 1893 expirat,
1455 1849 1529 1892 eligi
1555 1850 1588 1882 in
1622 1849 1851 1890 definitorem,
1879 1850 1930 1882 vel

1194 1902 1436 1947 provincialem,
1458 1903 1507 1937 vel
1527 1902 1560 1934 in
1585 1902 1767 1935 ministrum
1793 1912 1930 1935 conven-

1196 1956 1325 1989 tualem.
1353 1955 1476 1988 Poterit
1508 1961 1615 1988 tamen
1640 1955 1672 1988 id
1697 1954 1766 1988 fieri
1791 1955 1824 1987 in
1848 1954 1930 1988 defi—

1195 2009 1316 2042 nitorio
1341 2008 1462 2041 mensis
1498 2007 1692 2051 septembris
1721 2007 1797 2040 anni
1821 2007 1933 2044 imme-

1197 2062 1282 2095 diate
1307 2061 1472 2104 sequentis
1498 2060 1536 2093 ad
1561 2060 1735 2103 capitulum
1759 2059 1852 2093 illud.
1886 2060 1935 2098 Sis

1196 2114 1316 2147 militer
1340 2113 1395 2157 qui
1420 2123 1478 2156 per
1502 2123 1555 2146 sex
1580 2123 1682 2146 annos
1708 2113 1880 2147 continuos
1901 2118 1933 2146 01

1196 2167 1339 2210 integros
1364 2166 1511 2199 minister
1535 2166 1755 2199 conventualis
1779 2166 1857 2207 suit,
1882 2168 1932 2200 vel

1196 2231 1260 2253 uno
1287 2219 1426 2253 triennio
1459 2218 1606 2252 minister
1641 2223 1673 2252 et
1703 2219 1766 2252 alio
1791 2220 1933 2266 triennio

1198 2274 1294 2307 etiam
1320 2273 1448 2316 integro
1479 2273 1643 2315 praelatus
1669 2273 1839 2316 superior,
1865 2284 1932 2307 non

1197 2327 1299 2371 possit
1323 2326 1399 2369 eligi
1424 2325 1457 2358 in
1482 2325 1663 2358 ministrum
1690 2328 1933 2360 conventualem

1198 2382 1259 2415 nisi
1286 2381 1422 2415 alicuius
1447 2381 1562 2415 domus
1590 2391 1626 2413 ex
1653 2380 1776 2414 duabus
1793 2381 1934 2414 matrici—

1199 2436 1257 2468 bus
1283 2434 1461 2477 designatis
1491 2444 1508 2466 a
1539 2433 1680 2476 capitulo
1708 2434 1850 2479 generali
1874 2418 1946 2479 pro*¹

1200 2489 1351 2532 qualibet
1369 2486 1547 2531 provincia.
1578 2486 1700 2520 Poterit
1724 2490 1832 2522 tamen
1858 2481 1947 2531 eligi

1200 2542 1231 2574 in
1259 2540 1463 2575 definitorem
1488 2540 1538 2572 vel
1565 2539 1597 2572 111
1623 2539 1853 2583 provincialem
1874 2550 1934 2584 pro

1199 2594 1302 2638 prima
1327 2594 1393 2627 vice
1419 2598 1553 2626 tautum.
1580 2592 1613 2626 lu
1646 2595 1834 2637 generalem
1857 2603 1935 2629 vero

1924 218 1977 245 An.
1994 217 2024 246 C.
2046 217 2115 246 167ss
