2279 3260
216 244 264 269 ta..
281 244 310 269 c.
336 243 402 270 ¹073
448 235 512 267 5³88

413 299 445 325 et
468 293 632 336 erigendis
657 295 706 329 ac*
735 297 859 329 illarum
885 295 1099 329 confratribus
1117 299 1148 325 et

413 347 642 380 consororibus
675 355 806 381 catenus
840 359 898 391 per
927 356 1146 390 quoscumque

414 398 576 433 Romanos
593 401 765 434 Pontifices
790 402 1055 445 praedecessores
1076 409 1148 431 suos

413 462 597 494 concessas,
625 465 779 486 revocans
811 459 842 485 et
872 452 992 485 nullius
1019 451 1148 483 roboris

414 509 443 535 ct
469 506 623 538 momenti
645 506 713 538 fore
735 506 923 544 declarans,
947 503 1098 536 omnibus
1118 513 1148 534 u-

415 557 559 600 triusque
584 569 679 590 sexus
699 557 981 596 christifidelibus,
1000 555 1053 598 qui
1071 566 1148 588 0011-

415 611 633 643 fraternitates
669 611 728 642 sul)
761 610 967 642 invocatione
1005 608 1147 641 eiusdem

413 663 466 696 SS.
494 664 655 696 Trinitatis
685 662 919 705 redemptionis
950 662 1147 705 captivorum

413 715 515 747 ubivis
530 717 673 748 locorum
698 722 760 748 tam
779 722 910 747 eatenus
927 715 1082 747 canonice
1100 714 1149 745 in-

414 768 558 808 stitutas,
586 780 678 810 quam
697 769 851 811 deinceps
876 767 1089 800 instituendas
1116 767 1147 799 in

412 827 573 862 posterum
592 821 851 862 ingrederentur,
872 827 903 853 01
917 820 1061 853 habitum
1081 820 1146 852 sive

413 873 628 914 scapularium
668 873 836 915 religionis
867 873 1071 906 benedictum
1108 873 1146 905 de

413 936 506 956 mann
538 925 671 958 alicuius
699 925 880 968 superioris
905 925 1034 958 Ordinis
1064 925 1148 957 eius-

414 978 486 1009 dem
504 977 556 1010 SS.
576 978 737 1010 Trinitatis
756 977 989 1021 redemptionis
1007 977 1164 1020 captivor

414 1042 495 1066 rum„
516 1031 583 1063 sine
605 1031 742 1064 alieuius
761 1031 825 1064 voti
844 1031 1027 1071 emissione,
1047 1041 1148 1063 susce-

414 1083 558 1125 pissent,
585 1084 635 1116 die
662 1083 766 1127 primo
792 1094 903 1116 eorum
927 1084 1103 1125 ingressus,
1122 1083 1148 1116 si

415 1146 487 1167 rere
502 1136 707 1178 poenitentes
719 1141 750 1168 et
763 1137 900 1169 confessi
916 1136 1149 1169 sanctissimum

414 1187 634 1221 Eucharistiae
653 1194 891 1221 sacramentum
913 1189 1148 1231 sumpsissent,
1170 1223 1171 1226 Ἰ

414 1241 608 1283 11101111111111η
628 1251 663 1273 ac
682 1247 743 1274 tam
762 1241 839 1284 ipsis
858 1247 931 1274 tunc
950 1247 980 1274 et
996 1252 1056 1284 pro
1075 1247 1150 1274 tem-

414 1304 492 1335 pore
520 1293 743 1326 describendis
769 1304 865 1336 quam
890 1293 953 1325 iarn
980 1293 1150 1336 descriptis

413 1346 445 1378 in
474 1346 565 1378 dictis
590 1347 911 1379 confraternitatibus
937 1347 1150 1379 confratribus

413 1404 445 1431 et
459 1399 698 1440 consororibus,
712 1399 745 1431 in
759 1399 931 1432 cuiuslibet
942 1410 1052 1432 eorum
1066 1409 1150 1432 mor-
1170 1429 1171 1432 ,

415 1451 452 1483 115
466 1451 612 1492 articulo,
628 1451 652 1483 si
667 1452 790 1494 pariter
807 1462 882 1484 vere
898 1451 1106 1494 poenitentes
1120 1457 1151 1484 et
1171 1477 1172 1480 ¹

413 1505 562 1544 confessi,
587 1507 745 1547 sacraque
771 1505 995 1537 communione
1027 1505 1148 1546 refecti,

413 1562 443 1589 et
468 1557 684 1600 seapularium
709 1556 785 1589 dicti
805 1556 933 1589 Ordinis
958 1557 1148 1598 deferentes,

413 1620 530 1642 nomen
555 1610 625 1642 lesu
652 1620 718 1649 ore,
739 1609 764 1641 si
783 1616 928 1652 possent,
954 1610 1002 1642 sin
1028 1610 1148 1651 minus,

413 1662 508 1694 corde
538 1663 651 1694 devote
681 1662 886 1702 invocarent,
914 1663 1010 1695 etiam
1037 1664 1150 1706 plena-

413 1716 513 1755 riam;
552 1726 679 1748 necnon
717 1715 840 1748 eisdem
877 1716 1091 1749 confratribus
1119 1722 1150 1749 et

412 1769 656 1809 consororibus,
682 1769 735 1812 qui
761 1769 910 1802 similiter
941 1780 1016 1803 vere
1041 1771 1150 1813 poeni-

414 1827 517 1854 tentes
544 1828 575 1854 et
595 1822 743 1861 confessi,
764 1833 799 1854 ac
817 1825 905 1854 sacra
924 1823 1148 1856 communione

413 1875 540 1915 refecti,
568 1875 618 1907 die
637 1876 718 1908 festo
737 1876 966 1909 Sanctissimae
986 1877 1150 1909 Trinitatis

414 1928 566 1960 ecclesias
590 1929 639 1960 vel
665 1929 831 1971 cappellas
856 1940 912 1961 seu
940 1930 1080 1963 oratoria
1105 1930 1150 1962 di-

413 1981 456 2013 cti
487 1980 615 2013 Ordinis
640 1982 689 2013 vel
719 1982 1019 2014 confraternitatum
1044 1983 1150 2015 huius-

414 2033 501 2066 modi
519 2033 631 2065 devote
649 2033 876 2074 visitat-issent,
892 2041 923 2067 et
935 2034 978 2067 ibi
996 2046 1054 2078 pro
1068 2036 1149 2068 cliri-

414 2087 595 2119 stianorum
619 2086 800 2129 principum
821 2088 1006 2129 concordia,
1033 2089 1150 2121 haere-

414 2151 483 2172 sum
511 2139 736 2182 extirpatione,
756 2151 791 2172 ac
812 2146 938 2173 sanctae
963 2142 1073 2174 matris
1097 2143 1150 2175 Ec-

415 2194 533 2226 clesiae
551 2193 745 2226 exaltatione
764 2195 953 2234 oravissent,
970 2197 1149 2238 plenariam

415 2247 585 2287 similiter3
613 2247 733 2279 eisdem
760 2247 855 2279 etiam
877 2248 1092 2281 confratribus
1119 2255 1149 2281 et

416 2300 659 2339 consortiiribus,
672 2300 724 2342 qui
740 2311 797 2341 pro
812 2301 1012 2343 captivorum
1030 2302 1149 2334 redem-

416 2352 529 2396 ptione
548 2352 694 2385 iacienda
707 2353 745 2384 ad
761 2358 867 2395 partes
885 2353 1062 2386 infidelium
1080 2366 1149 2398 pro-

416 2407 612 2446 ticisruntur,
632 2405 656 2438 si
682 2411 755 2438 ante
775 2406 949 2439 discessum
974 2418 1048 2440 vere
1074 2418 1151 2450 poe-

416 2460 556 2491 nitentes
582 2465 613 2491 et
637 2459 775 2491 confessi
802 2459 888 2491 idem
915 2460 1150 2493 sanctissimum

416 2512 635 2544 Eucharistiae
672 2518 904 2544 sz‘tcramentum
931 2514 1147 2556 susceperint,

415 2565 641 2598 salutationem
660 2565 850 2607 angelicam,
868 2571 896 2597 et
919 2565 948 2597 in
968 2565 1029 2598 linc
1050 2568 1150 2600 semel

449 2629 462 2655 1
484 2627 624 2656 Coniunct.
645 2636 677 2654 uc
698 2635 744 2655 nos
765 2627 886 2654 addimus
905 2630 942 2663 (n.
960 2629 1008 2662 T.).

996 246 1173 271 Britannis!
1198 246 1347 271 Romamn!

1189 294 1366 336 plenariam
1391 295 1530 338 paritcr;
1548 305 1674 328 necnon
1700 294 1846 338 ipsismet
1869 303 1922 326 ca-

1189 345 1282 388 ptivis
1306 347 1502 390 redemptis,
1528 348 1553 379 si
1579 348 1662 380 idem
1688 352 1761 390 post
1784 345 1923 379 reditum

1190 398 1273 430 1111111
1283 409 1426 431 mensem
1438 399 1771 442 egissent,plenariam
1783 398 1926 431 omnium

1191 456 1395 492 peccatorum
1418 462 1549 484 suorum
1566 451 1804 494 indulgentiam
1822 457 1854 484 et
1874 461 1926 483 10-

1191 503 1379 536 missionem
1421 504 1678 537 misericorditer
1716 504 1748 536 in
1787 504 1926 537 Domino

1190 555 1362 587 concessit.

1234 608 1248 649 ξ
1273 607 1303 640 ⁶2.
1342 608 1478 650 Insuper
1513 608 1629 641 iisdem
1660 607 1874 641 confratribus
1894 612 1926 640 et

1190 659 1440 699 consororibus,
1467 660 1520 703 qui
1551 660 1671 692 dictum
1707 660 1925 703 scapularium

1190 724 1245 744 seu
1272 713 1415 745 liabitmn
1440 713 1649 745 benedictum
1674 723 1744 745 cum
1767 713 1859 755 signo
1877 723 1928 745 re—

1191 766 1386 808 demptionis
1422 771 1553 801 nostrae
1589 776 1649 809 pro
1685 766 1791 799 cordis
1816 765 1928 798 alfectu

1191 824 1363 860 gestarent,
1382 824 1411 851 et
1436 819 1534 851 semel
1558 818 1591 850 in
1617 819 1668 851 die
1687 819 1793 851 sexies
1815 818 1930 851 oratio-

1191 882 1263 904 nem
1289 871 1501 911 dominicam,
1534 882 1606 903 cum
1630 871 1788 904 versiculo
1816 870 1930 904 Gloria

1191 925 1298 965 Patri,
1317 930 1391 964 etc.‚
1413 930 1445 957 01
1463 924 1596 957 totidem
1615 923 1737 956 vicibus
1763 923 1931 957 salutatio-

1191 988 1265 1009 nem
1299 977 1488 1019 angelicam,
1514 987 1584 1009 cum
1618 977 1732 1009 eodem
1757 976 1929 1017 versiculo,

1191 1040 1248 1072 pro
1265 1040 1344 1072 pace
1366 1029 1617 1062 christianorum
1635 1029 1835 1072 principum,
1862 1039 1931 1061 san-

1192 1088 1261 1114 etae
1277 1082 1386 1115 matris
1403 1082 1566 1114 Ecclesiae
1585 1082 1790 1121 exaltatione,
1807 1087 1839 1114 et
1855 1082 1930 1113 liae-

1191 1145 1300 1167 resum
1336 1135 1552 1178 extirpatione
1589 1135 1772 1174 recitarent,
1804 1139 1929 1176 Septem

1192 1199 1292 1220 annos
1309 1194 1339 1220 et
1356 1188 1490 1220 totidem
1508 1188 1730 1231 quadragenas
1747 1198 1753 1219 z
1773 1187 1826 1229 qui
1853 1197 1929 1219 vero

1192 1240 1225 1272 in
1244 1240 1330 1272 festis
1346 1240 1524 1272 Nativitatis
1543 1247 1573 1272 et
1590 1239 1848 1272 Resurrectionis
1868 1239 1931 1272 Do-

1193 1293 1271 1324 mini
1298 1293 1400 1325 nostri
1425 1293 1495 1324 Iesu
1519 1292 1649 1331 Christi,
1671 1303 1707 1324 ac
1724 1292 1927 1334 Assumptio-

1193 1346 1242 1378 nis
1267 1346 1382 1378 beatae
1416 1346 1533 1378 Mariae
1566 1345 1715 1388 Virginis,
1749 1351 1780 1378 et
1800 1351 1931 1378 sanctae

1193 1398 1325 1440 Agnetis
1343 1399 1501 1438 secundo,
1521 1399 1553 1431 in
1571 1409 1635 1441 quo
1653 1398 1704 1431 die
1722 1399 1825 1431 dictus
1846 1397 1930 1431 Ordo

1192 1457 1271 1483 nutu
1301 1452 1409 1484 divino
1436 1452 1494 1483 fuit
1522 1451 1699 1491 institutus,
1726 1451 1855 1484 Ordinis
1879 1452 1928 1484 vel

1193 1505 1494 1537 confraternitatum
1510 1504 1753 1547 praedictarum
1776 1505 1930 1537 ecelesias

1193 1559 1241 1590 vel
1267 1558 1432 1601 cappellas
1449 1568 1506 1590 seu
1524 1558 1668 1590 oratoria
1685 1558 1879 1598 visitassent,
1898 1563 1931 1590 et

1192 1612 1235 1644 ibi
1260 1616 1294 1643 ut
1319 1611 1499 1654 praefertur
1518 1612 1705 1651 oravissent,
1726 1616 1853 1654 septem
1879 1622 1930 1643 an-

1193 1675 1250 1697 nos
1282 1669 1313 1697 et
1348 1664 1483 1697 totidem
1525 1665 1767 1707 quadragenas3
1801 1674 1929 1697 necnon

1193 1718 1289 1750 etiam
1307 1716 1386 1760 ipsis
1402 1717 1619 1750 confratribus
1636 1723 1666 1750 et
1685 1717 1927 1757 consororibus,

1193 1772 1246 1814 qui
1263 1782 1326 1803 uno
1342 1771 1515 1803 cuiuslibet
1529 1771 1649 1803 mensis
1668 1771 1830 1804 dominico
1845 1771 1895 1803 die
1912 1781 1929 1803 a

1192 1824 1419 1867 superioribus
1447 1824 1522 1856 dicti
1550 1824 1677 1856 Ordinis
1702 1824 1929 1866 praescriben-

1193 1878 1245 1917 do,
1259 1878 1290 1909 in
1306 1888 1371 1920 quo
1387 1878 1424 1910 de
1440 1877 1598 1909 Ordinarii
1619 1877 1749 1909 licentia
1763 1877 1928 1919 processio

1192 1930 1296 1970 fieret,
1316 1941 1410 1973 quam
1429 1931 1595 1973 appellant
1612 1929 1805 1972 scapularis,
1823 1929 1927 1962 eidem

1193 1982 1394 2026 processioni
1420 1993 1495 2015 vere
1518 1982 1723 2025 poenitentes
1743 1988 1774 2014 et
1791 1982 1926 2015 confessi

1193 2036 1427 2075 interfuissent,
1455 2041 1578 2078 septem
1605 2045 1708 2067 annos
1735 2040 1766 2067 et
1792 2035 1928 2068 totidem

1193 2091 1428 2133 quadragenas,
1444 2089 1522 2132 ipsis
1541 2088 1691 2121 similiter
1710 2089 1925 2121 confratribus

1192 2149 1223 2175 ct
1248 2142 1478 2175 consororibus
1495 2142 1549 2185 pia
1574 2152 1674 2184 opera
1700 2142 1926 2175 exercentibus

1193 2202 1255 2228 tam
1268 2194 1447 2238 spiritualia
1459 2205 1555 2237 quam
1572 2195 1762 2236 temporalia
1776 2194 1927 2238 iii-peeca-

1193 2255 1296 2281 torum
1322 2258 1451 2281 suorum
1478 2248 1702 2280 remissionem
1721 2259 1780 2290 pro
1799 2249 1926 2281 redem—

1192 2302 1302 2345 ptione
1318 2300 1516 2343 captivorum
1528 2311 1545 2332 a
1556 2300 1730 2332 'furcarum
1745 2307 1772 2333 et
1789 2301 1926 2333 aliorum

1191 2355 1371 2388 infidelium
1390 2353 1556 2393 servitute,
1569 2359 1691 2396 septem
1710 2365 1812 2386 annos
1832 2360 1863 2387 et
1881 2361 1926 2388 to-

1193 2409 1291 2441 tidem
1310 2408 1552 2450 quadragenas,
1575 2407 1638 2439 illis
1658 2418 1733 2439 vero
1755 2407 1925 2451 utriusque

1193 2472 1286 2493 sexus
1305 2459 1519 2493 confratribus
1539 2471 1611 2492 vere.
1630 2460 1876 2503 poenitentibus
1894 2466 1926 2493 et

1193 2514 1364 2553 confessis,
1381 2525 1417 2546 ae
1435 2516 1522 2545 sacra
1539 2513 1767 2547 comrmmione
1785 2514 1924 2555 refectis,

1194 2567 1247 2609 qui
1262 2566 1407 2609 quotidie
1426 2577 1619 2609 perannum
1635 2566 1857 2599 101111111550111
1877 2572 1926 2599 101

1193 2619 1376 2652 Orationem
1393 2620 1600 2662 dominicam,
1615 2628 1642 2653 et
1659 2620 1791 2654 totidem
1806 2621 1926 2654 vicibus

1932 241 1982 269 An.
2002 243 2029 269 0.
2048 236 2115 269 1613

1969 620 1994 640 Et
2013 620 2120 645 indulgen-

1937 647 1985 666 tiam
1995 649 2072 672 septcm
2084 652 2119 666 an·

1938 679 2009 693 norunt
2030 676 2049 691 et
2073 673 2119 691 tuti·

1937 699 1983 719 dein
2004 698 2121 724 quidmue·

1938 731 2010 745 narum
2024 725 2069 744 aliis
2085 730 2121 750 pa-

1939 751 1989 771 ritet·
1997 751 2120 771 casibustiie

1939 783 2051 803 expressis.
