2279 3260
196 248 244 276 An.
261 248 290 277 C.
312 249 380 277 267AE

215 2520 326 2542 Decretum
344 2520 373 2541 ir-

189 2549 260 2569 rttaus.

1020 251 1161 276 CLEMENS
1182 251 1201 275 X
1224 251 1274 276 1³1².

390 300 494 332 causis
519 300 703 334 huiusmodi
736 301 768 334 in
788 301 955 344 praedicta
981 301 1120 333 cardina-

390 352 467 385 lium
491 353 749 396 Congregatione
775 354 1006 397 pendentibus,
1037 362 1117 385 eon-

391 409 440 437 tra
467 405 586 438 dictum
605 406 858 446 Emmanuelem,
888 405 1040 448 illiusque
1068 405 1122 437 ad-

390 462 528 497 vocatos,
552 464 795 501 procuratores,
817 458 1041 491 sollicitatores
1058 484 1065 497 ,
1092 467 1122 488 a-

391 514 514 552 gentes,
533 519 591 543 seu
612 511 814 554 negotiorum
833 516 990 553 gestores,
1010 509 1134 553 ‹provis1

389 562 504 603 modo,
530 563 650 596 directe
675 565 725 597 vel
753 564 933 604 indirecte,
959 573 1014 595 seu
1044 561 1121 594 alias
1142 598 1144 609 1

1142 618 1144 627 ”
1165 615 1260 648 etiam
1285 616 1315 648 iu
1341 626 1477 659 corpore
1509 616 1587 648 iuris
1612 616 1736 655 clauso,
1769 615 1872 647 notari
1888 642 1895 655 ,

390 616 642 659 quomodolibet,
667 627 727 660 per
750 627 806 650 vos
832 616 936 660 ipsos,
962 625 1018 648 seu
1044 613 1122 646 alios

389 669 559 711 quoslibet,
578 669 701 712 aliquid
719 674 876 702 attentare
889 669 940 701 vel
959 669 1122 705 innovare,
1143 693 1144 696 ,

390 726 445 753 aut
469 722 639 764 quominus
665 722 849 755 commissio
876 727 908 754 et
931 721 1056 754 litterae
1088 730 1123 751 ac

389 774 539 807 mandata
563 779 595 807 et
619 775 681 807 alia
705 774 882 818 praemissa
907 773 1034 806 debitae
1052 782 1123 804 exe-

390 827 511 859 cutioni
527 829 720 861 mandentur
736 828 905 871 impedire,
922 833 977 859 aut
993 826 1024 857 in
1046 825 1124 857 indi-

390 879 440 912 cio
460 881 507 912 vel
526 885 612 913 extra
636 880 716 913 illud
731 891 785 913 vos
806 890 973 922 opponere
987 879 1036 910 vel
1053 887 1123 909 con-

390 932 546 965 tradicere
560 933 626 965 ullo
640 933 737 965 modo
755 932 898 965 audeatis
917 942 976 964 seu
991 940 1123 973 praesu-

389 984 493 1017 matis.
516 985 553 1017 Et.
573 990 730 1028 quatenus
749 984 868 1027 aliquid
885 985 990 1016 forsan
1011 988 1123 1014 contra

389 1037 540 1070 eumdem
564 1037 818 1076 Emmanuelem,
836 1037 972 1079 eiusque
991 1036 1123 1068 advoca-

389 1094 449 1130 tos,
470 1095 708 1132 procuratores,
728 1089 962 1129 sollicitatores,
981 1092 1121 1130 agentes,

389 1152 445 1174 seu
471 1142 681 1185 negociorum
706 1147 869 1185 gestores,
895 1141 928 1174 in
953 1143 1043 1173 causa
1068 1150 1123 1172 seu

389 1195 492 1227 causis
518 1195 715 1233 huiusmodi,
742 1199 815 1238 post
840 1198 1001 1227 emanatas
1020 1204 1036 1225 a
1057 1203 1124 1225 me-

388 1247 521 1280 moratis
547 1246 767 1280 cardinalibus
786 1247 909 1279 litteras
934 1245 1123 1289 praedictas,

389 1310 448 1343 per
464 1311 519 1333 vos
541 1310 599 1333 seu
619 1305 759 1332 vestrum
779 1299 978 1343 quemlibet,
1003 1304 1055 1330 aut
1072 1308 1122 1331 ve-

388 1356 456 1386 stra
483 1364 540 1386 seu
565 1353 736 1386 cuiuslibet
767 1358 906 1385 vestrum
933 1352 1122 1384 auctoritate

388 1408 437 1439 vcl
463 1407 625 1446 mandato,
650 1406 806 1438 hactenus
832 1405 944 1449 quovis
965 1405 1060 1438 modo
1078 1410 1123 1437 at—

388 1464 546 1492 tentatum
583 1470 640 1492 seu
666 1459 852 1491 innovatum
878 1458 937 1498 sit,
964 1458 995 1490 id
1022 1463 1122 1490 totum

387 1513 513 1555 penitus
539 1518 570 1545 et
595 1512 726 1545 omnino
751 1511 922 1551 revocetis,
952 1511 1123 1543 annulletis

389 1571 421 1597 et
443 1565 723 1604 circumscribatis,
743 1575 777 1597 ac
803 1565 834 1596 in
861 1563 1032 1607 pristinum
1059 1569 1121 1595 sta-

388 1622 455 1649 tum
481 1617 656 1657 reducatis,
683 1616 826 1659 alioquin
846 1621 888 1656 tu,
913 1616 1010 1649 frater
1030 1616 1122 1648 Petre

388 1670 635 1713 archiepiscope
656 1669 830 1712 inquisitor
854 1670 1024 1711 generalis,
1049 1679 1118 1701 sus-

387 1722 555 1766 pensionis
586 1723 625 1755 ab
654 1721 805 1755 exercitio
831 1721 1062 1764 pontificalium
1091 1727 1122 1754 ct

387 1775 549 1808 interdicti
575 1775 614 1807 ab
644 1774 792 1817 ingressu
819 1774 974 1806 ecclesiae
999 1779 1030 1806 et
1058 1774 1144 1817 pri-¹

388 1828 525 1860 vationis
550 1826 692 1859 muneris
718 1827 920 1870 inquisitoris
946 1827 1120 1869 generalis,

386 1891 441 1913 vos
459 1891 541 1920 vero,
560 1880 616 1912 filii
638 1879 753 1922 reliqui
772 1879 990 1922 inquisitores,
1010 1880 1121 1912 vestri-

387 1944 448 1976 que
474 1931 654 1975 respective
680 1932 868 1972 consiliarii,
894 1938 1120 1975 procuratores

385 1985 520 2026 fiscales,
539 1984 760 2025 commissarii,
780 1996 970 2026 assessores,
990 1986 1119 2027 notarii,

385 2038 550 2081 ceterique
575 2038 728 2071 officiales
755 2043 786 2071 et
811 2038 968 2078 ministri,
996 2049 1121 2072 excom-

384 2091 613 2125 municationis
642 2092 724 2124 latae
753 2092 931 2125 sententiae
956 2103 990 2125 ac
1016 2093 1121 2136 priva-

386 2144 482 2177 tionis
495 2144 675 2177 officiorum
689 2144 991 2188 quomodocumque
1014 2146 1052 2178 ad
1067 2146 1120 2178 tri-

385 2197 483 2230 bunal
518 2196 550 2230 S.
587 2197 685 2230 Officii
726 2198 966 2240 spectantium,
999 2209 1119 2242 poenas

385 2251 458 2294 ipso
484 2251 566 2284 sacto
595 2256 627 2283 et
657 2251 779 2294 absque
805 2252 870 2284 ulla
901 2252 1118 2287 declaratione

384 2314 440 2336 vos
464 2303 639 2347 respective
674 2304 828 2336 noveritis
864 2303 1072 2347 incursuros,
1103 2318 1119 2339 a

385 2356 500 2399 quibus
525 2356 764 2390 absolutionem
788 2357 880 2399 nobis
897 2362 929 2391 et
953 2358 1027 2391 huic
1052 2370 1118 2391 san-

385 2415 453 2442 etae
478 2409 551 2442 Sedi
577 2409 781 2452 Apostolicae
807 2410 991 2454 specialiter
1015 2422 1118 2445 reser-

383 2472 504 2495 vamus.

427 2516 442 2558 g
467 2515 498 2547 7.
528 2514 746 2548 Deeernentes
776 2516 906 2549 easdem
928 2523 1116 2560 praesentes

381 2568 517 2607 litteras,
537 2567 615 2600 etin
642 2567 687 2600 eis
712 2573 862 2601 contenta
883 2580 1116 2614 quaecumque,

383 2619 422 2655 dc
440 2619 668 2664 subreptionis,
688 2621 736 2653 vel
754 2620 963 2665 obreptionis,
980 2628 1028 2655 aut
1050 2624 1104 2656 nul

1793 242 1852 276 1491

1163 299 1261 332 litatis
1287 299 1372 339 vitio,
1391 310 1446 333 sen
1472 300 1658 334 intentionis
1683 305 1823 341 nostrae,
1844 305 1893 332 aut

1163 352 1226 385 alio
1252 353 1403 396 quolibet,
1426 353 1520 385 etiam
1538 353 1742 396 quantumvis
1770 352 1894 385 formali

1164 411 1195 438 ct
1218 405 1421 438 substantiali
1448 417 1482 438 ac
1501 404 1698 438 individuam
1719 405 1896 447 expressio-

1141 464 1238 491 *nem
1262 458 1445 502 requirente
1473 458 1608 497 defectu,
1637 458 1732 490 etiam
1759 468 1794 489 cx
1821 468 1897 500 qua-

1164 521 1301 553 cumque
1326 511 1528 553 cpiantumvis
1553 510 1687 543 iuridica
1711 515 1743 543 et
1767 510 1898 552 privile-

1165 563 1247 605 giata
1265 565 1367 603 causa,
1389 564 1508 602 colore,
1527 567 1696 606 praetextu
1715 563 1764 594 vel
1782 562 1897 605 capite,

1165 667 1367 710 impugmui,
1395 668 1524 711 infringi
1554 669 1601 701 vel
1628 667 1815 707 invalidari,
1846 672 1899 699 aut

1165 721 1197 753 in
1222 721 1471 754 controvmsiaiu
1496 721 1650 761 revocari,
1672 731 1727 753 seu
1746 721 1899 753 adversus

1165 773 1236 805 illas
1262 774 1450 816 aperitionis
1476 774 1554 814 oris,
1574 773 1784 806 restitutionis
1802 773 1832 805 in
1853 773 1900 805 in-

1167 832 1301 867 tegrum,
1320 826 1444 859 aliudve
1464 826 1692 869 quodcumque
1711 826 1789 858 iuris
1808 831 1840 858 et
1861 826 1901 858 sa-

1166 878 1205 910 cti
1230 879 1278 910 vel
1304 879 1423 920 gratiae
1458 879 1637 912 rei‘nedium
1671 879 1824 911 intentari
1851 879 1899 911 vel

1167 929 1340 972 impetrari,
1356 941 1412 962 seu
1430 931 1614 974 impetrato,
1627 932 1676 964 vel
1691 932 1784 963 etiarn
1800 936 1898 970 motu,

1166 982 1298 1015 scientia
1323 988 1355 1015 et
1386 984 1554 1026 potestatis
1588 984 1790 1027 plenitudine
1816 984 1901 1028 pari-

1166 1035 1226 1067 bus
1252 1045 1408 1068 concesso
1425 1037 1473 1069 vel
1494 1041 1650 1077 emanato,
1669 1037 1851 1080 quempiam
1869 1038 1901 1070 in

1167 1087 1285 1120 iudicio
1310 1088 1358 1120 vel
1384 1093 1472 1121 extra
1494 1088 1573 1122 illud
1593 1089 1639 1121 uti
1657 1100 1715 1122 seu
1740 1100 1773 1122 se
1794 1089 1902 1123 iuvare

1167 1141 1257 1173 nullo
1282 1141 1380 1173 modo
1413 1151 1556 1184 unquam
1580 1152 1698 1184 posse,
1724 1142 1781 1175 sed
1817 1142 1902 1185 ipsas

1166 1198 1357 1236 praesentes
1372 1193 1497 1226 litteras
1512 1193 1632 1234 firmas,
1649 1193 1771 1227 validas
1789 1199 1820 1227 et
1838 1195 1904 1228 effi-

1166 1256 1258 1278 caces
1276 1246 1416 1279 existere
1434 1251 1465 1278 et
1479 1246 1558 1287 sore,
1574 1256 1715 1290 suosque
1736 1247 1902 1290 plenarios

1167 1304 1198 1331 et
1220 1297 1363 1341 integros
1388 1298 1522 1332 effectus
1548 1299 1657 1332 sortiri
1683 1305 1714 1332 et
1738 1299 1903 1340 obtinere,

1167 1362 1201 1384 ac
1220 1362 1237 1383 a
1262 1351 1352 1384 vobis
1383 1357 1414 1385 et
1441 1351 1520 1393 aliis,
1548 1353 1586 1385 ad
1616 1363 1698 1396 quos
1724 1357 1849 1396 spectat
1872 1358 1904 1385 et

1166 1405 1323 1448 spectabit
1341 1405 1373 1437 in
1398 1405 1549 1447 futurum,
1571 1406 1602 1438 in
1620 1406 1768 1439 omnibus
1790 1412 1821 1439 et
1844 1417 1904 1449 per

1166 1459 1275 1491 onmia
1294 1456 1528 1492 inviolabiliter
1549 1460 1730 1499 observari,
1745 1459 1855 1502 sicque
1872 1464 1904 1492 et

1166 1522 1228 1544 non
1247 1511 1326 1543 alias
1344 1511 1376 1543 in
1394 1511 1581 1554 praemissis
1597 1522 1656 1554 per
1680 1522 1901 1555 quoscumque

1165 1564 1288 1597 iudices
1313 1564 1499 1597 ordinarios
1531 1570 1563 1600 et
1598 1564 1776 1607 delegatos,
1805 1564 1901 1597 etiam

1165 1627 1332 1649 causarum
1350 1617 1460 1660 palatii
1478 1617 1645 1660 apostolici
1666 1617 1841 1657 auditores
1867 1628 1903 1650 ac

1164 1669 1195 1702 S.
1216 1669 1253 1702 R.
1273 1670 1307 1702 E.
1329 1670 1518 1710 cardinales,
1533 1670 1629 1702 etiam
1651 1670 1804 1703 delatere
1818 1671 1902 1713 lega-

1165 1730 1222 1763 tos,
1238 1723 1355 1756 aliosve
1380 1723 1544 1766 quoslibet
1568 1733 1769 1767 quacumque
1788 1716 1902 1767 praee-

1164 1776 1321 1809 minentia
1343 1781 1374 1808 et
1391 1781 1555 1819 potestate
1581 1776 1753 1819 fungentes
1778 1783 1810 1810 et
1834 1778 1902 1810 fun-

1164 1834 1284 1869 cturos,
1296 1828 1421 1861 sublata
1435 1823 1481 1862 ei‘s
1501 1834 1534 1862 et
1550 1839 1664 1862 eorum
1682 1829 1815 1863 cuilibet
1828 1841 1901 1874 qua-

1163 1882 1208 1914 vis
1233 1881 1327 1915 aliter
1351 1881 1514 1914 iudicandi
1541 1887 1572 1915 et
1594 1881 1834 1925 interpretandi
1861 1883 1901 1916 sa-

1164 1935 1280 1968 cultate
1306 1940 1338 1968 et
1357 1935 1561 1975 auctoritate,
1588 1934 1723 1968 iudicari
1741 1940 1774 1968 et
1789 1935 1900 1969 defini-

1165 1988 1191 2020 ri
1217 1988 1353 2028 debere,
1373 1999 1409 2021 ac
1426 1988 1553 2020 irritum
1578 1993 1610 2020 et
1634 1988 1728 2022 inane
1753 1989 1778 2021 si
1803 1999 1897 2023 secus

1163 2051 1260 2084 super
1284 2041 1334 2073 his
1359 2051 1376 2073 a
1396 2051 1569 2084 quoquam,
1596 2041 1706 2085 quavis
1728 2042 1900 2074 auctorita-

1163 2099 1205 2135 te,
1225 2094 1364 2126 scienter
1380 2094 1428 2126 vel
1446 2094 1645 2137 ignoranter,
1662 2094 1837 2138 eontigerit
1853 2100 1899 2127 at-

1164 2146 1293 2180 tentari.

1206 2200 1220 2243 g
1245 2198 1275 2232 8.
1303 2199 1371 2232 Non
1390 2199 1595 2233 obstantibus
1619 2201 1822 2244 praemissis,
1843 2212 1896 2243 ac,

1162 2258 1321 2297 quatenus
1337 2264 1416 2296 opus
1435 2253 1489 2294 sit,
1508 2255 1618 2287 nostra
1639 2259 1671 2287 et
1685 2255 1897 2289 cancellariae

1162 2305 1359 2349 apostolicae
1385 2307 1495 2349 regula
1517 2306 1556 2339 de
1580 2306 1651 2339 iure
1669 2308 1815 2350 quaesito
1831 2318 1897 2340 non

1162 2359 1319 2399 tollendo,
1342 2359 1477 2403 aliisque
1502 2359 1698 2403 apostolicis,
1716 2371 1751 2393 ac
1773 2360 1807 2393 in
1826 2361 1898 2394 uni-

1162 2412 1339 2446 versalibus
1363 2413 1682 2458 provincialibusque
1707 2419 1739 2446 et
1763 2414 1900 2458 synoda-

1162 2465 1245 2498 libus
1259 2464 1405 2497 conciliis
1422 2465 1526 2505 editis,
1542 2466 1749 2508 generalibus
1764 2468 1813 2499 vel
1831 2477 1901 2510 spe-

1162 2518 1310 2558 cialibus,
1331 2518 1617 2551 constitutionibus
1636 2523 1667 2551 et
1684 2518 1900 2552 ordinationi-

1162 2572 1235 2611 bus,
1251 2582 1379 2604 necnon
1393 2571 1569 2615 quibusvis,
1590 2572 1686 2604 ctiam
1705 2571 1896 2611 iuramento,

1161 2623 1408 2658 confirmatione
1434 2624 1622 2667 apostolica,
1646 2625 1691 2657 rel
1719 2624 1829 2668 quavis
1846 2623 1899 2660 fir-

1904 251 1953 277 An.
1969 250 1997 277 C.
2020 248 2087 276 1674

1976 2208 2092 2229 Contrariis

1908 2236 2004 2262 derogat.
