<?xml version="1.0" encoding="UTF-8"?>
<!DOCTYPE html PUBLIC "-//W3C//DTD XHTML 1.0 Transitional//EN"
    "http://www.w3.org/TR/xhtml1/DTD/xhtml1-transitional.dtd">
<html xmlns="http://www.w3.org/1999/xhtml" xml:lang="en" lang="en">
 <head>
  <title>
</title>
<meta http-equiv="Content-Type" content="text/html;charset=utf-8" />
  <meta name='ocr-system' content='tesseract 3.04.00' />
  <meta name='ocr-capabilities' content='ocr_page ocr_carea ocr_par ocr_line ocrx_word'/>
</head>
<body>
  <div class='ocr_page' id='page_1' title='image "./bullarumdiplomat18cath_0446.png"; bbox 0 0 2279 3260; ppageno 0'>
   <div class='ocr_carea' id='block_1_1' title="bbox 227 229 1160 959">
    <p class='ocr_par' dir='ltr' id='par_1_1' title="bbox 227 229 518 264">
     <span class='ocr_line' id='line_1_1' title="bbox 227 229 518 264; baseline -0.007 0"><span class='ocrx_word' id='word_1_1' title='bbox 227 238 273 264; x_wconf 66' lang='grc' dir='ltr'>Λη.</span> <span class='ocrx_word' id='word_1_2' title='bbox 295 237 321 262; x_wconf 71' lang='lat' dir='ltr'>c..</span> <span class='ocrx_word' id='word_1_3' title='bbox 344 237 408 263; x_wconf 69' lang='lat'>¹673</span> <span class='ocrx_word' id='word_1_4' title='bbox 454 229 518 262; x_wconf 67' lang='lat'>1108</span> 
     </span>
    </p>

    <p class='ocr_par' dir='ltr' id='par_1_2' title="bbox 422 286 1160 959">
     <span class='ocr_line' id='line_1_2' title="bbox 465 286 1154 329; baseline -0.006 -10"><span class='ocrx_word' id='word_1_5' title='bbox 465 288 479 329; x_wconf 54' lang='grc' dir='ltr'>ς’</span> <span class='ocrx_word' id='word_1_6' title='bbox 503 286 534 319; x_wconf 80' lang='grc'>9.</span> <span class='ocrx_word' id='word_1_7' title='bbox 562 287 779 319; x_wconf 81' lang='lat' dir='ltr'>Deeerneutes</span> <span class='ocrx_word' id='word_1_8' title='bbox 811 286 940 319; x_wconf 76' lang='lat' dir='ltr'>easdem</span> <span class='ocrx_word' id='word_1_9' title='bbox 967 289 1154 328; x_wconf 77' lang='lat' dir='ltr'>praesentes</span> 
     </span>
     <span class='ocr_line' id='line_1_3' title="bbox 422 336 1156 383; baseline -0.007 -11"><span class='ocrx_word' id='word_1_10' title='bbox 422 339 547 372; x_wconf 73' lang='lat' dir='ltr'>litteras</span> <span class='ocrx_word' id='word_1_11' title='bbox 573 339 837 383; x_wconf 81' lang='lat' dir='ltr'>sempertirmas,</span> <span class='ocrx_word' id='word_1_12' title='bbox 852 339 973 372; x_wconf 74' lang='lat' dir='ltr'>validas</span> <span class='ocrx_word' id='word_1_13' title='bbox 1000 343 1031 369; x_wconf 90' lang='lat' dir='ltr'>et</span> <span class='ocrx_word' id='word_1_14' title='bbox 1056 336 1156 369; x_wconf 81' lang='lat' dir='ltr'>estlea-</span> 
     </span>
     <span class='ocr_line' id='line_1_4' title="bbox 422 389 1156 434; baseline -0.007 -9"><span class='ocrx_word' id='word_1_15' title='bbox 422 403 476 425; x_wconf 86' lang='lat' dir='ltr'>ces</span> <span class='ocrx_word' id='word_1_16' title='bbox 502 393 638 426; x_wconf 72' lang='lat' dir='ltr'>existere</span> <span class='ocrx_word' id='word_1_17' title='bbox 665 398 696 425; x_wconf 91' lang='lat' dir='ltr'>et</span> <span class='ocrx_word' id='word_1_18' title='bbox 721 393 800 433; x_wconf 78' lang='lat' dir='ltr'>sore,</span> <span class='ocrx_word' id='word_1_19' title='bbox 828 402 967 434; x_wconf 77' lang='lat' dir='ltr'>suosque</span> <span class='ocrx_word' id='word_1_20' title='bbox 994 389 1156 433; x_wconf 82' lang='lat' dir='ltr'>plenarios</span> 
     </span>
     <span class='ocr_line' id='line_1_5' title="bbox 423 442 1155 488; baseline -0.007 -10"><span class='ocrx_word' id='word_1_21' title='bbox 423 450 454 478; x_wconf 88' lang='lat' dir='ltr'>et</span> <span class='ocrx_word' id='word_1_22' title='bbox 478 445 622 488; x_wconf 84' lang='lat' dir='ltr'>integros</span> <span class='ocrx_word' id='word_1_23' title='bbox 646 445 778 478; x_wconf 78' lang='lat' dir='ltr'>ell&#39;ectus</span> <span class='ocrx_word' id='word_1_24' title='bbox 802 444 909 477; x_wconf 85' lang='lat' dir='ltr'>sortiri</span> <span class='ocrx_word' id='word_1_25' title='bbox 931 448 962 475; x_wconf 85' lang='lat' dir='ltr'>et</span> <span class='ocrx_word' id='word_1_26' title='bbox 993 442 1155 481; x_wconf 84' lang='lat' dir='ltr'>obtinere,</span> 
     </span>
     <span class='ocr_line' id='line_1_6' title="bbox 423 499 1156 541; baseline -0.007 -10"><span class='ocrx_word' id='word_1_27' title='bbox 423 510 460 531; x_wconf 89' lang='lat' dir='ltr'>ac</span> <span class='ocrx_word' id='word_1_28' title='bbox 484 499 561 539; x_wconf 87' lang='lat' dir='ltr'>illis,</span> <span class='ocrx_word' id='word_1_29' title='bbox 579 499 616 532; x_wconf 81' lang='lat' dir='ltr'>ad</span> <span class='ocrx_word' id='word_1_30' title='bbox 637 508 719 541; x_wconf 88' lang='lat' dir='ltr'>quos</span> <span class='ocrx_word' id='word_1_31' title='bbox 739 502 860 540; x_wconf 87' lang='lat' dir='ltr'>spectat</span> <span class='ocrx_word' id='word_1_32' title='bbox 879 501 910 529; x_wconf 72' lang='lat' dir='ltr'>et.</span> <span class='ocrx_word' id='word_1_33' title='bbox 928 506 988 539; x_wconf 92' lang='lat' dir='ltr'>pro</span> <span class='ocrx_word' id='word_1_34' title='bbox 1015 500 1156 538; x_wconf 80' lang='lat' dir='ltr'>tempore,</span> 
     </span>
     <span class='ocr_line' id='line_1_7' title="bbox 423 548 1158 594; baseline -0.005 -11"><span class='ocrx_word' id='word_1_35' title='bbox 423 551 693 594; x_wconf 74' lang='lat' dir='ltr'>quandocumque</span> <span class='ocrx_word' id='word_1_36' title='bbox 714 549 883 593; x_wconf 83' lang='lat' dir='ltr'>spectabit,</span> <span class='ocrx_word' id='word_1_37' title='bbox 900 549 933 581; x_wconf 93' lang='lat' dir='ltr'>in</span> <span class='ocrx_word' id='word_1_38' title='bbox 954 548 1105 581; x_wconf 89' lang='lat' dir='ltr'>omnibus</span> <span class='ocrx_word' id='word_1_39' title='bbox 1126 552 1158 579; x_wconf 89' lang='lat' dir='ltr'>et</span> 
     </span>
     <span class='ocr_line' id='line_1_8' title="bbox 425 599 1158 646; baseline -0.008 -10"><span class='ocrx_word' id='word_1_40' title='bbox 425 613 483 646; x_wconf 87' lang='lat' dir='ltr'>per</span> <span class='ocrx_word' id='word_1_41' title='bbox 499 602 608 636; x_wconf 90' lang='lat' dir='ltr'>omnia</span> <span class='ocrx_word' id='word_1_42' title='bbox 622 602 808 645; x_wconf 87' lang='lat' dir='ltr'>plenissime</span> <span class='ocrx_word' id='word_1_43' title='bbox 825 599 1001 643; x_wconf 73' lang='lat' dir='ltr'>suffragari,</span> <span class='ocrx_word' id='word_1_44' title='bbox 1016 604 1047 632; x_wconf 85' lang='lat' dir='ltr'>et</span> <span class='ocrx_word' id='word_1_45' title='bbox 1060 600 1099 632; x_wconf 89' lang='lat' dir='ltr'>ab</span> <span class='ocrx_word' id='word_1_46' title='bbox 1113 599 1158 631; x_wconf 91' lang='lat' dir='ltr'>eis</span> 
     </span>
     <span class='ocr_line' id='line_1_9' title="bbox 426 652 1157 698; baseline -0.007 -11"><span class='ocrx_word' id='word_1_47' title='bbox 426 655 605 698; x_wconf 74' lang='lat' dir='ltr'>respective</span> <span class='ocrx_word' id='word_1_48' title='bbox 620 654 849 687; x_wconf 83' lang='lat' dir='ltr'>iuviolabiliter</span> <span class='ocrx_word' id='word_1_49' title='bbox 863 652 1036 691; x_wconf 84' lang='lat' dir='ltr'>observari,</span> <span class='ocrx_word' id='word_1_50' title='bbox 1047 652 1157 694; x_wconf 84' lang='lat' dir='ltr'>sieque</span> 
     </span>
     <span class='ocr_line' id='line_1_10' title="bbox 425 704 1158 751; baseline -0.007 -11"><span class='ocrx_word' id='word_1_51' title='bbox 425 708 458 740; x_wconf 91' lang='lat' dir='ltr'>in</span> <span class='ocrx_word' id='word_1_52' title='bbox 486 707 672 751; x_wconf 76' lang='lat' dir='ltr'>praemissis</span> <span class='ocrx_word' id='word_1_53' title='bbox 702 717 761 749; x_wconf 88' lang='lat' dir='ltr'>per</span> <span class='ocrx_word' id='word_1_54' title='bbox 786 715 1004 749; x_wconf 83' lang='lat' dir='ltr'>quoscumque</span> <span class='ocrx_word' id='word_1_55' title='bbox 1036 704 1158 736; x_wconf 86' lang='lat' dir='ltr'>iudices</span> 
     </span>
     <span class='ocr_line' id='line_1_11' title="bbox 424 757 1158 801; baseline -0.007 -9"><span class='ocrx_word' id='word_1_56' title='bbox 424 760 605 793; x_wconf 86' lang='lat' dir='ltr'>ordinarios</span> <span class='ocrx_word' id='word_1_57' title='bbox 627 764 657 791; x_wconf 89' lang='lat' dir='ltr'>et</span> <span class='ocrx_word' id='word_1_58' title='bbox 676 758 855 801; x_wconf 77' lang='lat' dir='ltr'>delegatos,</span> <span class='ocrx_word' id='word_1_59' title='bbox 870 757 963 789; x_wconf 83' lang='lat' dir='ltr'>etiam</span> <span class='ocrx_word' id='word_1_60' title='bbox 988 766 1158 794; x_wconf 83' lang='lat' dir='ltr'>causarum</span> 
     </span>
     <span class='ocr_line' id='line_1_12' title="bbox 424 809 1159 856; baseline -0.005 -11"><span class='ocrx_word' id='word_1_61' title='bbox 424 813 534 856; x_wconf 85' lang='lat' dir='ltr'>palatii</span> <span class='ocrx_word' id='word_1_62' title='bbox 567 811 736 855; x_wconf 79' lang='lat' dir='ltr'>apostolici</span> <span class='ocrx_word' id='word_1_63' title='bbox 766 811 939 850; x_wconf 77' lang='lat' dir='ltr'>auditores,</span> <span class='ocrx_word' id='word_1_64' title='bbox 966 809 1102 843; x_wconf 87' lang='lat' dir='ltr'>iudicari</span> <span class='ocrx_word' id='word_1_65' title='bbox 1127 814 1159 841; x_wconf 86' lang='lat' dir='ltr'>et</span> 
     </span>
     <span class='ocr_line' id='line_1_13' title="bbox 425 861 1159 904; baseline -0.005 -7"><span class='ocrx_word' id='word_1_66' title='bbox 425 864 552 897; x_wconf 85' lang='lat' dir='ltr'>deliniri</span> <span class='ocrx_word' id='word_1_67' title='bbox 577 864 718 904; x_wconf 85' lang='lat' dir='ltr'>debere,</span> <span class='ocrx_word' id='word_1_68' title='bbox 745 874 781 896; x_wconf 88' lang='lat' dir='ltr'>ac</span> <span class='ocrx_word' id='word_1_69' title='bbox 805 863 932 895; x_wconf 88' lang='lat' dir='ltr'>irritum</span> <span class='ocrx_word' id='word_1_70' title='bbox 957 868 988 895; x_wconf 89' lang='lat' dir='ltr'>et</span> <span class='ocrx_word' id='word_1_71' title='bbox 1012 862 1109 894; x_wconf 86' lang='lat' dir='ltr'>inane</span> <span class='ocrx_word' id='word_1_72' title='bbox 1134 861 1159 893; x_wconf 88' lang='lat' dir='ltr'>si</span> 
     </span>
     <span class='ocr_line' id='line_1_14' title="bbox 425 914 1160 959; baseline -0.005 -10"><span class='ocrx_word' id='word_1_73' title='bbox 425 928 518 949; x_wconf 85' lang='lat' dir='ltr'>secus</span> <span class='ocrx_word' id='word_1_74' title='bbox 544 927 643 959; x_wconf 85' lang='lat' dir='ltr'>super</span> <span class='ocrx_word' id='word_1_75' title='bbox 668 916 718 949; x_wconf 84' lang='lat' dir='ltr'>his</span> <span class='ocrx_word' id='word_1_76' title='bbox 737 926 943 959; x_wconf 86' lang='lat' dir='ltr'>aquoquam,</span> <span class='ocrx_word' id='word_1_77' title='bbox 972 914 1082 958; x_wconf 73' lang='lat' dir='ltr'>quavis</span> <span class='ocrx_word' id='word_1_78' title='bbox 1107 925 1160 946; x_wconf 85' lang='lat' dir='ltr'>au-</span> 
     </span>
    </p>
   </div>
   <div class='ocr_carea' id='block_1_2' title="bbox 229 298 409 344">
    <p class='ocr_par' dir='ltr' id='par_1_3' title="bbox 229 298 409 344">
     <span class='ocr_line' id='line_1_15' title="bbox 255 298 409 318; baseline 0.026 -3"><span class='ocrx_word' id='word_1_79' title='bbox 255 299 364 318; x_wconf 51' lang='lat' dir='ltr'>thu-rutum</span> <span class='ocrx_word' id='word_1_80' title='bbox 381 298 409 317; x_wconf 80' lang='lat' dir='ltr'>ir-</span> 
     </span>
     <span class='ocr_line' id='line_1_16' title="bbox 229 328 300 344; baseline 0.014 -1"><span class='ocrx_word' id='word_1_81' title='bbox 229 328 300 344; x_wconf 65' lang='lat' dir='ltr'>&#39;&#39;ll-lni-</span> 
     </span>
    </p>
   </div>
   <div class='ocr_carea' id='block_1_3' title="bbox 426 966 1174 1011">
    <p class='ocr_par' dir='ltr' id='par_1_4' title="bbox 426 966 1174 1011">
     <span class='ocr_line' id='line_1_17' title="bbox 426 966 1174 1011; baseline -0.007 -8"><span class='ocrx_word' id='word_1_82' title='bbox 426 970 585 1009; x_wconf 86' lang='lat' dir='ltr'>ctoritate,</span> <span class='ocrx_word' id='word_1_83' title='bbox 610 969 749 1001; x_wconf 75' lang='lat' dir='ltr'>scienter</span> <span class='ocrx_word' id='word_1_84' title='bbox 766 970 815 1002; x_wconf 84' lang='lat' dir='ltr'>vel</span> <span class='ocrx_word' id='word_1_85' title='bbox 837 969 1036 1011; x_wconf 76' lang='lat' dir='ltr'>ignoranter,</span> <span class='ocrx_word' id='word_1_86' title='bbox 1062 966 1174 1008; x_wconf 4' lang='lat' dir='ltr'>conti-p</span> 
     </span>
    </p>
   </div>
   <div class='ocr_carea' id='block_1_4' title="bbox 427 1022 1170 1960">
    <p class='ocr_par' dir='ltr' id='par_1_5' title="bbox 428 1022 699 1066">
     <span class='ocr_line' id='line_1_18' title="bbox 428 1022 699 1066; baseline -0.007 -10"><span class='ocrx_word' id='word_1_87' title='bbox 428 1023 507 1066; x_wconf 81' lang='lat' dir='ltr'>gerit</span> <span class='ocrx_word' id='word_1_88' title='bbox 535 1022 699 1055; x_wconf 83' lang='lat' dir='ltr'>attentari.</span> 
     </span>
    </p>

    <p class='ocr_par' dir='ltr' id='par_1_6' title="bbox 427 1075 1168 1382">
     <span class='ocr_line' id='line_1_19' title="bbox 472 1075 1164 1119; baseline -0.004 -11"><span class='ocrx_word' id='word_1_89' title='bbox 472 1076 486 1119; x_wconf 58' lang='grc' dir='ltr'><strong>ἓ</strong></span> <span class='ocrx_word' id='word_1_90' title='bbox 511 1075 563 1108; x_wconf 87' lang='grc'>10.</span> <span class='ocrx_word' id='word_1_91' title='bbox 590 1075 661 1108; x_wconf 90' lang='lat' dir='ltr'>Non</span> <span class='ocrx_word' id='word_1_92' title='bbox 686 1075 891 1107; x_wconf 76' lang='lat' dir='ltr'>obstantibus</span> <span class='ocrx_word' id='word_1_93' title='bbox 906 1075 1015 1107; x_wconf 80' lang='lat' dir='ltr'>nostra</span> <span class='ocrx_word' id='word_1_94' title='bbox 1040 1079 1071 1106; x_wconf 91' lang='lat' dir='ltr'>et</span> <span class='ocrx_word' id='word_1_95' title='bbox 1094 1083 1164 1105; x_wconf 88' lang='lat' dir='ltr'>can-</span> 
     </span>
     <span class='ocr_line' id='line_1_20' title="bbox 429 1127 1165 1171; baseline -0.007 -8"><span class='ocrx_word' id='word_1_96' title='bbox 429 1129 578 1163; x_wconf 75' lang='lat' dir='ltr'>cellariae</span> <span class='ocrx_word' id='word_1_97' title='bbox 604 1128 805 1171; x_wconf 81' lang='lat' dir='ltr'>apostolicae</span> <span class='ocrx_word' id='word_1_98' title='bbox 826 1129 939 1170; x_wconf 72' lang='lat' dir='ltr'>regula</span> <span class='ocrx_word' id='word_1_99' title='bbox 956 1127 994 1159; x_wconf 88' lang='lat' dir='ltr'>de</span> <span class='ocrx_word' id='word_1_100' title='bbox 1008 1137 1073 1159; x_wconf 91' lang='lat' dir='ltr'>non</span> <span class='ocrx_word' id='word_1_101' title='bbox 1091 1136 1165 1159; x_wconf 90' lang='lat' dir='ltr'>con-</span> 
     </span>
     <span class='ocr_line' id='line_1_21' title="bbox 427 1179 1165 1223; baseline -0.005 -9"><span class='ocrx_word' id='word_1_102' title='bbox 427 1181 581 1214; x_wconf 78' lang='lat' dir='ltr'>cedendis</span> <span class='ocrx_word' id='word_1_103' title='bbox 607 1180 818 1223; x_wconf 74' lang='lat' dir='ltr'>indulgentiis</span> <span class='ocrx_word' id='word_1_104' title='bbox 835 1180 873 1212; x_wconf 87' lang='lat' dir='ltr'>ad</span> <span class='ocrx_word' id='word_1_105' title='bbox 895 1179 1008 1219; x_wconf 72' lang='lat' dir='ltr'>Instar,</span> <span class='ocrx_word' id='word_1_106' title='bbox 1028 1179 1165 1222; x_wconf 85' lang='lat' dir='ltr'>aliisque</span> 
     </span>
     <span class='ocr_line' id='line_1_22' title="bbox 427 1231 1167 1274; baseline -0.004 -8"><span class='ocrx_word' id='word_1_107' title='bbox 427 1233 710 1267; x_wconf 75' lang='lat' dir='ltr'>constitutionibus</span> <span class='ocrx_word' id='word_1_108' title='bbox 742 1238 773 1265; x_wconf 91' lang='lat' dir='ltr'>et</span> <span class='ocrx_word' id='word_1_109' title='bbox 797 1231 1058 1265; x_wconf 79' lang='lat' dir='ltr'>ordinationibus</span> <span class='ocrx_word' id='word_1_110' title='bbox 1089 1241 1167 1274; x_wconf 87' lang='lat' dir='ltr'>apo-</span> 
     </span>
     <span class='ocr_line' id='line_1_23' title="bbox 427 1283 1168 1328; baseline -0.005 -9"><span class='ocrx_word' id='word_1_111' title='bbox 427 1286 562 1326; x_wconf 87' lang='lat' dir='ltr'>stolicis,</span> <span class='ocrx_word' id='word_1_112' title='bbox 579 1285 761 1328; x_wconf 84' lang='lat' dir='ltr'>ceterisque</span> <span class='ocrx_word' id='word_1_113' title='bbox 777 1284 948 1318; x_wconf 82' lang='lat' dir='ltr'>contrariis</span> <span class='ocrx_word' id='word_1_114' title='bbox 966 1283 1168 1327; x_wconf 84' lang='lat' dir='ltr'>quibuscum-</span> 
     </span>
     <span class='ocr_line' id='line_1_24' title="bbox 428 1349 502 1382; baseline 0.014 -13"><span class='ocrx_word' id='word_1_115' title='bbox 428 1349 502 1382; x_wconf 82' lang='lat' dir='ltr'>que.</span> 
     </span>
    </p>

    <p class='ocr_par' dir='ltr' id='par_1_7' title="bbox 429 1389 1170 1793">
     <span class='ocr_line' id='line_1_25' title="bbox 473 1389 1167 1434; baseline -0.004 -11"><span class='ocrx_word' id='word_1_116' title='bbox 473 1391 562 1434; x_wconf 61' lang='lat' dir='ltr'>§ll</span> <span class='ocrx_word' id='word_1_117' title='bbox 590 1391 743 1424; x_wconf 81' lang='lat' dir='ltr'>Volumus</span> <span class='ocrx_word' id='word_1_118' title='bbox 775 1395 882 1422; x_wconf 87' lang='lat' dir='ltr'>autem</span> <span class='ocrx_word' id='word_1_119' title='bbox 918 1395 951 1422; x_wconf 88' lang='lat' dir='ltr'>ut</span> <span class='ocrx_word' id='word_1_120' title='bbox 981 1389 1167 1422; x_wconf 86' lang='lat' dir='ltr'>earumdem</span> 
     </span>
     <span class='ocr_line' id='line_1_26' title="bbox 430 1442 1167 1487; baseline -0.005 -11"><span class='ocrx_word' id='word_1_121' title='bbox 430 1443 648 1487; x_wconf 87' lang='lat' dir='ltr'>praesentium</span> <span class='ocrx_word' id='word_1_122' title='bbox 670 1443 850 1475; x_wconf 82' lang='lat' dir='ltr'>litterarum</span> <span class='ocrx_word' id='word_1_123' title='bbox 872 1442 1090 1484; x_wconf 81' lang='lat' dir='ltr'>transumptis,</span> <span class='ocrx_word' id='word_1_124' title='bbox 1112 1452 1167 1473; x_wconf 83' lang='lat' dir='ltr'>seu</span> 
     </span>
     <span class='ocr_line' id='line_1_27' title="bbox 432 1493 1167 1539; baseline -0.005 -10"><span class='ocrx_word' id='word_1_125' title='bbox 432 1496 595 1539; x_wconf 80' lang='lat' dir='ltr'>exemplis,</span> <span class='ocrx_word' id='word_1_126' title='bbox 616 1496 711 1528; x_wconf 87' lang='lat' dir='ltr'>etiam</span> <span class='ocrx_word' id='word_1_127' title='bbox 729 1495 904 1538; x_wconf 76' lang='lat' dir='ltr'>impressis,</span> <span class='ocrx_word' id='word_1_128' title='bbox 921 1505 1017 1527; x_wconf 86' lang='lat' dir='ltr'>manu</span> <span class='ocrx_word' id='word_1_129' title='bbox 1035 1493 1167 1526; x_wconf 84' lang='lat' dir='ltr'>alicuius</span> 
     </span>
     <span class='ocr_line' id='line_1_28' title="bbox 430 1547 1170 1592; baseline -0.003 -11"><span class='ocrx_word' id='word_1_130' title='bbox 430 1548 548 1582; x_wconf 86' lang='lat' dir='ltr'>notarii</span> <span class='ocrx_word' id='word_1_131' title='bbox 565 1548 687 1592; x_wconf 87' lang='lat' dir='ltr'>publici</span> <span class='ocrx_word' id='word_1_132' title='bbox 706 1547 910 1590; x_wconf 85' lang='lat' dir='ltr'>subscriptis,</span> <span class='ocrx_word' id='word_1_133' title='bbox 925 1552 956 1579; x_wconf 91' lang='lat' dir='ltr'>et</span> <span class='ocrx_word' id='word_1_134' title='bbox 973 1547 1081 1589; x_wconf 73' lang='lat' dir='ltr'>sigillo</span> <span class='ocrx_word' id='word_1_135' title='bbox 1098 1557 1170 1590; x_wconf 88' lang='lat' dir='ltr'>per-</span> 
     </span>
     <span class='ocr_line' id='line_1_29' title="bbox 429 1599 1169 1643; baseline -0.004 -9"><span class='ocrx_word' id='word_1_136' title='bbox 429 1612 526 1634; x_wconf 85' lang='lat' dir='ltr'>sonae</span> <span class='ocrx_word' id='word_1_137' title='bbox 552 1601 584 1633; x_wconf 90' lang='lat' dir='ltr'>in</span> <span class='ocrx_word' id='word_1_138' title='bbox 607 1601 824 1634; x_wconf 79' lang='lat' dir='ltr'>ecclesiastica</span> <span class='ocrx_word' id='word_1_139' title='bbox 842 1600 996 1643; x_wconf 73' lang='lat' dir='ltr'>dignitate</span> <span class='ocrx_word' id='word_1_140' title='bbox 1015 1599 1169 1632; x_wconf 85' lang='lat' dir='ltr'>coustitu-</span> 
     </span>
     <span class='ocr_line' id='line_1_30' title="bbox 431 1651 1168 1696; baseline -0.001 -10"><span class='ocrx_word' id='word_1_141' title='bbox 431 1659 480 1687; x_wconf 89' lang='lat' dir='ltr'>tae</span> <span class='ocrx_word' id='word_1_142' title='bbox 505 1653 646 1694; x_wconf 86' lang='lat' dir='ltr'>munitis,</span> <span class='ocrx_word' id='word_1_143' title='bbox 666 1653 777 1686; x_wconf 90' lang='lat' dir='ltr'>eadem</span> <span class='ocrx_word' id='word_1_144' title='bbox 795 1663 926 1696; x_wconf 85' lang='lat' dir='ltr'>prorsus</span> <span class='ocrx_word' id='word_1_145' title='bbox 952 1651 1030 1685; x_wconf 83' lang='lat' dir='ltr'>fides</span> <span class='ocrx_word' id='word_1_146' title='bbox 1050 1652 1168 1695; x_wconf 85' lang='lat' dir='ltr'>ubique</span> 
     </span>
     <span class='ocr_line' id='line_1_31' title="bbox 431 1706 1170 1750; baseline -0.003 -10"><span class='ocrx_word' id='word_1_147' title='bbox 431 1708 598 1747; x_wconf 84' lang='lat' dir='ltr'>habeatur,</span> <span class='ocrx_word' id='word_1_148' title='bbox 625 1718 707 1750; x_wconf 89' lang='lat' dir='ltr'>quae</span> <span class='ocrx_word' id='word_1_149' title='bbox 733 1707 910 1739; x_wconf 85' lang='lat' dir='ltr'>haberetur</span> <span class='ocrx_word' id='word_1_150' title='bbox 927 1706 1003 1749; x_wconf 87' lang='lat' dir='ltr'>ipsis</span> <span class='ocrx_word' id='word_1_151' title='bbox 1019 1716 1170 1749; x_wconf 83' lang='lat' dir='ltr'>praesen-</span> 
     </span>
     <span class='ocr_line' id='line_1_32' title="bbox 433 1759 1144 1793; baseline -0.004 -1"><span class='ocrx_word' id='word_1_152' title='bbox 433 1760 516 1793; x_wconf 87' lang='lat' dir='ltr'>tibus</span> <span class='ocrx_word' id='word_1_153' title='bbox 543 1760 567 1792; x_wconf 89' lang='lat' dir='ltr'>si</span> <span class='ocrx_word' id='word_1_154' title='bbox 594 1760 699 1792; x_wconf 81' lang='lat' dir='ltr'>serent</span> <span class='ocrx_word' id='word_1_155' title='bbox 719 1759 880 1792; x_wconf 67' lang='lat' dir='ltr'>exhibitae</span> <span class='ocrx_word' id='word_1_156' title='bbox 908 1760 957 1791; x_wconf 72' lang='lat' dir='ltr'>vel</span> <span class='ocrx_word' id='word_1_157' title='bbox 984 1764 1144 1791; x_wconf 82' lang='lat' dir='ltr'>ostensae.</span> 
     </span>
    </p>

    <p class='ocr_par' dir='ltr' id='par_1_8' title="bbox 432 1810 1170 1960">
     <span class='ocr_line' id='line_1_33' title="bbox 476 1810 1170 1855; baseline -0.003 -10"><span class='ocrx_word' id='word_1_158' title='bbox 476 1813 591 1845; x_wconf 87' lang='lat' dir='ltr'>Datum</span> <span class='ocrx_word' id='word_1_159' title='bbox 615 1812 751 1851; x_wconf 81' lang='lat' dir='ltr'>Romae,</span> <span class='ocrx_word' id='word_1_160' title='bbox 776 1812 863 1855; x_wconf 86' lang='lat' dir='ltr'>apud</span> <span class='ocrx_word' id='word_1_161' title='bbox 878 1811 908 1844; x_wconf 82' lang='lat' dir='ltr'>S.</span> <span class='ocrx_word' id='word_1_162' title='bbox 931 1810 1061 1843; x_wconf 77' lang='lat' dir='ltr'>Mariam</span> <span class='ocrx_word' id='word_1_163' title='bbox 1080 1810 1170 1843; x_wconf 76' lang='lat' dir='ltr'>Maio-</span> 
     </span>
     <span class='ocr_line' id='line_1_34' title="bbox 433 1863 1169 1905; baseline -0.004 -7"><span class='ocrx_word' id='word_1_164' title='bbox 433 1876 512 1905; x_wconf 89' lang='lat' dir='ltr'>rem,</span> <span class='ocrx_word' id='word_1_165' title='bbox 528 1866 588 1897; x_wconf 90' lang='lat' dir='ltr'>sub</span> <span class='ocrx_word' id='word_1_166' title='bbox 609 1866 731 1897; x_wconf 86' lang='lat' dir='ltr'>annulo</span> <span class='ocrx_word' id='word_1_167' title='bbox 748 1864 934 1903; x_wconf 68' lang='lat' dir='ltr'>piscatoris,</span> <span class='ocrx_word' id='word_1_168' title='bbox 951 1864 1002 1896; x_wconf 88' lang='lat' dir='ltr'>die</span> <span class='ocrx_word' id='word_1_169' title='bbox 1020 1874 1077 1896; x_wconf 78' lang='lat' dir='ltr'>vill</span> <span class='ocrx_word' id='word_1_170' title='bbox 1094 1863 1169 1895; x_wconf 89' lang='lat' dir='ltr'>maii</span> 
     </span>
     <span class='ocr_line' id='line_1_35' title="bbox 432 1915 1166 1960; baseline -0.004 -9"><span class='ocrx_word' id='word_1_171' title='bbox 432 1927 608 1957; x_wconf 76' lang='lat' dir='ltr'>iinctxxnl,</span> <span class='ocrx_word' id='word_1_172' title='bbox 631 1917 841 1960; x_wconf 83' lang='lat' dir='ltr'>pontificatus</span> <span class='ocrx_word' id='word_1_173' title='bbox 862 1916 968 1949; x_wconf 85' lang='lat' dir='ltr'>nostri</span> <span class='ocrx_word' id='word_1_174' title='bbox 995 1926 1080 1948; x_wconf 86' lang='lat' dir='ltr'>anno</span> <span class='ocrx_word' id='word_1_175' title='bbox 1100 1915 1166 1949; x_wconf 86' lang='lat'>111¹.</span> 
     </span>
    </p>
   </div>
   <div class='ocr_carea' id='block_1_5' title="bbox 469 1978 1079 2075">
    <p class='ocr_par' dir='ltr' id='par_1_9' title="bbox 469 1978 1079 2075">
     <span class='ocr_line' id='line_1_36' title="bbox 827 1978 1079 2012; baseline 0 -1"><span class='ocrx_word' id='word_1_176' title='bbox 827 1979 850 2011; x_wconf 95' lang='lat' dir='ltr'>I.</span> <span class='ocrx_word' id='word_1_177' title='bbox 877 1978 912 2011; x_wconf 92' lang='lat' dir='ltr'>G.</span> <span class='ocrx_word' id='word_1_178' title='bbox 940 1979 1079 2012; x_wconf 69' lang='lat' dir='ltr'>§Lusius</span> 
     </span>
     <span class='ocr_line' id='line_1_37' title="bbox 469 2039 1067 2075; baseline 0 -9"><span class='ocrx_word' id='word_1_179' title='bbox 469 2040 527 2066; x_wconf 83' lang='lat' dir='ltr'>Dat.</span> <span class='ocrx_word' id='word_1_180' title='bbox 545 2039 588 2066; x_wconf 83' lang='lat' dir='ltr'>die</span> <span class='ocrx_word' id='word_1_181' title='bbox 605 2040 620 2066; x_wconf 83' lang='lat'>8</span> <span class='ocrx_word' id='word_1_182' title='bbox 642 2039 702 2066; x_wconf 80' lang='lat' dir='ltr'>maii</span> <span class='ocrx_word' id='word_1_183' title='bbox 724 2039 802 2073; x_wconf 78' lang='lat'>1673,</span> <span class='ocrx_word' id='word_1_184' title='bbox 820 2040 919 2075; x_wconf 81' lang='lat' dir='ltr'>pontif.</span> <span class='ocrx_word' id='word_1_185' title='bbox 941 2047 1011 2066; x_wconf 86' lang='lat' dir='ltr'>auno</span> <span class='ocrx_word' id='word_1_186' title='bbox 1031 2046 1067 2066; x_wconf 81' lang='lat' dir='ltr'>tv.</span> 
     </span>
    </p>
   </div>
   <div class='ocr_carea' id='block_1_6' title="bbox 233 1084 416 1136">
    <p class='ocr_par' dir='ltr' id='par_1_10' title="bbox 233 1084 416 1136">
     <span class='ocr_line' id='line_1_38' title="bbox 255 1084 416 1105; baseline 0 0"><span class='ocrx_word' id='word_1_187' title='bbox 255 1085 370 1105; x_wconf 60' lang='lat' dir='ltr'>Contrariis</span> <span class='ocrx_word' id='word_1_188' title='bbox 382 1084 416 1105; x_wconf 76' lang='lat' dir='ltr'>(lo-</span> 
     </span>
     <span class='ocr_line' id='line_1_39' title="bbox 233 1115 301 1136; baseline -0.044 -3"><span class='ocrx_word' id='word_1_189' title='bbox 233 1115 301 1136; x_wconf 58' lang='lat' dir='ltr'>rogat.</span> 
     </span>
    </p>
   </div>
   <div class='ocr_carea' id='block_1_7' title="bbox 235 1401 418 1452">
    <p class='ocr_par' dir='ltr' id='par_1_11' title="bbox 235 1401 418 1452">
     <span class='ocr_line' id='line_1_40' title="bbox 286 1401 418 1420; baseline -0.008 0"><span class='ocrx_word' id='word_1_190' title='bbox 286 1401 346 1420; x_wconf 63' lang='lat' dir='ltr'>ratos</span> <span class='ocrx_word' id='word_1_191' title='bbox 363 1402 418 1419; x_wconf 66' lang='lat'>&#39;1¹³0-</span> 
     </span>
     <span class='ocr_line' id='line_1_41' title="bbox 235 1430 372 1452; baseline 0 -6"><span class='ocrx_word' id='word_1_192' title='bbox 235 1430 372 1452; x_wconf 75' lang='lat' dir='ltr'>sinupturum.</span> 
     </span>
    </p>
   </div>
   <div class='ocr_carea' id='block_1_8' title="bbox 434 2101 1170 2180">
    <p class='ocr_par' dir='ltr' id='par_1_12' title="bbox 434 2101 1170 2180">
     <span class='ocr_line' id='line_1_42' title="bbox 469 2101 1170 2135; baseline 0.003 -7"><span class='ocrx_word' id='word_1_193' title='bbox 469 2101 635 2135; x_wconf 71' lang='lat' dir='ltr'>Reyistraca</span> <span class='ocrx_word' id='word_1_194' title='bbox 663 2101 696 2128; x_wconf 80' lang='lat' dir='ltr'>in</span> <span class='ocrx_word' id='word_1_195' title='bbox 721 2102 885 2129; x_wconf 73' lang='lat' dir='ltr'>Secretarict</span> <span class='ocrx_word' id='word_1_196' title='bbox 911 2103 941 2128; x_wconf 75' lang='lat' dir='ltr'>m</span> <span class='ocrx_word' id='word_1_197' title='bbox 967 2102 1039 2130; x_wconf 71' lang='lat' dir='ltr'>libro</span> <span class='ocrx_word' id='word_1_198' title='bbox 1066 2103 1170 2130; x_wconf 78' lang='lat' dir='ltr'>mensis</span> 
     </span>
     <span class='ocr_line' id='line_1_43' title="bbox 434 2145 813 2180; baseline 0 -7"><span class='ocrx_word' id='word_1_199' title='bbox 434 2145 518 2179; x_wconf 72' lang='lat' dir='ltr'>maii,</span> <span class='ocrx_word' id='word_1_200' title='bbox 535 2148 613 2180; x_wconf 79' lang='lat' dir='ltr'>part.</span> <span class='ocrx_word' id='word_1_201' title='bbox 635 2152 662 2179; x_wconf 88' lang='lat' dir='ltr'>u,</span> <span class='ocrx_word' id='word_1_202' title='bbox 683 2146 732 2180; x_wconf 83' lang='lat' dir='ltr'>fol.</span> <span class='ocrx_word' id='word_1_203' title='bbox 753 2146 813 2173; x_wconf 83' lang='grc'>193.</span> 
     </span>
    </p>
   </div>
   <div class='ocr_carea' id='block_1_9' title="bbox 727 2304 884 2338">
    <p class='ocr_par' dir='ltr' id='par_1_13' title="bbox 727 2304 884 2338">
     <span class='ocr_line' id='line_1_44' title="bbox 727 2304 884 2338; baseline 0 -1"><span class='ocrx_word' id='word_1_204' title='bbox 727 2304 884 2338; x_wconf 78' lang='lat' dir='ltr'>CXXXIII.</span> 
     </span>
    </p>
   </div>
   <div class='ocr_carea' id='block_1_10' title="bbox 434 2392 1173 2542">
    <p class='ocr_par' dir='ltr' id='par_1_14' title="bbox 434 2392 1173 2542">
     <span class='ocr_line' id='line_1_45' title="bbox 434 2392 1172 2433; baseline 0 -7"><span class='ocrx_word' id='word_1_205' title='bbox 434 2392 586 2427; x_wconf 52' lang='lat' dir='ltr'>Erre-isio</span> <span class='ocrx_word' id='word_1_206' title='bbox 611 2397 639 2426; x_wconf 81' lang='lat' dir='ltr'>et</span> <span class='ocrx_word' id='word_1_207' title='bbox 663 2392 839 2425; x_wconf 75' lang='lat' dir='ltr'>declaratio</span> <span class='ocrx_word' id='word_1_208' title='bbox 856 2393 978 2433; x_wconf 50' lang='lat' dir='ltr'>Brevis</span> <span class='ocrx_word' id='word_1_209' title='bbox 1000 2394 1084 2426; x_wconf 74' lang='lat' dir='ltr'>circa</span> <span class='ocrx_word' id='word_1_210' title='bbox 1100 2404 1172 2426; x_wconf 77' lang='lat' dir='ltr'>con-</span> 
     </span>
     <span class='ocr_line' id='line_1_46' title="bbox 480 2446 1173 2488; baseline -0.001 -9"><span class='ocrx_word' id='word_1_211' title='bbox 480 2447 702 2488; x_wconf 78' lang='lat' dir='ltr'>fraternitates</span> <span class='ocrx_word' id='word_1_212' title='bbox 726 2446 783 2478; x_wconf 72' lang='lat' dir='ltr'>sab</span> <span class='ocrx_word' id='word_1_213' title='bbox 806 2446 1009 2479; x_wconf 71' lang='lat' dir='ltr'>invocatione</span> <span class='ocrx_word' id='word_1_214' title='bbox 1026 2447 1080 2479; x_wconf 81' lang='lat' dir='ltr'>SS.</span> <span class='ocrx_word' id='word_1_215' title='bbox 1106 2447 1173 2479; x_wconf 71' lang='lat' dir='ltr'>Tri-</span> 
     </span>
     <span class='ocr_line' id='line_1_47' title="bbox 479 2498 1172 2542; baseline 0.001 -11"><span class='ocrx_word' id='word_1_216' title='bbox 479 2498 596 2532; x_wconf 73' lang='lat' dir='ltr'>nitatis</span> <span class='ocrx_word' id='word_1_217' title='bbox 613 2499 853 2542; x_wconf 73' lang='lat' dir='ltr'>Redemptiom&#39;s</span> <span class='ocrx_word' id='word_1_218' title='bbox 872 2498 1081 2542; x_wconf 63' lang='lat' dir='ltr'>Captivorum</span> <span class='ocrx_word' id='word_1_219' title='bbox 1107 2510 1172 2532; x_wconf 79' lang='lat' dir='ltr'>ere-</span> 
     </span>
    </p>
   </div>
   <div class='ocr_carea' id='block_1_11' title="bbox 473 2613 1092 2650">
    <p class='ocr_par' dir='ltr' id='par_1_15' title="bbox 473 2613 1092 2650">
     <span class='ocr_line' id='line_1_48' title="bbox 473 2613 1092 2650; baseline -0.002 -7"><span class='ocrx_word' id='word_1_220' title='bbox 473 2615 483 2643; x_wconf 85' lang='lat'>1</span> <span class='ocrx_word' id='word_1_221' title='bbox 506 2613 549 2641; x_wconf 84' lang='lat' dir='ltr'>Ab</span> <span class='ocrx_word' id='word_1_222' title='bbox 569 2614 700 2642; x_wconf 85' lang='lat' dir='ltr'>electione</span> <span class='ocrx_word' id='word_1_223' title='bbox 720 2613 862 2650; x_wconf 76' lang='lat' dir='ltr'>tegendum</span> <span class='ocrx_word' id='word_1_224' title='bbox 883 2616 922 2642; x_wconf 83' lang='lat' dir='ltr'>est</span> <span class='ocrx_word' id='word_1_225' title='bbox 944 2623 972 2644; x_wconf 80' lang='grc' dir='ltr'>ιν</span> <span class='ocrx_word' id='word_1_226' title='bbox 989 2615 1026 2648; x_wconf 83' lang='lat' dir='ltr'>(n.</span> <span class='ocrx_word' id='word_1_227' title='bbox 1044 2614 1092 2649; x_wconf 86' lang='grc' dir='ltr'><strong>τ.).</strong></span> 
     </span>
    </p>
   </div>
   <div class='ocr_carea' id='block_1_12' title="bbox 994 236 1348 262">
    <p class='ocr_par' dir='ltr' id='par_1_16' title="bbox 994 236 1348 262">
     <span class='ocr_line' id='line_1_49' title="bbox 994 236 1348 262; baseline 0 0"><span class='ocrx_word' id='word_1_228' title='bbox 994 238 1072 262; x_wconf 72' lang='lat' dir='ltr'>mitt.</span> <span class='ocrx_word' id='word_1_229' title='bbox 1078 236 1172 260; x_wconf 71' lang='lat' dir='ltr'>sslll&#39;ll‘l</span> <span class='ocrx_word' id='word_1_230' title='bbox 1196 236 1260 260; x_wconf 59' lang='lat' dir='ltr'>nost</span> <span class='ocrx_word' id='word_1_231' title='bbox 1269 237 1348 262; x_wconf 69' lang='lat' dir='ltr'>tNUM</span> 
     </span>
    </p>
   </div>
   <div class='ocr_carea' id='block_1_13' title="bbox 1183 893 1195 1903">
    <p class='ocr_par' dir='ltr' id='par_1_17' title="bbox 1183 893 1195 1903">
     <span class='ocr_line' id='line_1_50' title="bbox 1183 893 1195 1903; baseline 0 0"><span class='ocrx_word' id='word_1_232' title='bbox 1183 893 1195 1903; x_wconf 95' lang='lat' dir='ltr'> </span> 
     </span>
    </p>
   </div>
   <div class='ocr_carea' id='block_1_14' title="bbox 1240 236 2124 685">
    <p class='ocr_par' dir='ltr' id='par_1_18' title="bbox 1240 236 2124 328">
     <span class='ocr_line' id='line_1_51' title="bbox 1934 236 2124 264; baseline 0 -2"><span class='ocrx_word' id='word_1_233' title='bbox 1934 237 1984 263; x_wconf 87' lang='grc' dir='ltr'>Λη.</span> <span class='ocrx_word' id='word_1_234' title='bbox 2005 237 2035 264; x_wconf 91' lang='lat' dir='ltr'>C.</span> <span class='ocrx_word' id='word_1_235' title='bbox 2057 236 2124 263; x_wconf 71' lang='grc'>1673</span> 
     </span>
     <span class='ocr_line' id='line_1_52' title="bbox 1240 284 1932 328; baseline 0.001 -12"><span class='ocrx_word' id='word_1_236' title='bbox 1240 289 1306 317; x_wconf 81' lang='lat' dir='ltr'>ctas</span> <span class='ocrx_word' id='word_1_237' title='bbox 1330 289 1358 317; x_wconf 85' lang='lat' dir='ltr'>et</span> <span class='ocrx_word' id='word_1_238' title='bbox 1382 285 1551 328; x_wconf 55' lang='lat' dir='ltr'>eriyvndas</span> <span class='ocrx_word' id='word_1_239' title='bbox 1576 288 1603 318; x_wconf 78' lang='lat' dir='ltr'>cl</span> <span class='ocrx_word' id='word_1_240' title='bbox 1624 284 1692 318; x_wconf 79' lang='lat' dir='ltr'>alia</span> <span class='ocrx_word' id='word_1_241' title='bbox 1717 295 1819 328; x_wconf 63' lang='lat' dir='ltr'>vesper</span> <span class='ocrx_word' id='word_1_242' title='bbox 1849 294 1932 317; x_wconf 81' lang='lat' dir='ltr'>ema-</span> 
     </span>
    </p>

    <p class='ocr_par' dir='ltr' id='par_1_19' title="bbox 1242 337 1932 381">
     <span class='ocr_line' id='line_1_53' title="bbox 1242 337 1932 381; baseline 0.003 -13"><span class='ocrx_word' id='word_1_243' title='bbox 1242 341 1320 369; x_wconf 80' lang='lat' dir='ltr'>nata</span> <span class='ocrx_word' id='word_1_244' title='bbox 1335 365 1343 377; x_wconf 87' lang='lat'><em>‚</em></span> <span class='ocrx_word' id='word_1_245' title='bbox 1377 337 1419 370; x_wconf 73' lang='lat' dir='ltr'>ad</span> <span class='ocrx_word' id='word_1_246' title='bbox 1443 339 1722 381; x_wconf 72' lang='lat' dir='ltr'>confraternitates</span> <span class='ocrx_word' id='word_1_247' title='bbox 1744 350 1760 367; x_wconf 74' lang='lat' dir='ltr'>n</span> <span class='ocrx_word' id='word_1_248' title='bbox 1783 337 1932 370; x_wconf 67' lang='lat' dir='ltr'>im&#39;m&#39;stro</span> 
     </span>
    </p>

    <p class='ocr_par' dir='ltr' id='par_1_20' title="bbox 1240 389 1938 486">
     <span class='ocr_line' id='line_1_54' title="bbox 1240 389 1933 433; baseline -0.001 -11"><span class='ocrx_word' id='word_1_249' title='bbox 1240 389 1387 432; x_wconf 72' lang='lat' dir='ltr'>yencrali</span> <span class='ocrx_word' id='word_1_250' title='bbox 1410 395 1437 423; x_wconf 85' lang='lat' dir='ltr'>et</span> <span class='ocrx_word' id='word_1_251' title='bbox 1461 395 1667 432; x_wconf 75' lang='lat' dir='ltr'>procuratore</span> <span class='ocrx_word' id='word_1_252' title='bbox 1690 389 1836 433; x_wconf 57' lang='lat' dir='ltr'>§onerati</span> <span class='ocrx_word' id='word_1_253' title='bbox 1855 389 1933 423; x_wconf 77' lang='lat' dir='ltr'>Con-</span> 
     </span>
     <span class='ocr_line' id='line_1_55' title="bbox 1242 442 1938 486; baseline 0.001 -13"><span class='ocrx_word' id='word_1_254' title='bbox 1242 442 1439 484; x_wconf 70' lang='lat' dir='ltr'>qreyationis</span> <span class='ocrx_word' id='word_1_255' title='bbox 1454 443 1634 486; x_wconf 75' lang='lat' dir='ltr'>Hispaniae</span> <span class='ocrx_word' id='word_1_256' title='bbox 1650 444 1793 486; x_wconf 75' lang='lat' dir='ltr'>fratrum</span> <span class='ocrx_word' id='word_1_257' title='bbox 1813 442 1938 475; x_wconf 74' lang='lat' dir='ltr'>Discat-</span> 
     </span>
    </p>

    <p class='ocr_par' dir='ltr' id='par_1_21' title="bbox 1243 494 1939 528">
     <span class='ocr_line' id='line_1_56' title="bbox 1243 494 1939 528; baseline 0 -2"><span class='ocrx_word' id='word_1_258' title='bbox 1243 498 1403 526; x_wconf 82' lang='lat' dir='ltr'>ccatorum</span> <span class='ocrx_word' id='word_1_259' title='bbox 1430 495 1511 527; x_wconf 76' lang='lat' dir='ltr'>dicei</span> <span class='ocrx_word' id='word_1_260' title='bbox 1534 495 1668 528; x_wconf 73' lang='lat' dir='ltr'>Ordinis</span> <span class='ocrx_word' id='word_1_261' title='bbox 1692 499 1811 528; x_wconf 78' lang='lat' dir='ltr'>erectas</span> <span class='ocrx_word' id='word_1_262' title='bbox 1831 498 1858 526; x_wconf 85' lang='lat' dir='ltr'>et</span> <span class='ocrx_word' id='word_1_263' title='bbox 1879 494 1939 526; x_wconf 80' lang='lat' dir='ltr'>eri-</span> 
     </span>
    </p>

    <p class='ocr_par' dir='ltr' id='par_1_22' title="bbox 1242 546 1939 643">
     <span class='ocr_line' id='line_1_57' title="bbox 1242 546 1939 589; baseline 0.001 -11"><span class='ocrx_word' id='word_1_264' title='bbox 1242 546 1372 589; x_wconf 70' lang='lat' dir='ltr'>qendas,</span> <span class='ocrx_word' id='word_1_265' title='bbox 1397 557 1470 579; x_wconf 77' lang='lat' dir='ltr'>cum</span> <span class='ocrx_word' id='word_1_266' title='bbox 1502 548 1647 580; x_wconf 71' lang='lat' dir='ltr'>orrmibus</span> <span class='ocrx_word' id='word_1_267' title='bbox 1676 547 1844 587; x_wconf 74' lang='lat' dir='ltr'>clausulis,</span> <span class='ocrx_word' id='word_1_268' title='bbox 1870 557 1939 579; x_wconf 80' lang='lat' dir='ltr'>con-</span> 
     </span>
     <span class='ocr_line' id='line_1_58' title="bbox 1245 599 1938 643; baseline 0.001 -12"><span class='ocrx_word' id='word_1_269' title='bbox 1245 599 1438 632; x_wconf 78' lang='lat' dir='ltr'>cessionibus</span> <span class='ocrx_word' id='word_1_270' title='bbox 1461 604 1490 632; x_wconf 85' lang='lat' dir='ltr'>et</span> <span class='ocrx_word' id='word_1_271' title='bbox 1514 599 1646 633; x_wconf 75' lang='lat' dir='ltr'>decretis</span> <span class='ocrx_word' id='word_1_272' title='bbox 1664 600 1821 643; x_wconf 78' lang='lat' dir='ltr'>expressis</span> <span class='ocrx_word' id='word_1_273' title='bbox 1835 600 1871 632; x_wconf 79' lang='lat' dir='ltr'>in</span> <span class='ocrx_word' id='word_1_274' title='bbox 1888 599 1938 632; x_wconf 84' lang='lat' dir='ltr'>di-</span> 
     </span>
    </p>

    <p class='ocr_par' dir='ltr' id='par_1_23' title="bbox 1245 652 1424 685">
     <span class='ocr_line' id='line_1_59' title="bbox 1245 652 1424 685; baseline 0.006 -1"><span class='ocrx_word' id='word_1_275' title='bbox 1245 655 1292 684; x_wconf 82' lang='lat' dir='ltr'>cto</span> <span class='ocrx_word' id='word_1_276' title='bbox 1316 652 1424 685; x_wconf 78' lang='lat' dir='ltr'>Brevi.</span> 
     </span>
    </p>
   </div>
   <div class='ocr_carea' id='block_1_15' title="bbox 1320 740 1819 818">
    <p class='ocr_par' dir='ltr' id='par_1_24' title="bbox 1320 740 1819 818">
     <span class='ocr_line' id='line_1_60' title="bbox 1427 740 1713 774; baseline 0 -7"><span class='ocrx_word' id='word_1_277' title='bbox 1427 740 1561 767; x_wconf 81' lang='lat' dir='ltr'>Clemens</span> <span class='ocrx_word' id='word_1_278' title='bbox 1582 741 1661 774; x_wconf 82' lang='lat' dir='ltr'>Papa</span> <span class='ocrx_word' id='word_1_279' title='bbox 1680 741 1713 771; x_wconf 79' lang='lat' dir='ltr'>X,</span> 
     </span>
     <span class='ocr_line' id='line_1_61' title="bbox 1320 785 1819 818; baseline 0.002 -7"><span class='ocrx_word' id='word_1_280' title='bbox 1320 785 1356 811; x_wconf 83' lang='lat' dir='ltr'>ad</span> <span class='ocrx_word' id='word_1_281' title='bbox 1376 788 1554 818; x_wconf 82' lang='lat' dir='ltr'>perpetuam</span> <span class='ocrx_word' id='word_1_282' title='bbox 1573 785 1620 812; x_wconf 84' lang='lat' dir='ltr'>rei</span> <span class='ocrx_word' id='word_1_283' title='bbox 1639 785 1819 813; x_wconf 83' lang='lat' dir='ltr'>memoriam.</span> 
     </span>
    </p>
   </div>
   <div class='ocr_carea' id='block_1_16' title="bbox 1246 862 2132 906">
    <p class='ocr_par' dir='ltr' id='par_1_25' title="bbox 1246 862 2132 906">
     <span class='ocr_line' id='line_1_62' title="bbox 1246 862 2132 906; baseline 0.001 -11"><span class='ocrx_word' id='word_1_284' title='bbox 1246 863 1308 906; x_wconf 60' lang='lat' dir='ltr'>gl.</span> <span class='ocrx_word' id='word_1_285' title='bbox 1337 863 1423 896; x_wconf 77' lang='lat' dir='ltr'>Alias</span> <span class='ocrx_word' id='word_1_286' title='bbox 1446 873 1515 903; x_wconf 87' lang='lat' dir='ltr'>nos,</span> <span class='ocrx_word' id='word_1_287' title='bbox 1543 862 1836 906; x_wconf 82' lang='lat' dir='ltr'>supplicationibus</span> <span class='ocrx_word' id='word_1_288' title='bbox 1860 864 1939 897; x_wconf 88' lang='lat' dir='ltr'>dile-</span> <span class='ocrx_word' id='word_1_289' title='bbox 1977 875 2132 896; x_wconf 48' lang='lat' dir='ltr'>Paniai-‹con-</span> 
     </span>
    </p>
   </div>
   <div class='ocr_carea' id='block_1_17' title="bbox 1204 901 2143 2489">
    <p class='ocr_par' dir='ltr' id='par_1_26' title="bbox 1204 901 2135 1169">
     <span class='ocr_line' id='line_1_63' title="bbox 1204 901 2132 953; baseline -0.001 -6"><span class='ocrx_word' id='word_1_290' title='bbox 1204 920 1325 947; x_wconf 88' lang='lat' dir='ltr'>ctorum</span> <span class='ocrx_word' id='word_1_291' title='bbox 1354 913 1492 948; x_wconf 81' lang='lat' dir='ltr'>filiorum</span> <span class='ocrx_word' id='word_1_292' title='bbox 1526 915 1611 948; x_wconf 86' lang='lat' dir='ltr'>Petri</span> <span class='ocrx_word' id='word_1_293' title='bbox 1636 915 1770 948; x_wconf 86' lang='lat' dir='ltr'>Mereier</span> <span class='ocrx_word' id='word_1_294' title='bbox 1801 901 2132 953; x_wconf 56' lang='lat' dir='ltr'>ministrifiillil.l¹g¹ffl.i&#39;.32{⁵</span> 
     </span>
     <span class='ocr_line' id='line_1_64' title="bbox 1205 954 2135 1010; baseline 0.001 -12"><span class='ocrx_word' id='word_1_295' title='bbox 1205 967 1367 1010; x_wconf 72' lang='lat' dir='ltr'>generalis</span> <span class='ocrx_word' id='word_1_296' title='bbox 1388 973 1416 1000; x_wconf 88' lang='lat' dir='ltr'>et</span> <span class='ocrx_word' id='word_1_297' title='bbox 1438 967 1596 1000; x_wconf 67' lang='lat' dir='ltr'>Dnninici</span> <span class='ocrx_word' id='word_1_298' title='bbox 1620 967 1726 1000; x_wconf 78' lang='lat' dir='ltr'>Tal&#39;uri</span> <span class='ocrx_word' id='word_1_299' title='bbox 1744 967 1777 1000; x_wconf 91' lang='lat' dir='ltr'>in</span> <span class='ocrx_word' id='word_1_300' title='bbox 1798 968 1939 1001; x_wconf 76' lang='lat' dir='ltr'>Romana</span> <span class='ocrx_word' id='word_1_301' title='bbox 1951 954 2135 1009; x_wconf 45' lang='lat' dir='ltr'>‘cliiiiieqffiinhlfmls</span> 
     </span>
     <span class='ocr_line' id='line_1_65' title="bbox 1205 1007 2133 1064; baseline 0 -12"><span class='ocrx_word' id='word_1_302' title='bbox 1205 1020 1296 1053; x_wconf 77' lang='lat' dir='ltr'>Curia</span> <span class='ocrx_word' id='word_1_303' title='bbox 1313 1020 1530 1064; x_wconf 76' lang='lat' dir='ltr'>procuratoris</span> <span class='ocrx_word' id='word_1_304' title='bbox 1547 1021 1708 1063; x_wconf 76' lang='lat' dir='ltr'>generalis</span> <span class='ocrx_word' id='word_1_305' title='bbox 1732 1020 1859 1054; x_wconf 89' lang='lat' dir='ltr'>Ordinis</span> <span class='ocrx_word' id='word_1_306' title='bbox 1885 1022 1940 1054; x_wconf 83' lang='lat' dir='ltr'>sra-</span> <span class='ocrx_word' id='word_1_307' title='bbox 1952 1007 2133 1061; x_wconf 56' lang='lat' dir='ltr'>sss‘f&#39;‘&#39;&#39;‘&#39;i¹r¹=‘i1¹i&#39;1&#39;i¹p¹is</span> 
     </span>
     <span class='ocr_line' id='line_1_66' title="bbox 1207 1059 2123 1118; baseline 0 -13"><span class='ocrx_word' id='word_1_308' title='bbox 1207 1079 1288 1106; x_wconf 91' lang='lat' dir='ltr'>trum</span> <span class='ocrx_word' id='word_1_309' title='bbox 1303 1073 1355 1106; x_wconf 77' lang='lat' dir='ltr'>SS.</span> <span class='ocrx_word' id='word_1_310' title='bbox 1369 1073 1533 1106; x_wconf 81' lang='lat' dir='ltr'>Trinitatis</span> <span class='ocrx_word' id='word_1_311' title='bbox 1547 1073 1789 1117; x_wconf 79' lang='lat' dir='ltr'>Redemptionis</span> <span class='ocrx_word' id='word_1_312' title='bbox 1799 1073 1941 1118; x_wconf 87' lang='lat' dir='ltr'>Captivo-</span> <span class='ocrx_word' id='word_1_313' title='bbox 1953 1059 2123 1111; x_wconf 60' lang='lat' dir='ltr'>0¹35?1553l&#39;2}135¹¹⁵</span> 
     </span>
     <span class='ocr_line' id='line_1_67' title="bbox 1208 1125 1943 1169; baseline 0.001 -12"><span class='ocrx_word' id='word_1_314' title='bbox 1208 1136 1277 1158; x_wconf 88' lang='lat' dir='ltr'>rum</span> <span class='ocrx_word' id='word_1_315' title='bbox 1295 1126 1424 1158; x_wconf 90' lang='lat' dir='ltr'>nominc</span> <span class='ocrx_word' id='word_1_316' title='bbox 1449 1125 1543 1158; x_wconf 83' lang='lat' dir='ltr'>nobis</span> <span class='ocrx_word' id='word_1_317' title='bbox 1570 1136 1670 1169; x_wconf 89' lang='lat' dir='ltr'>super</span> <span class='ocrx_word' id='word_1_318' title='bbox 1694 1126 1755 1158; x_wconf 84' lang='lat' dir='ltr'>lioe</span> <span class='ocrx_word' id='word_1_319' title='bbox 1776 1126 1943 1158; x_wconf 84' lang='lat' dir='ltr'>humiliter</span> 
     </span>
    </p>

    <p class='ocr_par' dir='ltr' id='par_1_27' title="bbox 1208 1177 1946 1274">
     <span class='ocr_line' id='line_1_68' title="bbox 1208 1177 1944 1221; baseline 0.001 -11"><span class='ocrx_word' id='word_1_320' title='bbox 1208 1178 1369 1221; x_wconf 80' lang='lat' dir='ltr'>porrectis</span> <span class='ocrx_word' id='word_1_321' title='bbox 1390 1177 1544 1218; x_wconf 87' lang='lat' dir='ltr'>inclinati,</span> <span class='ocrx_word' id='word_1_322' title='bbox 1561 1184 1663 1211; x_wconf 87' lang='lat' dir='ltr'>certas</span> <span class='ocrx_word' id='word_1_323' title='bbox 1681 1178 1899 1221; x_wconf 80' lang='lat' dir='ltr'>indulgentias</span> <span class='ocrx_word' id='word_1_324' title='bbox 1913 1183 1944 1211; x_wconf 90' lang='lat' dir='ltr'>et</span> 
     </span>
     <span class='ocr_line' id='line_1_69' title="bbox 1209 1231 1946 1274; baseline 0.003 -13"><span class='ocrx_word' id='word_1_325' title='bbox 1209 1236 1416 1274; x_wconf 83' lang='lat' dir='ltr'>peecatorum</span> <span class='ocrx_word' id='word_1_326' title='bbox 1445 1231 1653 1264; x_wconf 84' lang='lat' dir='ltr'>remissi0nes</span> <span class='ocrx_word' id='word_1_327' title='bbox 1676 1241 1711 1263; x_wconf 88' lang='lat' dir='ltr'>ac</span> <span class='ocrx_word' id='word_1_328' title='bbox 1730 1231 1946 1274; x_wconf 85' lang='lat' dir='ltr'>poenitentia-</span> 
     </span>
    </p>

    <p class='ocr_par' dir='ltr' id='par_1_28' title="bbox 1210 1283 1949 1432">
     <span class='ocr_line' id='line_1_70' title="bbox 1210 1283 1947 1323; baseline 0 -8"><span class='ocrx_word' id='word_1_329' title='bbox 1210 1294 1279 1315; x_wconf 88' lang='lat' dir='ltr'>rum</span> <span class='ocrx_word' id='word_1_330' title='bbox 1304 1283 1529 1323; x_wconf 78' lang='lat' dir='ltr'>relaxationes,</span> <span class='ocrx_word' id='word_1_331' title='bbox 1545 1283 1864 1316; x_wconf 79' lang='lat' dir='ltr'>confraternitatibus</span> <span class='ocrx_word' id='word_1_332' title='bbox 1889 1283 1947 1315; x_wconf 88' lang='lat' dir='ltr'>sub</span> 
     </span>
     <span class='ocr_line' id='line_1_71' title="bbox 1211 1335 1949 1369; baseline -0.001 -1"><span class='ocrx_word' id='word_1_333' title='bbox 1211 1336 1414 1369; x_wconf 78' lang='lat' dir='ltr'>invocatione</span> <span class='ocrx_word' id='word_1_334' title='bbox 1449 1335 1594 1368; x_wconf 88' lang='lat' dir='ltr'>eiusdem</span> <span class='ocrx_word' id='word_1_335' title='bbox 1620 1335 1673 1368; x_wconf 83' lang='lat' dir='ltr'>SS.</span> <span class='ocrx_word' id='word_1_336' title='bbox 1700 1335 1863 1368; x_wconf 78' lang='lat' dir='ltr'>Trinitatis</span> <span class='ocrx_word' id='word_1_337' title='bbox 1889 1336 1949 1368; x_wconf 89' lang='lat' dir='ltr'>Re-</span> 
     </span>
     <span class='ocr_line' id='line_1_72' title="bbox 1211 1389 1948 1432; baseline 0 -11"><span class='ocrx_word' id='word_1_338' title='bbox 1211 1389 1404 1432; x_wconf 89' lang='lat' dir='ltr'>demptionis</span> <span class='ocrx_word' id='word_1_339' title='bbox 1418 1389 1621 1432; x_wconf 75' lang='lat' dir='ltr'>Captivorum</span> <span class='ocrx_word' id='word_1_340' title='bbox 1641 1389 1756 1421; x_wconf 86' lang='lat' dir='ltr'>erectis</span> <span class='ocrx_word' id='word_1_341' title='bbox 1774 1394 1805 1421; x_wconf 85' lang='lat' dir='ltr'>et</span> <span class='ocrx_word' id='word_1_342' title='bbox 1820 1389 1948 1432; x_wconf 77' lang='lat' dir='ltr'>erigen—</span> 
     </span>
    </p>

    <p class='ocr_par' dir='ltr' id='par_1_29' title="bbox 1212 1441 1947 1475">
     <span class='ocr_line' id='line_1_73' title="bbox 1212 1441 1947 1475; baseline 0.001 -1"><span class='ocrx_word' id='word_1_343' title='bbox 1212 1443 1260 1475; x_wconf 84' lang='lat' dir='ltr'>dis</span> <span class='ocrx_word' id='word_1_344' title='bbox 1284 1443 1406 1475; x_wconf 85' lang='lat' dir='ltr'>dudum</span> <span class='ocrx_word' id='word_1_345' title='bbox 1431 1453 1448 1474; x_wconf 84' lang='lat' dir='ltr'>a</span> <span class='ocrx_word' id='word_1_346' title='bbox 1471 1441 1572 1475; x_wconf 78' lang='lat' dir='ltr'>felicis</span> <span class='ocrx_word' id='word_1_347' title='bbox 1594 1441 1831 1475; x_wconf 85' lang='lat' dir='ltr'>recordationis</span> <span class='ocrx_word' id='word_1_348' title='bbox 1849 1442 1947 1475; x_wconf 87' lang='lat' dir='ltr'>Paulo</span> 
     </span>
    </p>

    <p class='ocr_par' dir='ltr' id='par_1_30' title="bbox 1211 1495 1946 1538">
     <span class='ocr_line' id='line_1_74' title="bbox 1211 1495 1946 1538; baseline -0.001 -11"><span class='ocrx_word' id='word_1_349' title='bbox 1211 1495 1295 1538; x_wconf 85' lang='lat' dir='ltr'>Papa</span> <span class='ocrx_word' id='word_1_350' title='bbox 1313 1495 1334 1526; x_wconf 73' lang='lat' dir='ltr'>V</span> <span class='ocrx_word' id='word_1_351' title='bbox 1355 1495 1610 1538; x_wconf 81' lang='lat' dir='ltr'>praedecessore</span> <span class='ocrx_word' id='word_1_352' title='bbox 1625 1499 1737 1527; x_wconf 88' lang='lat' dir='ltr'>nostro</span> <span class='ocrx_word' id='word_1_353' title='bbox 1763 1504 1946 1535; x_wconf 85' lang='lat' dir='ltr'>concessas,</span> 
     </span>
    </p>

    <p class='ocr_par' dir='ltr' id='par_1_31' title="bbox 1212 1547 1950 1745">
     <span class='ocr_line' id='line_1_75' title="bbox 1212 1547 1947 1590; baseline 0 -10"><span class='ocrx_word' id='word_1_354' title='bbox 1212 1558 1247 1580; x_wconf 87' lang='lat' dir='ltr'>ac</span> <span class='ocrx_word' id='word_1_355' title='bbox 1273 1548 1410 1590; x_wconf 81' lang='lat' dir='ltr'>desuper</span> <span class='ocrx_word' id='word_1_356' title='bbox 1435 1552 1599 1580; x_wconf 85' lang='lat' dir='ltr'>emanatas</span> <span class='ocrx_word' id='word_1_357' title='bbox 1626 1547 1727 1590; x_wconf 87' lang='lat' dir='ltr'>ipsius</span> <span class='ocrx_word' id='word_1_358' title='bbox 1747 1547 1834 1580; x_wconf 88' lang='lat' dir='ltr'>Pauli</span> <span class='ocrx_word' id='word_1_359' title='bbox 1853 1558 1947 1590; x_wconf 83' lang='lat' dir='ltr'>prae-</span> 
     </span>
     <span class='ocr_line' id='line_1_76' title="bbox 1212 1599 1946 1642; baseline -0.001 -9"><span class='ocrx_word' id='word_1_360' title='bbox 1212 1601 1393 1633; x_wconf 85' lang='lat' dir='ltr'>decessoris</span> <span class='ocrx_word' id='word_1_361' title='bbox 1406 1599 1543 1639; x_wconf 80' lang='lat' dir='ltr'>litteras,</span> <span class='ocrx_word' id='word_1_362' title='bbox 1557 1599 1746 1632; x_wconf 81' lang='lat' dir='ltr'>auctoritate</span> <span class='ocrx_word' id='word_1_363' title='bbox 1768 1600 1946 1642; x_wconf 77' lang='lat' dir='ltr'>apostoliea</span> 
     </span>
     <span class='ocr_line' id='line_1_77' title="bbox 1212 1652 1946 1695; baseline -0.001 -10"><span class='ocrx_word' id='word_1_364' title='bbox 1212 1653 1472 1685; x_wconf 79' lang='lat' dir='ltr'>confirmavimus</span> <span class='ocrx_word' id='word_1_365' title='bbox 1490 1658 1521 1684; x_wconf 91' lang='lat' dir='ltr'>et</span> <span class='ocrx_word' id='word_1_366' title='bbox 1538 1652 1796 1695; x_wconf 82' lang='lat' dir='ltr'>approbavimus,</span> <span class='ocrx_word' id='word_1_367' title='bbox 1817 1662 1946 1685; x_wconf 86' lang='lat' dir='ltr'>necnon</span> 
     </span>
     <span class='ocr_line' id='line_1_78' title="bbox 1212 1705 1950 1745; baseline -0.003 -6"><span class='ocrx_word' id='word_1_368' title='bbox 1212 1706 1398 1739; x_wconf 85' lang='lat' dir='ltr'>earumdem</span> <span class='ocrx_word' id='word_1_369' title='bbox 1417 1705 1722 1745; x_wconf 75' lang='lat' dir='ltr'>eonfraternitatum,</span> <span class='ocrx_word' id='word_1_370' title='bbox 1742 1710 1804 1737; x_wconf 89' lang='lat' dir='ltr'>tam</span> <span class='ocrx_word' id='word_1_371' title='bbox 1829 1710 1950 1737; x_wconf 84' lang='lat' dir='ltr'>erecta-</span> 
     </span>
    </p>

    <p class='ocr_par' dir='ltr' id='par_1_32' title="bbox 1212 1757 1952 1854">
     <span class='ocr_line' id='line_1_79' title="bbox 1212 1757 1952 1802; baseline 0 -12"><span class='ocrx_word' id='word_1_372' title='bbox 1212 1770 1280 1791; x_wconf 88' lang='lat' dir='ltr'>rum</span> <span class='ocrx_word' id='word_1_373' title='bbox 1306 1769 1400 1802; x_wconf 88' lang='lat' dir='ltr'>quam</span> <span class='ocrx_word' id='word_1_374' title='bbox 1426 1758 1661 1800; x_wconf 73' lang='lat' dir='ltr'>erigendarum,</span> <span class='ocrx_word' id='word_1_375' title='bbox 1679 1757 1894 1790; x_wconf 85' lang='lat' dir='ltr'>confratribus</span> <span class='ocrx_word' id='word_1_376' title='bbox 1920 1762 1952 1790; x_wconf 84' lang='lat' dir='ltr'>et</span> 
     </span>
     <span class='ocr_line' id='line_1_80' title="bbox 1212 1809 1951 1854; baseline -0.001 -10"><span class='ocrx_word' id='word_1_377' title='bbox 1212 1811 1450 1847; x_wconf 79' lang='lat' dir='ltr'>consororibus,</span> <span class='ocrx_word' id='word_1_378' title='bbox 1466 1816 1551 1843; x_wconf 84' lang='lat' dir='ltr'>certa</span> <span class='ocrx_word' id='word_1_379' title='bbox 1577 1815 1649 1842; x_wconf 88' lang='lat' dir='ltr'>tunc</span> <span class='ocrx_word' id='word_1_380' title='bbox 1669 1809 1869 1854; x_wconf 85' lang='lat' dir='ltr'>praescripta</span> <span class='ocrx_word' id='word_1_381' title='bbox 1886 1810 1951 1854; x_wconf 84' lang='lat' dir='ltr'>pie-</span> 
     </span>
    </p>

    <p class='ocr_par' dir='ltr' id='par_1_33' title="bbox 1212 1863 1948 1960">
     <span class='ocr_line' id='line_1_81' title="bbox 1213 1863 1948 1908; baseline -0.004 -10"><span class='ocrx_word' id='word_1_382' title='bbox 1213 1866 1284 1898; x_wconf 88' lang='lat' dir='ltr'>tatis</span> <span class='ocrx_word' id='word_1_383' title='bbox 1302 1875 1401 1908; x_wconf 84' lang='lat' dir='ltr'>opera</span> <span class='ocrx_word' id='word_1_384' title='bbox 1426 1863 1666 1907; x_wconf 76' lang='lat' dir='ltr'>peragentibus,</span> <span class='ocrx_word' id='word_1_385' title='bbox 1681 1865 1854 1896; x_wconf 89' lang='lat' dir='ltr'>nonnullas</span> <span class='ocrx_word' id='word_1_386' title='bbox 1869 1863 1948 1896; x_wconf 84' lang='lat' dir='ltr'>alias</span> 
     </span>
     <span class='ocr_line' id='line_1_82' title="bbox 1212 1915 1948 1960; baseline -0.004 -10"><span class='ocrx_word' id='word_1_387' title='bbox 1212 1917 1430 1960; x_wconf 79' lang='lat' dir='ltr'>indulgentias</span> <span class='ocrx_word' id='word_1_388' title='bbox 1457 1922 1487 1949; x_wconf 85' lang='lat' dir='ltr'>et</span> <span class='ocrx_word' id='word_1_389' title='bbox 1504 1921 1711 1960; x_wconf 87' lang='lat' dir='ltr'>peecatorum</span> <span class='ocrx_word' id='word_1_390' title='bbox 1740 1915 1948 1948; x_wconf 82' lang='lat' dir='ltr'>remissiones</span> 
     </span>
    </p>

    <p class='ocr_par' dir='ltr' id='par_1_34' title="bbox 1213 1968 1949 2014">
     <span class='ocr_line' id='line_1_83' title="bbox 1213 1968 1949 2014; baseline -0.005 -10"><span class='ocrx_word' id='word_1_391' title='bbox 1213 1977 1244 2004; x_wconf 91' lang='lat' dir='ltr'>et</span> <span class='ocrx_word' id='word_1_392' title='bbox 1267 1969 1541 2014; x_wconf 86' lang='lat' dir='ltr'>poenitentiarum</span> <span class='ocrx_word' id='word_1_393' title='bbox 1561 1968 1778 2001; x_wconf 78' lang='lat' dir='ltr'>relaxationes</span> <span class='ocrx_word' id='word_1_394' title='bbox 1798 1968 1881 2000; x_wconf 80' lang='lat' dir='ltr'>dicta</span> <span class='ocrx_word' id='word_1_395' title='bbox 1898 1979 1949 2001; x_wconf 87' lang='lat' dir='ltr'>au-</span> 
     </span>
    </p>

    <p class='ocr_par' dir='ltr' id='par_1_35' title="bbox 1212 2021 1614 2057">
     <span class='ocr_line' id='line_1_84' title="bbox 1212 2021 1614 2057; baseline -0.007 -1"><span class='ocrx_word' id='word_1_396' title='bbox 1212 2024 1358 2057; x_wconf 86' lang='lat' dir='ltr'>ctoritate</span> <span class='ocrx_word' id='word_1_397' title='bbox 1383 2021 1614 2055; x_wconf 87' lang='lat' dir='ltr'>concessimus.</span> 
     </span>
    </p>

    <p class='ocr_par' dir='ltr' id='par_1_36' title="bbox 1212 2073 2143 2489">
     <span class='ocr_line' id='line_1_85' title="bbox 1257 2073 2143 2117; baseline -0.007 -8"><span class='ocrx_word' id='word_1_398' title='bbox 1257 2076 1341 2109; x_wconf 86' lang='lat' dir='ltr'>Alias</span> <span class='ocrx_word' id='word_1_399' title='bbox 1373 2085 1450 2108; x_wconf 85' lang='lat' dir='ltr'>vero</span> <span class='ocrx_word' id='word_1_400' title='bbox 1486 2073 1703 2116; x_wconf 80' lang='lat' dir='ltr'>indulgentias</span> <span class='ocrx_word' id='word_1_401' title='bbox 1735 2078 1766 2106; x_wconf 87' lang='lat' dir='ltr'>et</span> <span class='ocrx_word' id='word_1_402' title='bbox 1798 2079 1947 2117; x_wconf 82' lang='lat' dir='ltr'>peceato-</span> <span class='ocrx_word' id='word_1_403' title='bbox 1972 2085 2143 2115; x_wconf 51' lang='lat' dir='ltr'>nusquamn-</span> 
     </span>
     <span class='ocr_line' id='line_1_86' title="bbox 1212 2113 2142 2169; baseline -0.002 -8"><span class='ocrx_word' id='word_1_404' title='bbox 1212 2139 1282 2161; x_wconf 92' lang='lat' dir='ltr'>rum</span> <span class='ocrx_word' id='word_1_405' title='bbox 1307 2127 1515 2161; x_wconf 87' lang='lat' dir='ltr'>remissiones</span> <span class='ocrx_word' id='word_1_406' title='bbox 1541 2137 1576 2159; x_wconf 88' lang='lat' dir='ltr'>ac</span> <span class='ocrx_word' id='word_1_407' title='bbox 1600 2127 1875 2169; x_wconf 86' lang='lat' dir='ltr'>poenitentiarum</span> <span class='ocrx_word' id='word_1_408' title='bbox 1899 2113 2142 2160; x_wconf 50' lang='lat' dir='ltr'>re-iziiiffvss‘ss‘isiiii&#39;a‘</span> 
     </span>
     <span class='ocr_line' id='line_1_87' title="bbox 1212 2180 1948 2223; baseline -0.004 -9"><span class='ocrx_word' id='word_1_409' title='bbox 1212 2181 1408 2221; x_wconf 80' lang='lat' dir='ltr'>laxationes,</span> <span class='ocrx_word' id='word_1_410' title='bbox 1438 2180 1463 2212; x_wconf 87' lang='lat' dir='ltr'>si</span> <span class='ocrx_word' id='word_1_411' title='bbox 1497 2190 1578 2223; x_wconf 89' lang='lat' dir='ltr'>quae</span> <span class='ocrx_word' id='word_1_412' title='bbox 1609 2185 1741 2222; x_wconf 82' lang='lat' dir='ltr'>praeter</span> <span class='ocrx_word' id='word_1_413' title='bbox 1765 2180 1812 2212; x_wconf 89' lang='lat' dir='ltr'>sic</span> <span class='ocrx_word' id='word_1_414' title='bbox 1836 2180 1948 2213; x_wconf 78' lang='lat' dir='ltr'>contir-</span> 
     </span>
     <span class='ocr_line' id='line_1_88' title="bbox 1212 2233 1949 2267; baseline -0.001 0"><span class='ocrx_word' id='word_1_415' title='bbox 1212 2240 1312 2267; x_wconf 82' lang='lat' dir='ltr'>matas</span> <span class='ocrx_word' id='word_1_416' title='bbox 1341 2238 1372 2266; x_wconf 85' lang='lat' dir='ltr'>et</span> <span class='ocrx_word' id='word_1_417' title='bbox 1396 2233 1434 2265; x_wconf 90' lang='lat' dir='ltr'>de</span> <span class='ocrx_word' id='word_1_418' title='bbox 1461 2243 1541 2265; x_wconf 76' lang='lat' dir='ltr'>novo</span> <span class='ocrx_word' id='word_1_419' title='bbox 1577 2242 1746 2265; x_wconf 84' lang='lat' dir='ltr'>concessas</span> <span class='ocrx_word' id='word_1_420' title='bbox 1773 2233 1949 2266; x_wconf 80' lang='lat' dir='ltr'>confrater-</span> 
     </span>
     <span class='ocr_line' id='line_1_89' title="bbox 1213 2286 1951 2330; baseline -0.003 -8"><span class='ocrx_word' id='word_1_421' title='bbox 1213 2288 1364 2322; x_wconf 86' lang='lat' dir='ltr'>nitatibus</span> <span class='ocrx_word' id='word_1_422' title='bbox 1400 2286 1552 2330; x_wconf 73' lang='lat' dir='ltr'>praefatis</span> <span class='ocrx_word' id='word_1_423' title='bbox 1585 2286 1697 2330; x_wconf 73' lang='lat' dir='ltr'>quovis</span> <span class='ocrx_word' id='word_1_424' title='bbox 1730 2287 1826 2320; x_wconf 87' lang='lat' dir='ltr'>modo</span> <span class='ocrx_word' id='word_1_425' title='bbox 1855 2297 1951 2329; x_wconf 72' lang='lat' dir='ltr'>‹gene-</span> 
     </span>
     <span class='ocr_line' id='line_1_90' title="bbox 1212 2340 1950 2380; baseline 0 -7"><span class='ocrx_word' id='word_1_426' title='bbox 1212 2341 1322 2374; x_wconf 87' lang='lat' dir='ltr'>raliter</span> <span class='ocrx_word' id='word_1_427' title='bbox 1346 2349 1529 2380; x_wconf 86' lang='lat' dir='ltr'>concessae,</span> <span class='ocrx_word' id='word_1_428' title='bbox 1556 2344 1586 2371; x_wconf 87' lang='lat' dir='ltr'>et</span> <span class='ocrx_word' id='word_1_429' title='bbox 1615 2340 1759 2372; x_wconf 90' lang='lat' dir='ltr'>nondum</span> <span class='ocrx_word' id='word_1_430' title='bbox 1783 2346 1950 2373; x_wconf 84' lang='lat' dir='ltr'>revocatae</span> 
     </span>
     <span class='ocr_line' id='line_1_91' title="bbox 1214 2393 1948 2436; baseline -0.003 -9"><span class='ocrx_word' id='word_1_431' title='bbox 1214 2399 1331 2434; x_wconf 81' lang='lat' dir='ltr'>esseut,</span> <span class='ocrx_word' id='word_1_432' title='bbox 1349 2399 1401 2425; x_wconf 91' lang='lat' dir='ltr'>aut</span> <span class='ocrx_word' id='word_1_433' title='bbox 1419 2393 1664 2436; x_wconf 89' lang='lat' dir='ltr'>quomodolibet</span> <span class='ocrx_word' id='word_1_434' title='bbox 1677 2393 1948 2436; x_wconf 62' lang='lat' dir='ltr'>1-J1·aetende1·unt¹,</span> 
     </span>
     <span class='ocr_line' id='line_1_92' title="bbox 1214 2446 1950 2489; baseline -0.001 -9"><span class='ocrx_word' id='word_1_435' title='bbox 1214 2448 1325 2480; x_wconf 77' lang='lat' dir='ltr'>eadem</span> <span class='ocrx_word' id='word_1_436' title='bbox 1343 2446 1533 2479; x_wconf 84' lang='lat' dir='ltr'>auctoritate</span> <span class='ocrx_word' id='word_1_437' title='bbox 1555 2451 1714 2489; x_wconf 82' lang='lat' dir='ltr'>perpetuo</span> <span class='ocrx_word' id='word_1_438' title='bbox 1732 2446 1950 2479; x_wconf 82' lang='lat' dir='ltr'>revocavimus</span> 
     </span>
    </p>
   </div>
   <div class='ocr_carea' id='block_1_18' title="bbox 1214 2499 1949 2543">
    <p class='ocr_par' dir='ltr' id='par_1_37' title="bbox 1214 2499 1949 2543">
     <span class='ocr_line' id='line_1_93' title="bbox 1214 2499 1949 2543; baseline -0.003 -9"><span class='ocrx_word' id='word_1_439' title='bbox 1214 2508 1246 2534; x_wconf 91' lang='lat' dir='ltr'>et</span> <span class='ocrx_word' id='word_1_440' title='bbox 1266 2499 1514 2533; x_wconf 87' lang='lat' dir='ltr'>annullavimus.</span> <span class='ocrx_word' id='word_1_441' title='bbox 1534 2499 1702 2533; x_wconf 83' lang='lat' dir='ltr'>Praeterea</span> <span class='ocrx_word' id='word_1_442' title='bbox 1722 2499 1874 2543; x_wconf 78' lang='lat' dir='ltr'>praefatis</span> <span class='ocrx_word' id='word_1_443' title='bbox 1892 2499 1949 2532; x_wconf 89' lang='lat' dir='ltr'>Pe-</span> 
     </span>
    </p>
   </div>
   <div class='ocr_carea' id='block_1_19' title="bbox 1253 2613 1856 2650">
    <p class='ocr_par' dir='ltr' id='par_1_38' title="bbox 1253 2613 1856 2650">
     <span class='ocr_line' id='line_1_94' title="bbox 1253 2613 1856 2650; baseline 0.002 -9"><span class='ocrx_word' id='word_1_444' title='bbox 1253 2616 1261 2641; x_wconf 87' lang='lat' dir='ltr'>t</span> <span class='ocrx_word' id='word_1_445' title='bbox 1285 2614 1375 2641; x_wconf 85' lang='lat' dir='ltr'>Potius</span> <span class='ocrx_word' id='word_1_446' title='bbox 1393 2614 1452 2650; x_wconf 81' lang='lat' dir='ltr'>lege</span> <span class='ocrx_word' id='word_1_447' title='bbox 1469 2613 1728 2650; x_wconf 75' lang='lat' dir='ltr'>praetenderentur</span> <span class='ocrx_word' id='word_1_448' title='bbox 1747 2614 1787 2650; x_wconf 75' lang='lat' dir='ltr'>(n.</span> <span class='ocrx_word' id='word_1_449' title='bbox 1807 2614 1856 2648; x_wconf 83' lang='lat' dir='ltr'>T.).</span> 
     </span>
    </p>
   </div>
  </div>
 </body>
</html>
