2279 3260
230 213 281 267 Ani.
302 240 330 267 e.
354 240 421 267 1673
466 232 530 265 4⁶22

258 300 291 320 Eis·
307 300 410 320 latissime

225 325 323 352 derogat.

465 290 480 331 ξ
516 289 569 322 102.
604 290 724 328 Quibus
754 291 905 323 omnibus
938 294 971 322 et
995 289 1154 331 singulis,

423 343 544 376 etiamsi
564 354 621 386 pro
639 344 767 377 illorum
786 342 957 375 sufficienti
975 340 1157 383 derogatio-

423 407 463 429 ne
495 397 534 429 de
565 396 628 429 illis
665 407 841 439 eorumque
887 395 959 427 totis
992 393 1158 426 tenoribus

422 448 582 492 specialis,
598 449 754 491 specifica,
771 447 943 486 individua,
956 458 991 479 ae
1009 447 1047 478 de
1061 445 1157 478 verbo

422 502 460 534 ad
481 503 627 542 verbnm,
649 512 713 534 non
731 506 837 533 autem
855 511 914 543 per
928 500 1086 532 clausulas
1107 508 1158 540 ge-

423 556 551 587 nerales
583 555 667 587 idem
691 554 925 597 importantes,
953 552 1073 584 mentio
1102 562 1157 583 seu

422 605 552 648 quaevis
595 605 655 637 alia
698 603 863 646 expressio
913 602 1064 635 habenda
1107 606 1160 634 aut

422 668 643 700 quaecumque
688 657 748 689 alia
784 655 942 699 exquisita
984 656 1086 687 forma
1121 654 1159 686 ad

424 712 485 744 hoc
510 711 663 743 servanda
689 710 781 749 foret,
807 714 937 741 tenores
964 706 1159 747 huiusmodi,

424 765 553 803 formas,
573 763 758 795 occasiones
772 767 804 793 et
817 771 937 799 causas,
953 760 1047 793 etiam
1063 770 1161 802 quan-
1180 765 1183 786 ὲ

425 816 540 847 tumvis
555 819 780 857 praegnantes,
797 813 865 856 pias
883 819 913 845 et
928 812 1157 855 privilegiatas,

424 880 459 900 ae
481 868 506 900 si
525 868 564 900 de
582 867 679 900 verbo
711 867 749 899 ad
767 867 898 898 verbum
924 865 1005 897 nihil
1030 864 1160 907 penitus

424 921 543 953 omisso
570 926 601 953 et
626 921 729 953 forma
754 919 785 951 in
813 919 875 951 illis
908 918 1023 950 tradita
1054 917 1162 950 obser-

423 975 496 1006 vata
525 973 784 1015 exprimerentur
809 977 839 1004 et
864 972 1092 1008 insererentur,
1112 969 1167 1009 iis<

426 1027 498 1059 dem
523 1025 749 1068 praesentibus
765 1035 824 1067 pro
842 1025 937 1067 plene
957 1028 989 1055 et
1006 1022 1163 1055 sufficien-

427 1085 475 1111 ter
497 1078 655 1121 expressis
685 1083 716 1109 et
744 1077 874 1109 insertis
903 1082 935 1108 et
962 1074 1161 1108 exactissime

426 1130 571 1164 adductis
598 1130 780 1173 respective
805 1129 971 1169 habentes,
997 1128 1059 1160 illis
1085 1128 1162 1160 alias
1184 1131 1185 1135 ’

427 1183 459 1216 in
497 1193 553 1216 suo
590 1183 706 1215 robore
743 1181 982 1225 permansuris,
1008 1181 1047 1213 ad
1072 1190 1164 1223 prae-

427 1236 599 1268 missorum
625 1234 782 1274 ellectum,
797 1235 908 1266 harum
931 1233 1024 1272 serie,
1039 1231 1164 1275 specia-

428 1289 501 1321 liter
526 1293 558 1321 et
583 1298 745 1331 expresse,
763 1292 863 1325 motu,
884 1285 1026 1324 seientia,
1045 1284 1165 1317 delibe-

428 1341 552 1373 ratione
578 1346 609 1373 et
633 1339 802 1383 potestatis
821 1337 1026 1381 plenitudine
1052 1336 1165 1369 simili-

428 1394 497 1432 bus,
512 1392 698 1436 plenissime
725 1397 756 1424 et
776 1391 983 1429 sufficienter,
1010 1389 1069 1421 hac
1095 1389 1164 1420 tice

429 1447 599 1485 dumtaxat,
617 1446 811 1486 derogamus
842 1449 874 1475 et
889 1443 1076 1484 derogatum
1094 1452 1164 1473 esse

429 1501 573 1532 volumus
595 1503 626 1530 et
650 1497 857 1535 mandamus,
885 1495 1064 1538 ceterisque
1090 1504 1166 1526 con-

431 1552 535 1584 trariis
553 1551 821 1593 quibuscumque.

473 1604 585 1636 Datum
612 1603 749 1640 Romae,
775 1602 859 1644 apud
891 1601 921 1633 S.
950 1601 1078 1633 Mariam
1106 1600 1166 1632 Ma-

430 1658 545 1696 iorem,
567 1657 626 1688 sub
645 1657 765 1688 annulo
788 1654 972 1693 Piscatoris‚
994 1654 1043 1686 die
1069 1664 1166 1685 xxrui

431 1709 557 1751 augusti
572 1718 745 1747 uDeLxxnl,
761 1706 967 1751 pontificatus
989 1707 1091 1739 nostri
1113 1717 1169 1738 an-

431 1773 472 1795 no
499 1772 541 1795 lv.

829 1804 851 1836 l.
876 1804 910 1836 G.
938 1803 1078 1836 Strsws.

467 1867 523 1894 Dat.
542 1867 586 1893 die
602 1866 634 1892 98
650 1866 755 1901 augusti
775 1865 851 1898 1673,
869 1866 968 1900 pontif.
993 1874 1063 1891 anno
1079 1871 1114 1891 lv.

467 1928 632 1961 Reyislrata
660 1928 692 1954 in
717 1927 876 1954 Secretarz'c'r.
905 1927 1042 1952 Brevium
1067 1927 1098 1952 in
1119 1926 1168 1952 lib.

432 1972 536 1998 mensis
555 1971 732 2006 septembris,
748 1975 829 2005 part.
847 1979 865 2005 1,
885 1972 934 2005 ful.
955 1971 1013 1997 115.

725 2103 881 2137 CXXXIX.

432 2185 606 2218 [udulfum
622 2189 655 2216 ul
673 2184 710 2216 clr-
731 2185 769 2216 B.
788 2184 956 2217 [fei-nardo
973 2185 1167 2223 Ptolomaeo,

475 2238 646 2280 fundatore
670 2237 936 2279 Conqreyalz'om's
961 2229 1079 2269 Montis
1107 2236 1170 2270 Oli-

476 2291 538 2322 refu?
571 2289 704 2322 Ordinis
728 2291 834 2321 sancti
858 2289 1037 2329 Benedicti,
1072 2290 1168 2322 missa

478 2348 503 2375 e!
536 2343 678 2385 assisium
711 2343 747 2374 de
777 2344 941 2374 communi
976 2344 1170 2386 Confessoris

479 2406 539 2427 uon
568 2396 744 2436 Ponlifieis,
762 2396 819 2427 sul)
846 2396 910 2428 re'lu
937 2396 1073 2438 «triplici,
1096 2407 1171 2440 qno-

479 2449 586 2480 lzcmn's
624 2449 656 2480 in
689 2453 889 2490 perpetuum,
905 2449 955 2479 dir
979 2459 1014 2481 xx
1040 2449 1171 2491 (cassasti

478 2513 541 2546 qua
573 2502 653 2533 idun
692 2502 809 2533 Beatus
834 2501 1024 2533 obdormirit
1051 2503 1082 2534 in
1107 2503 1170 2534 Do-

478 2555 576 2594 mino,
595 2555 633 2585 ab
654 2554 802 2586 universa
821 2554 1171 2597 Conyrrffltle'oueprae-

478 2608 545 2651 fulci
574 2612 600 2640 e!
624 2608 819 2640 monialibus
836 2618 888 2640 seu
906 2608 1020 2640 oblatis
1047 2618 1171 2641 mrums-

1014 241 1193 267 BULLARIUM
1217 240 1367 266 nonANUM

1935 241 1984 267 An.
2004 240 2034 267 C.
2058 241 2125 267 ¹673

1243 290 1316 321 terii
1343 290 1456 322 Turris
1477 290 1687 333 Speculorum
1704 289 1741 322 cle
1768 289 1860 328 Urbe,
1879 298 1929 322 ce-

1202 374 1205 375 ⁷
1244 341 1362 374 lebrari
1377 346 1406 375 et
1422 343 1555 375 recitari
1571 342 1739 385 respective
1750 341 1886 384 possint.

1423 429 1556 455 Clemens
1575 429 1654 465 Papa
1672 429 1705 461 X,

1319 472 1355 499 ad
1374 475 1549 506 perpetuam
1569 473 1612 499 rei
1632 472 1812 499 memoriam.

1245 552 1419 594 Apostoliei
1432 552 1585 592 muneris,
1598 552 1683 595 quod
1697 551 1868 584 ineffabilis
1877 550 1933 584 Dei
1971 564 2093 586 Exordium.

1201 604 1327 636 bonitas
1353 604 1526 637 humilitati
1552 610 1647 646 atque
1678 604 1856 636 infirmitati
1877 614 1934 636 no-

1202 663 1284 690 strae
1309 657 1509 689 committere
1530 657 1660 698 dignata
1684 661 1743 696 est,
1769 657 1849 689 ratio
1870 656 1936 689 exi-

1203 711 1256 752 git,
1275 715 1310 742 ut
1334 720 1500 742 servorum
1518 709 1583 748 Dei,
1602 719 1714 741 eorum
1735 709 1937 751 praesertim,

1203 762 1257 804 qui
1278 762 1311 794 in
1332 762 1446 794 diebus
1464 761 1739 804 peregrinationis
1756 771 1841 801 suae,
1856 762 1939 793 mul-

1204 812 1366 855 tiplieibus
1392 813 1518 845 divinae
1537 812 1657 854 gratiae
1677 812 1768 844 donis
1787 811 1938 852 decorati,

1204 864 1396 907 religionem
1427 864 1608 897 salubribus
1640 863 1793 896 institutis
1824 873 1940 906 propa-

1205 922 1329 959 garunt,
1349 922 1380 949 et
1405 917 1539 949 feliciter
1564 917 1702 949 deeurso
1728 916 1873 948 mortalis
1898 916 1942 948 vi-

1207 976 1255 1003 tae
1274 968 1409 1009 studi0¹‚
1424 980 1605 1012 perennem
1631 969 1663 1001 in
1689 968 1784 1001 caelis
1801 968 1942 1001 institiae

1205 1033 1359 1055 coronant
1385 1022 1532 1064 accipere
1550 1027 1746 1061 mernerunt,
1767 1022 1889 1054 cultum
1911 1026 1943 1053 et

1184 1107 1185 1113 ,
1205 1075 1448 1108 wnerationem
1465 1075 1497 1106 in
1517 1074 1620 1114 terris,
1643 1075 1682 1106 ad
1708 1073 1941 1116 omnipotentis

1206 1129 1259 1161 Dei
1286 1129 1421 1170 gloriam
1439 1127 1647 1170 fideliumque
1673 1126 1940 1165 aedificationem,

1206 1191 1396 1224 promovere
1422 1181 1617 1213 studeamus.
1656 1203 1658 1205 ·

1249 1234 1263 1276 ἓ
1288 1234 1318 1266 1.
1346 1233 1421 1266 Cum
1446 1233 1564 1276 itaque,
1580 1244 1616 1266 ex
1642 1232 1787 1265 deductis
1811 1232 1844 1264 in
1869 1242 1942 1275 pro·
1996 1244 2136 1273 nonmagna,

1208 1298 1298 1319 eessu
1323 1287 1400 1319 alias
1428 1297 1445 1318 a
1479 1291 1551 1318 tunc
1578 1285 1736 1319 existente
1762 1276 2139 1328 arehiepis-issfiss‘i'sstaraiii

1207 1350 1290 1382 copo
1315 1339 1470 1371 Senarum
1495 1339 1642 1371 confecto
1667 1348 1763 1380 super
1788 1348 1864 1370 casu
1889 1323 2139 1379 ex-l³3'{³2³„53.{¹.3'.3r'¹2'{

1208 1397 1301 1433 cepto
1330 1398 1361 1424 et
1396 1392 1484 1423 cultu
1517 1390 1766 1423 immemorabili
1798 1375 2160 1423 exhibito{3¹1¹31313323.¹'⁶³¹¹-

1210 1444 1243 1475 B.
1271 1443 1434 1475 Bernardo
1466 1443 1652 1475 Ptolomaeo
1678 1442 1841 1475 fundatori
1867 1442 1947 1475 Con-

1209 1496 1406 1538 gregationis
1431 1495 1544 1528 Montis
1575 1495 1688 1528 Oliveti
1713 1496 1948 1528 monachorum

1209 1548 1336 1581 Ordinis
1352 1547 1453 1580 saneti
1468 1547 1644 1587 Benedicti,
1660 1548 1711 1580 die
1729 1558 1801 1580 xxw
1822 1558 1950 1580 novem-

1210 1601 1275 1633 bris
1305 1611 1442 1634 MDextiv
1468 1601 1680 1643 Congregatio
1708 1607 1783 1633 tune
1809 1600 1949 1633 existen-

1189 1677 1191 1704 ¹]
1212 1655 1288 1687 tium
1313 1654 1341 1687 S.
1358 1654 1394 1686 R.
1422 1654 1456 1686 E.
1485 1653 1696 1687 cardinalium
1718 1654 1815 1686 sacris
1833 1653 1949 1686 ritibus

1213 1707 1394 1751 praeposita
1414 1707 1627 1739 declaraverit
1647 1707 1703 1739 ex'²
1720 1707 1775 1739 illo
1800 1711 1947 1738 constare

1213 1760 1269 1793 de³
1287 1762 1374 1793 cultu
1392 1759 1537 1792 exhibito
1552 1760 1720 1803 praedicto
1732 1760 1766 1792 Β.
1784 1759 1949 1792 Bernardo

1213 1824 1271 1856 per
1301 1813 1593 1846 immemorabilem
1626 1812 1782 1855 temporis
1821 1821 1950 1844 cursum

1213 1878 1284 1899 eum
1303 1867 1436 1900 seientia
1454 1873 1484 1899 et
1505 1866 1675 1899 tolerantia
1692 1865 1947 1903 Ordinariorum;

1214 1926 1255 1959 et,
1280 1920 1363 1953 sieut
1388 1920 1523 1952 dilectus
1542 1919 1626 1951 silius
1647 1918 1833 1950 Franciseus
1852 1917 1950 1949 Maria

1213 1973 1385 2006 Sarubbius
1407 1973 1445 2005 de
1471 1972 1605 2015 Neapoli
1627 1972 1726 2004 abbas
1753 1971 1856 2004 dietae
1874 1970 1949 2003 Con-

1214 2026 1412 2069 gregationis
1438 2026 1552 2058 Montis
1585 2024 1700 2057 Oliveti
1725 2024 1817 2056 nobis
1844 2033 1949 2066 nuper

1214 2078 1329 2121 exponi
1356 2078 1436 2117 fecit,
1465 2078 1534 2120 ipse
1560 2078 1691 2110 missam
1707 2082 1738 2109 et
1756 2076 1896 2109 officium
1911 2076 1949 2108 de

1214 2133 1327 2165 eodem
1345 2132 1379 2164 B.
1400 2131 1564 2164 Bernardo
1587 2129 1746 2163 celebrari
1765 2135 1797 2162 et
1821 2128 1948 2162 recitari

1214 2195 1309 2227 posse
1328 2185 1500 2227 plurimum
1519 2183 1699 2216 desideret:

1257 2239 1272 2281 ᾗ
1297 2238 1327 2270 ΕΞ.
1355 2237 1429 2277 Nos,
1454 2237 1515 2280 piis
1537 2237 1680 2269 eiusdem
1703 2234 1865 2268 Francisei
1889 2234 1951 2268 Ma-

1213 2291 1279 2323 riae
1305 2290 1429 2322 abbatis
1466 2289 1548 2322 votis
1579 2289 1638 2322 hae
1667 2288 1700 2320 in
1732 2299 1766 2320 re
1791 2292 1949 2331 quantum

1215 2353 1285 2375 eum
1310 2342 1447 2375 Domino
1468 2352 1637 2385 possumus
1654 2341 1876 2374 favorabiliter
1896 2350 1950 2373 an-

1214 2405 1313 2428 nuere
1338 2395 1491 2434 volentes,
1518 2405 1655 2437 eumque
1674 2405 1690 2426 a
1708 2392 1873 2436 quibusvis
1890 2403 1948 2425 ex·-

1214 2447 1535 2487 cmnmunicafionis,
1558 2447 1787 2490 suspensionis
1806 2446 1952 2480 etinter-

2001 2242 2095 2267 tn-tutget
2121 2244 2144 2264 ut

1960 2271 1981 2291 in
1997 2270 2090 2290 rubrica.

1252 2529 1261 2553 l
1284 2526 1374 2553 Potius
1389 2526 1447 2561 lege
1462 2527 1556 2554 stadio
1576 2527 1616 2561 (n.
1631 2529 1680 2559 T.).

1249 2572 1265 2598 2
1285 2571 1355 2598 Edit.
1377 2571 1456 2597 ttlain.
1478 2571 1541 2605 legit
1562 2572 1595 2598 de
1614 2572 1715 2605 (n.'r.).

1251 2615 1266 2643 3
1286 2615 1355 2642 Edit.
1377 2614 1455 2643 nam.
1471 2615 1534 2650 legit
1554 2624 1588 2642 ca:
1607 2622 1644 2650 ra.
1664 2616 1715 2650 τ.).
