2279 3260
131 250 182 277 ᾹΠ.
205 250 236 277 C·
258 250 325 277 ¹⁸·'l2

326 299 510 332 affixionem
537 299 567 331 in
596 299 663 331 acie
688 298 798 341 Campi
823 298 937 330 Florae
958 297 1057 337 affixa,

327 352 530 392 executione,
557 351 688 383 realiter
704 356 734 383 et
759 350 978 393 personaliter
1002 359 1059 392 pro

329 403 479 435 omnibus
505 409 536 435 et
556 403 691 445 singulis
716 403 747 434 in
774 402 888 435 litteris
920 402 1062 444 desuper

328 457 488 499 expeditis
518 455 680 488 contentis
713 467 784 487 cum
818 454 932 487 effectu
965 453 1063 487 adim-

329 506 485 550 plendis¹‚
508 507 577 550 cogi
598 506 642 540 et²
660 508 811 551 compelli
826 512 957 550 possent
970 512 1000 539 et
1014 507 1063 538 de-
1081 516 1082 522 ¹

327 561 460 600 berent,
495 560 776 603 obligationesque
810 566 841 593 et
869 546 1083 603 llypotecas,*

329 623 409 655 quae
428 613 514 656 ipsos
541 613 693 652 notarios,
725 613 827 645 donee
858 612 1002 645 viverent
1032 615 1063 643 et

327 665 431 697 officia
452 666 630 698 notariatus
660 665 846 698 huiusmodi
865 665 1060 702 obtinerent,

327 727 508 760 eorumque
542 718 574 750 in
609 718 701 751 dictis
738 718 850 750 officiis
882 716 1061 749 notariatus

329 779 537 802 successores
556 770 624 813 pari
643 770 738 803 modo
766 776 796 802 et
821 770 922 802 forma
940 767 1063 809 obliga-

329 827 402 854 rent
427 826 459 853 et
477 822 653 864 afficerent,
676 822 837 855 conticere
860 826 1060 859 tenerentur;

147 887 317 908 Notat-iiinactu
372 875 386 917 ᾖ
418 874 449 907 6.
488 874 642 918 Quodque
675 876 713 907 de
746 881 855 907 cetero
888 883 1000 906 omnes
1033 876 1065 904 et

134 920 209 963 {iis-2¹2¹,
228 913 318 959 sffi'u'rse’
330 927 449 970 singuli
480 928 519 960 de
546 928 731 960 huiusmodi
756 927 972 960 notariatuum
997 924 1066 957 ossi-

135 966 318 1018 {Ell'L'E'Stnt‘Kffi
332 980 389 1012 ciis
407 981 479 1023 (per
492 991 617 1013 cessum
635 981 684 1012 vel
703 981 870 1012 decessum
885 989 942 1011 seu
959 987 1066 1020 quam-

135 1020 375 1065 521122lli3i'f'ssfflevis
400 1033 495 1066 aliam
519 1033 744 1066 dimissionem
769 1043 826 1065 seu
852 1030 1064 1075 privationem

330 1085 403 1118 illos
420 1096 479 1128 pro
496 1091 642 1128 tempore
672 1085 889 1118 obtinentium
907 1094 963 1116 seu
988 1082 1064 1115 alias

331 1137 574 1180 quomodolibet
598 1134 769 1180 vacaturis)
784 1136 990 1180 providendi,
1010 1146 1065 1168 an-

331 1196 460 1233 tequam
478 1191 516 1224 ad
536 1190 640 1223 officia
658 1190 843 1223 huiusmodi
862 1190 1065 1222 admitteren-

331 1249 381 1275 tur
405 1249 437 1276 et
461 1243 695 1287 reciperentur,
713 1255 770 1276 seu
795 1243 827 1276 in
844 1249 915 1276 actu
936 1243 1064 1275 illorum

332 1296 530 1339 receptionis
555 1302 585 1329 et
604 1296 819 1335 admissionis,
837 1296 934 1328 modo
955 1300 987 1327 et
1003 1295 1065 1327 sor-

332 1351 383 1382 ma
408 1349 558 1392 superius
576 1348 747 1391 expressis,
766 1349 940 1392 praemissa
959 1348 1063 1380 omnia

331 1402 578 1445 promittere,et
604 1402 641 1434 ad
667 1401 722 1434 illa
752 1402 951 1434 observanda
976 1411 1008 1433 se
1033 1411 1058 1432 st

332 1455 488 1498 obligare,
509 1455 667 1498 simulque
693 1455 910 1497 obligationes
929 1453 1066 1486 confice-

331 1518 375 1548 re,
394 1508 524 1551 ipsique
551 1513 583 1540 et
600 1508 718 1540 notarii
741 1514 815 1546 tune
840 1507 1013 1540 existentes
1032 1517 1064 1539 se

332 1561 420 1605 ipsos
438 1567 469 1594 et
487 1572 748 1605 unumquemque
769 1572 883 1594 eorum
910 1571 946 1593 ex
963 1563 1066 1592 massa

333 1621 364 1648 et
383 1615 610 1648 emolumentis
629 1615 782 1658 praefatis
800 1613 1018 1657 percipiendis
1037 1619 1067 1645 et

333 1668 500 1711 exigendis
538 1668 741 1711 pecuniarias
778 1678 919 1700 summas
956 1677 1066 1699 eorum

333 1723 496 1755 mensurio
517 1733 576 1765 pro
600 1727 744 1765 tempore
769 1721 929 1760 existenti,
945 1721 1002 1753 sub
1021 1731 1067 1753 ex-

333 1775 636 1808 communicationis
667 1774 796 1807 maioris
823 1775 904 1806 latae
937 1778 1068 1805 senten-

334 1828 395 1861 tiae
420 1828 491 1870 ipso
516 1828 599 1860 sacto
625 1827 841 1859 incurrendae
867 1828 988 1869 poena,
1022 1836 1068 1857 ra-

336 1881 476 1914 tionem³
492 1881 630 1913 reddere
649 1880 779 1912 omnino
801 1880 956 1912 deberent
973 1884 1004 1911 et
1024 1883 1069 1910 te-

335 1938 504 1973 ueremur,
522 1937 618 1976 prout
641 1932 727 1964 idem
751 1933 981 1975 praedeeessor
997 1941 1069 1963 eos-

334 1988 409 2021 dem
442 1985 604 2025 notarios,
638 1995 814 2028 eorumque
840 1985 1004 2027 singulos,
1034 1994 1069 2016 ac

334 2039 431 2073 etiam
452 2039 596 2082 ipsorum
611 2038 643 2070 in
660 2037 812 2081 praefatis
832 2037 945 2070 officiis
963 2047 1069 2069 suces-

333 2103 436 2132 sores,
460 2103 497 2124 ac
522 2091 699 2134 praefatum
733 2101 846 2123 eorum
879 2090 1065 2133 collegium,

334 2145 474 2188 dictique
500 2144 630 2187 collegii
657 2146 884 2184 emolumenta,
911 2144 1067 2183 redditus,

333 2204 510 2242 proventus
535 2204 567 2231 et
591 2198 669 2238 iura,
684 2209 741 2241 pro
767 2198 914 2230 omnibus
941 2203 972 2230 et
996 2197 1064 2229 sin-

335 2252 418 2294 gulis
433 2252 628 2294 praemissis,
639 2251 671 2283 in
689 2251 783 2284 simili
800 2252 898 2284 forma
911 2261 1066 2290 emnerae,

334 2305 367 2336 in
392 2304 533 2337 solidum
557 2304 701 2347 obligare
721 2309 752 2337 et
769 2304 947 2347 respective
966 2304 1068 2347 hypo-

335 2359 468 2390 thecare
494 2357 595 2391 teneri
617 2358 759 2391 decrevit
775 2358 986 2401 (obligatione
1008 2358 1068 2389 hu-

334 2411 483 2450 iusmodi,
504 2411 608 2443 donec
625 2411 700 2443 dieti
719 2411 834 2444 notarii
855 2416 930 2443 tunc
956 2416 987 2443 et
1009 2421 1067 2453 pro

369 2500 380 2525 1
400 2499 466 2525 Male
483 2499 548 2525 edit.
565 2499 644 2525 Main.
662 2499 725 2534 legit
740 2500 914 2534 adimplendi
927 2502 965 2532 (a.
977 2500 1026 2529 T.).

368 2544 384 2571 2
404 2545 543 2571 Coniunct.
564 2549 589 2571 e!
609 2553 657 2571 nos
676 2545 798 2572 addimus
817 2550 853 2579 (R.
871 2547 920 2576 Tg).

369 2589 385 2616 3
405 2589 539 2624 Syntaxim
560 2594 676 2624 corrigat
697 2590 736 2616 vel
763 2590 887 2617 emendet
913 2590 958 2625 qui
982 2594 1069 2625 potest

332 2634 370 2669 (a.
387 2635 436 2669 T.).

419 2689 497 2716 Ball.
521 2688 603 2714 Rom.
620 2704 652 2707 --
674 2688 733 2714 Vol.
752 2688 857 2715 XVIII.
1022 2690 1054 2716 48

959 249 1101 273 CLEMFNS
1123 250 1138 272 X
1165 250 1211 272 1²1¹.

1737 242 1800 275 377
1847 251 1895 277 An.
1913 249 1943 277 c.
1963 249 2025 276 167⁵.)

1103 301 1246 340 tempore
1277 297 1449 330 existentes
1483 298 1636 336 viverent,
1668 304 1699 331 et
1731 300 1836 331 officia

1101 350 1246 391 praefata
1271 349 1468 389 obtinerent,
1487 355 1518 382 et
1533 360 1597 382 non
1617 352 1711 389 ultra,
1730 361 1836 393 respe-

1102 401 1183 434 ctive
1209 402 1379 442 duratura,
1411 407 1640 445 praeterquam
1666 403 1751 444 quod
1778 401 1833 434 ad¹

1103 463 1242 487 summas
1274 455 1426 488 decursas
1453 460 1484 488 et
1508 455 1586 487 alias
1621 455 1836 497 obligationes

1104 507 1283 548 purificatas
1309 513 1454 551 tempore
1476 518 1539 550 quo
1566 507 1671 541 officia
1696 507 1836 539 notaria-

1103 564 1152 591 tus
1179 560 1364 594 huiusmodi
1396 561 1602 601 obtinerent,
1629 570 1688 603 pro
1721 560 1838 602 quibus

1104 612 1186 644 idem
1199 615 1434 656 praedeeessor
1448 624 1504 647 eos
1516 619 1550 646 ut
1563 614 1746 657 praefertur
1759 612 1837 645 obli-

1104 670 1193 706 gatos
1218 677 1347 709 semper
1365 677 1534 699 remanere
1546 666 1583 710 Ἰ),
1606 666 1837 710 praefatosque

1105 720 1246 753 notarios
1273 721 1450 762 nonaginta
1476 731 1512 753 ex
1539 721 1632 753 dietis
1650 724 1778 752 eentum
1796 718 1839 751 os-

1104 770 1185 805 sieiis
1211 773 1295 805 inter
1319 773 1431 806 decem
1448 774 1579 806 eosdem
1602 773 1745 806 notarios
1770 777 1838 803 tum

1106 832 1292 868 praesentes
1317 826 1461 858 dividere
1477 853 1484 866 ,
1518 826 1562 858 ita
1587 826 1672 869 quod
1707 824 1840 858 cuilibet

1106 878 1248 920 ipsorum
1272 890 1384 912 novem
1411 879 1516 912 officia
1541 885 1729 921 tangerent,
1757 889 1841 923 quae

1106 933 1138 964 in
1157 933 1212 966 illa
1229 935 1334 977 prima
1349 936 1513 968 vacatione
1529 942 1652 968 tantum
1669 936 1709 968 ad
1727 946 1840 968 eorum

1107 985 1241 1018 liberam
1251 987 1509 1030 dispositionem,
1521 989 1628 1031 quoad
1639 988 1741 1030 pretia
1751 988 1841 1020 dum-

1108 1043 1204 1078 taxat,
1232 1040 1446 1082 pertinerent,

1151 1093 1166 1135 ἓ
1193 1092 1223 1126 7.
1256 1092 1413 1136 Quodque
1436 1094 1600 1135 integrum
1625 1094 1777 1136 pretium,
1803 1105 1840 1127 ex
1865 1098 1956 1119 Pfflmm
1968 1099 2036 1119 dieto-

1852 1131 1896 1144 rum
1918 1125 2035 1146 officiorum

1107 1146 1294 1179 venditione
1314 1151 1346 1179 et
1364 1147 1585 1189 resignatione
1602 1148 1779 1190 nonaginta
1795 1148 1842 1180 os·
1852 1153 2037 1202 gggffnffxffinffi

1108 1197 1253 1231 liciorum
1277 1200 1512 1232 antedictorum
1538 1200 1675 1233 militum
1700 1201 1839 1243 piorum,
1853 1204 1958 1250 23133210130
1989 1211 2036 1225 “⁰-

1108 1255 1140 1282 ut
1167 1262 1266 1294 supra
1291 1258 1484 1291 erectorum,
1509 1253 1548 1285 ad
1574 1251 1674 1284 instar
1701 1244 1862 1285 aliorumb
1944 1246 1950 1251 ⁵

1108 1314 1166 1346 per
1190 1304 1348 1337 Datariam
1374 1304 1591 1347 Apostolicam
1623 1305 1843 1348 expediendo-

1108 1367 1190 1394 rum,
1205 1363 1444 1399 proventurum,
1462 1362 1583 1390 tantum
1599 1358 1638 1390 de
1656 1358 1759 1400 prima
1774 1357 1843 1390 viee

1109 1420 1207 1451 penes
1232 1421 1389 1453 personas
1413 1410 1476 1443 fide
1501 1415 1532 1443 et
1555 1410 1760 1443 facultatibus
1777 1411 1843 1443 ido-

1110 1474 1187 1496 neas
1207 1474 1265 1506 per
1282 1464 1412 1497 eosdem
1429 1464 1575 1497 notarios
1597 1464 1775 1506 eligendas,
1793 1465 1844 1496 vel

1110 1517 1141 1548 in
1169 1518 1274 1549 banco
1300 1517 1563 1560 areliil‘iospitalis
1589 1517 1620 1550 S.
1647 1517 1785 1559 Spiritus
1810 1517 1844 1549 in

1110 1569 1210 1609 Saxia,
1225 1575 1322 1612 prout
1335 1571 1455 1603 eisdem
1469 1570 1604 1603 notariis
1615 1571 1778 1603 videretur
1789 1570 1843 1611 (ad

1111 1621 1258 1655 effectum
1283 1623 1362 1655 illud
1388 1628 1452 1655 tam
1476 1623 1514 1655 iis
1540 1623 1593 1665 qui
1619 1623 1764 1665 praefata
1787 1633 1845 1655 no-

1113 1676 1263 1708 tariorum
1288 1676 1394 1709 officia
1415 1687 1487 1708 eum
1512 1676 1624 1708 alienis
1641 1675 1788 1718 pecuniis
1812 1681 1847 1708 ut

1111 1729 1329 1771 praemittitur
1347 1734 1501 1767 emerant,
1519 1729 1558 1761 ad
1576 1729 1639 1761 hoe
1656 1733 1691 1760 ut
1708 1729 1768 1771 ipsi
1790 1739 1847 1761 no-

1112 1780 1183 1813 tarii
1208 1781 1313 1824 pretio
1338 1787 1370 1813 et
1394 1781 1607 1820 interusuriis,
1636 1780 1753 1823 quibus
1781 1791 1847 1822 gra—

1111 1834 1279 1872 vabantur,
1301 1844 1358 1876 pro
1380 1834 1525 1876 praefata
1550 1835 1673 1866 summa
1698 1833 1847 1865 subleva-

1112 1891 1231 1926 rentur,
1250 1896 1346 1928 quam
1365 1886 1402 1918 iis
1421 1885 1475 1928 qui
1495 1896 1606 1918 eorum
1624 1885 1727 1918 officia
1743 1885 1847 1918 libera

1112 1938 1282 1979 haberent,
1297 1950 1356 1981 pro
1380 1940 1448 1970 rata
1473 1949 1587 1971 eorum
1612 1937 1717 1981 pretii,
1744 1937 1846 1970 consi-

1112 1992 1259 2033 gnandi),
1289 1991 1408 2034 deponi
1435 1991 1585 2024 debere⁸.

1155 2045 1169 2087 ,ξ
1194 2043 1224 2077 8.
1253 2044 1399 2077 Ceterum
1425 2044 1511 2077 idem
1539 2043 1770 2086 praedecessor
1793 2053 1847 2075 vo-
1885 2049 1937 2072 Quid
1955 2049 1974 2069 in
1990 2054 2040 2069 casu

1859 2081 1900 2101 quo
1913 2081 1965 2095 unus
1976 2081 1998 2095 ex
2010 2076 2042 2095 di-

1110 2098 1179 2136 luit,
1198 2098 1295 2140 quod,
1322 2097 1347 2129 si
1369 2097 1531 2140 quondam
1548 2096 1734 2129 Dominieus
1754 2097 1995 2128 Αῐηη-υῑωυυκινυἱ
2009 2109 2041 2122 ω-

1112 2151 1201 2189 deus,
1218 2161 1300 2182 unus
1318 2161 1355 2182 ex
1370 2150 1522 2192 praefatis
1539 2149 1684 2188 notariis,
1704 2154 1780 2180 tunc
1796 2128 1954 2181 5U-i„1‡¹i2¹151¹1l'¹
1973 2129 2041 2173 '‘lilii-¹33

1858 2187 1902 2200 rum
1925 2181 2041 2201 officiorum

1111 2209 1243 2246 perstes,
1259 2204 1361 2235 nollet
1373 2213 1430 2245 pro
1446 2204 1504 2235 sua
1517 2205 1586 2234 rata
1599 2202 1644 2233 uti
1660 2202 1845 2234 huiusmodi
1859 2208 2041 2254 'r'ffss'l'Si-'iissssss'if'

1111 2257 1224 2298 gratia,
1243 2256 1353 2298 sieque
1370 2256 1475 2288 oss‘icia
1492 2255 1628 2288 militum
1645 2255 1771 2297 piorum
1785 2254 1845 2286 sibi

1110 2309 1312 2351 obtingentia
1337 2308 1486 2351 recipere
1511 2313 1687 2346 recusaret,
1715 2312 1790 2339 tunc
1815 2312 1847 2339 et

1110 2372 1147 2394 eo
1172 2372 1246 2394 casu
1272 2361 1387 2404 reliqui
1406 2371 1524 2393 novem
1546 2360 1662 2393 notarii
1688 2359 1845 2392 deberent

1111 2425 1147 2447 ea
1172 2414 1256 2447 iuter
1280 2425 1312 2447 se
1339 2413 1498 2456 repartiri,
1520 2424 1593 2445 cum
1618 2412 1714 2445 simili
1741 2417 1845 2444 tamen

1111 2467 1308 2510 obligatione
1333 2467 1366 2499 in
1391 2466 1530 2500 solidum
1560 2466 1729 2505 facienda,
1758 2464 1845 2507 quod

1147 2549 1157 2573 1
1183 2547 1272 2573 Potius
1292 2546 1350 2581 lege
1366 2546 1461 2581 quoad
1479 2553 1527 2580 pro
1543 2544 1618 2579 quod
1638 2544 1674 2571 ad
1689 2544 1728 2577 (n.
1743 2543 1790 2577 T.).

1144 2591 1161 2617 2
1180 2591 1356 2625 Subiutellige
1376 2590 1464 2617 voluit
1484 2592 1521 2623 (R.
1543 2589 1590 2620 Τ.).

1146 2636 1161 2662 3
1180 2635 1276 2661 Potius
1291 2635 1348 2670 lege
1363 2634 1484 2668 deberet,
1502 2640 1596 2669 nempe
1609 2631 1740 2667 prelium
1755 2631 1844 2665 (uxr.)-
