2279 3260
975 248 1069 271 [snex
1096 248 1197 272 neam:
1750 241 1808 274 701

406 299 544 335 civitatis
578 300 617 334 ad
649 310 760 333 eorum
794 299 944 334 haeredes
978 300 1108 340 transit,
1135 299 1178 332 43
1202 311 1238 339 α;
1267 300 1394 343 dapiferi
1419 302 1553 344 paedicti
1579 308 1651 335 sunt
1676 304 1813 347 exempti
1840 316 1857 337 a

405 352 539 387 decimis
565 353 789 386 ecclesiasticis
819 353 957 397 aliisque
993 353 1130 396 publicis
1155 353 1324 393 oneribus;
1349 353 1557 387 remittuntur
1583 354 1627 388 eis
1653 357 1775 388 tructus
1807 357 1856 389 in-

405 406 513 440 debite
538 406 697 450 percepti:
721 406 952 450 dispensantur
984 416 1078 450 super
1108 406 1194 439 omni
1233 405 1450 446 inhabilitate,
1474 407 1596 440 etiamsi
1628 409 1859 444 celebraverint

405 459 550 493 censuris
582 459 870 502 ligati,dumm0do
900 470 964 493 non
988 459 1019 492 in
1044 464 1265 502 contemptum
1291 459 1439 496 clarium.
1456 459 1499 492 44
1523 471 1561 500 α;
1588 461 1805 501 legitimantur
1828 468 1860 496 et

405 512 632 555 dispensantur
655 512 693 544 ad
720 512 848 546 ordines
862 522 969 546 sacros
985 511 1137 545 beneficia
1161 518 1191 545 et
1216 512 1398 555 dignitates
1423 513 1561 556 exceptis
1587 514 1763 547 maioribus
1788 522 1859 559 post

406 564 636 608 pontificalem,
652 576 688 598 ac
703 566 983 610 principalioribus
996 565 1028 598 in
1047 565 1233 608 collegiatis,
1251 575 1303 598 seu
1317 566 1510 599 cumulative
1528 568 1648 607 negatis
1674 578 1689 599 a
1715 567 1858 602 Concilio

405 618 600 659 Tridentino,
624 619 667 651 44
692 619 726 659 '²3
751 619 828 662 ipsis
855 619 979 653 litterae
1003 618 1216 662 expediuntur
1239 618 1337 661 gratis
1354 645 1361 658 ‚
1387 624 1418 652 et
1442 618 1536 652 datur
1561 620 1692 653 facultas
1717 623 1859 654 transte-

407 671 497 704 rendi
523 671 692 714 pensiones
717 682 820 715 usquc
845 672 884 705 ad
909 682 1067 705 summam
1094 677 1218 704 centum
1244 672 1446 713 ducatorum,
1470 673 1512 706 45
1536 684 1576 713 ιι;
1603 675 1744 717 ipsorum
1772 676 1855 709 bona

404 725 499 759 etiam
518 724 649 757 militiae
665 726 693 758 S.
709 725 835 758 Ioannis
850 725 1128 769 llierosolyinitani
1145 724 1379 768 adscriptorum
1397 736 1462 759 non
1483 727 1616 760 subsunt
1636 728 1745 771 spoliis
1766 729 1808 761 46
1825 743 1856 771 a}

405 778 547 820 ipsorum
573 776 735 820 privilegia
760 784 836 811 sunt
861 783 1006 821 exempta
1031 777 1070 809 ab
1095 777 1325 818 insinuatione,
1350 779 1391 811 46
1415 780 1442 812 b.

315 830 461 864 Datariae
485 829 680 873 apostolicae
705 830 881 864 archivium
907 830 1057 873 erigitur,
1086 829 1150 862 149
1174 842 1210 867 a;
1238 831 1308 863 vide
1333 832 1530 866 Archivium.

314 884 515 918 Decanorum
543 894 697 916 numerus
722 884 754 916 in
779 883 1028 926 congregatione
1049 884 1225 917 Cassincnsi
1251 885 1495 927 praescribitur,
1517 886 1582 920 580
1607 900 1645 927 α,
1672 896 1702 923 et
1723 892 1776 934 qui
1795 892 1853 925 de-

404 937 500 969 beant
520 936 606 979 eligi,
626 936 702 968 ibid.

314 990 542 1023 Defunctorum
567 999 662 1031 super
686 990 840 1021 cadavera
865 989 896 1021 in
921 988 1063 1022 ecclesiis
1089 989 1284 1031 regularium
1309 992 1489 1035 sepelienda
1523 994 1562 1025 ab
1592 994 1736 1038 ipsismet
1766 1008 1860 1041 regu-

406 1041 525 1075 laribus
549 1041 731 1074 functiones
764 1046 837 1074 sunt
862 1040 1097 1084 expediendae,
1121 1040 1186 1073 300
1211 1053 1231 1074 a
1256 1049 1286 1075 et
1309 1054 1393 1087 sequ,
1419 1047 1565 1088 exceptio
1591 1058 1647 1090 pro
1672 1050 1756 1082 clero
1789 1061 1859 1084 Sag-

403 1095 504 1128 culari
530 1104 701 1137 regnorum
726 1094 881 1128 Castellae
906 1101 938 1128 et
962 1094 1124 1137 Legionis,
1148 1094 1213 1127 425
1238 1107 1258 1127 a
1284 1102 1314 1129 et
1340 1097 1366 1129 b.

315 1147 533 1182 Denunciandi
558 1147 673 1181 delicta
699 1158 781 1191 quae
800 1147 837 1180 ad
856 1158 978 1181 sacram
998 1147 1243 1190 Inquisitionem
1261 1156 1405 1192 spectant
1429 1151 1593 1195 obligatio,
1612 1153 1676 1186 342
1701 1167 1738 1195 (13
1758 1167 1857 1200 quae-

402 1211 477 1233 nam
508 1200 696 1233 huiusmodi
728 1199 841 1233 delicta
877 1201 1073 1237 referuntur,
1098 1200 1196 1241 ‘e'bid.;
1221 1201 1437 1236 denunciandi
1462 1204 1665 1248 obligationis
1690 1209 1856 1251 negligens

403 1253 521 1297 quibus
547 1253 655 1295 poenis
681 1252 851 1294 afficiatur,
879 1252 943 1286 343
967 1265 997 1286 α.

315 1307 463 1341 Destrees
488 1306 602 1340 Caesar
626 1306 813 1346 cardinalis,
836 1306 906 1339 vide
926 1307 1049 1341 Caesar.

316 1362 462 1394 Destrees
487 1359 551 1393 dux
574 1370 632 1403 pro
658 1359 818 1393 Ludovico
844 1370 916 1403 rege
941 1360 1208 1394 christianissimo
1232 1363 1316 1405 apud
1347 1363 1463 1396 Sedem
1494 1365 1709 1408 Apostolicam
1735 1374 1855 1409 orator,

403 1413 463 1447 541
492 1425 524 1446 α.

313 1466 423 1500 Didaci
443 1465 507 1508 (S.)
523 1466 639 1499 festum
664 1466 818 1499 celebrari
843 1472 874 1499 et
897 1466 1039 1501 officium
1058 1467 1184 1501 recitari
1211 1479 1303 1512 posse
1328 1480 1384 1503 x111
1410 1471 1461 1504 die
1485 1473 1678 1513 novembris,
1702 1476 1743 1507 ob
1760 1476 1859 1518 irnpe-

402 1519 507 1552 ditum
533 1528 578 1552 xn
604 1519 748 1552 eiusdem
774 1519 905 1559 mensis,
931 1520 1084 1553 fratribus
1109 1521 1148 1554 de
1173 1521 1380 1556 observantia
1404 1525 1605 1565 conceditur,
1634 1526 1697 1559 165
1723 1527 1750 1560 b.

314 1574 451 1607 Didacus
477 1584 494 1605 a
517 1573 588 1606 Iesu
613 1580 804 1617 procurator
827 1574 984 1617 generalis
1009 1574 1269 1618 Congregationis
1294 1576 1466 1620 Hispaniae
1491 1579 1623 1612 fratrum
1648 1580 1859 1615 Discalceato-

403 1637 476 1660 rum
501 1625 628 1659 Ordinis
653 1626 706 1660 SS.
734 1626 899 1660 Trinitatis
923 1627 1157 1670 redemptionis
1182 1628 1393 1671 captivorum,
1421 1630 1485 1663 613
1507 1642 1541 1668 α;
1566 1634 1706 1675 postulat
1733 1635 1859 1668 confir-

403 1680 483 1713 mari
509 1690 526 1712 a
549 1679 630 1713 Sede
655 1680 838 1723 Apostolica
863 1680 1108 1714 constitutiones
1132 1682 1292 1724 generalis
1311 1681 1411 1726 ipsius
1437 1684 1712 1728 Congregationis‚
1732 1687 1809 1720 ibid.

314 1733 453 1767 Didacus
477 1733 515 1766 de
540 1732 691 1766 Mendibil
717 1733 955 1766 commissarius
980 1734 1140 1777 generalis
1167 1734 1295 1767 Ordinis
1321 1735 1477 1770 Minorum
1497 1737 1529 1771 S.
1553 1739 1711 1774 Francisci
1730 1741 1769 1774 de
1794 1741 1857 1774 Ob-

404 1786 572 1826 servantia,
594 1785 655 1820 301
684 1786 712 1818 b.

313 1838 484 1883 Dionysius
508 1838 650 1872 Mantilla
675 1844 865 1881 procurator
889 1840 1047 1882 generalis
1072 1840 1334 1884 Congregationis
1359 1843 1388 1876 S.
1415 1844 1567 1878 Bernardi
1595 1846 1766 1889 Hispaniae
1792 1859 1857 1882 mo-

403 1892 577 1924 nachorum
611 1891 739 1924 Ordinis
766 1892 992 1933 CistercensiS,
1020 1892 1083 1926 ⁶292
1110 1904 1149 1934 a;
1175 1901 1204 1928 et
1230 1906 1287 1938 per
1311 1896 1573 1931 substitutionem
1599 1899 1694 1933 etiam
1722 1901 1854 1941 Galliae,

402 1943 467 1976 345
493 1944 520 1977 b.

312 1997 502 2041 Dispensare
526 1997 716 2031 conceditur
740 1998 778 2031 ad
806 2004 930 2041 tempus
954 2000 1119 2034 nonnullis
1150 2001 1275 2035 vicariis
1300 2003 1485 2045 apostolicis
1516 2005 1547 2037 in
1575 2005 1717 2048 partibus
1742 2007 1854 2040 orien-

401 2050 518 2084 talibus
541 2061 638 2095 super
663 2052 922 2095 quibuscumque
946 2052 1100 2096 gradibus
1121 2055 1428 2098 consanguinitatis,
1456 2063 1587 2100 excepto
1613 2057 1729 2101 primo,
1749 2059 1811 2091 447
1836 2070 1858 2092 α

402 2112 433 2138 et
457 2105 482 2138 b.

314 2157 438 2192 Domini
463 2160 634 2192 domorum
667 2160 759 2193 Urbis
790 2170 909 2204 augere
942 2170 1005 2194 non
1037 2168 1167 2204 possunt
1199 2162 1371 2204 pensiones
1409 2164 1579 2197 domorum
1609 2165 1745 2198 durante
1769 2176 1855 2199 anno

403 2218 525 2251 sancto,
549 2212 614 2245 imo
640 2218 669 2245 et
696 2223 751 2256 per
771 2213 851 2247 duos
875 2223 976 2247 annos
1002 2220 1106 2253 antea,
1121 2213 1185 2247 383
1201 2215 1218 2246 b
1235 2220 1265 2247 ct
1281 2226 1364 2259 scq.;
1385 2216 1506 2250 domini
1533 2217 1702 2251 domorum
1723 2218 1857 2262 praefati

403 2264 560 2307 expellere
590 2276 656 2299 non
691 2273 826 2309 possunt
855 2266 1030 2310 inquilinos
1062 2267 1121 2300 nisi
1155 2267 1260 2301 iurent
1291 2279 1324 2301 se
1351 2279 1409 2312 pro
1434 2280 1492 2303 suo
1517 2280 1576 2303 usu
1602 2270 1714 2304 domos
1739 2271 1857 2304 babere

403 2317 494 2357 velle,
521 2317 618 2356 ibicis,
643 2318 764 2352 domini
790 2318 973 2360 domorum,
996 2320 1033 2357 si,
1052 2320 1191 2364 expulsis
1216 2327 1252 2354 ut
1276 2332 1373 2365 supra
1398 2323 1573 2366 inquiliniS,
1590 2324 1717 2357 easdem
1743 2325 1856 2358 domos

401 2376 476 2403 ante
501 2380 620 2404 annum
644 2372 804 2415 expletum
831 2372 920 2405 alteri
952 2373 1078 2413 locent,
1106 2372 1281 2417 deperdunt
1309 2375 1389 2408 duos
1414 2386 1515 2408 annos
1541 2376 1727 2419 pensionis,
1754 2378 1854 2417 z‘l12'd.;

402 2423 523 2456 domini
559 2423 727 2458 domorum
766 2431 899 2468 possunt
935 2426 1091 2470 expellere
1127 2426 1388 2471 subinquilinos,
1422 2429 1513 2462 finita
1547 2430 1703 2463 locatione
1743 2441 1852 2464 corum

402 2475 553 2516 auctoris,
580 2476 660 2509 ibid.

312 2528 498 2562 Dominicus
524 2529 670 2563 Tasurius
694 2537 884 2574 procurator
908 2533 1065 2575 generalis
1090 2533 1216 2568 Ordinis
1240 2535 1293 2568 SS.
1314 2536 1476 2569 Trinitatis
1502 2536 1730 2579 redemptionis
1758 2538 1856 2580 capti-

402 2592 525 2617 vorum.
550 2581 615 2615 390
640 2594 678 2618 a:
702 2583 766 2617 408
791 2585 820 2617 b.
