2279 3260
214 233 260 258 Αιι.
277 233 293 256 c
331 232 395 258 1072
442 223 505 254 51:³ss

242 1501 362 1521 Exordium*

234 2548 346 2568 (nc-mentia
360 2547 404 2568 vm

222 2575 331 2596 indultum.

403 291 484 322 quae
510 280 721 314 :ulhibcretur
756 282 833 325 ipsis
859 281 1084 325 praesentibus
1110 281 1135 312 si

404 332 510 364 forent
534 334 695 367 exhibitae
720 336 769 367 vol
799 340 960 367 ostensae.

448 385 559 418 Datum
585 387 715 426 Romae,
737 388 821 430 apud
843 387 873 419 S.
894 387 1023 418 Mariam
1040 385 1138 418 Maio—

405 447 483 477 rem,
505 440 565 470 sub
590 441 710 472 annulo
728 439 910 478 piscatoris,
935 438 986 471 die
1007 449 1058 471 xix
1082 448 1138 469 au-

405 491 488 531 gusti
514 502 662 525 nnctxxn
678 519 685 532 ‚
715 490 923 535 pontificatus
948 490 1051 523 nostri
1082 500 1137 522 an-

406 553 448 576 no
474 555 520 577 ιιι.

798 588 820 619 l.
848 587 883 619 C.
907 587 1046 620 SLusius.

440 649 497 676 Dat,
520 650 563 676 die
582 650 612 676 ¹9
632 649 737 684 augusti
761 650 838 680 1672,
861 649 954 683 pontis.
974 657 1043 675 anno
1065 655 1102 674 ιιι.

443 712 599 745 Reyistrata
617 712 645 737 in
662 712 768 738 Secret.
788 711 932 741 Rrerium,
950 710 981 737 in
1002 710 1048 736 lib.
1066 718 1138 736 men—

404 754 443 781 sis
462 756 585 788 augusti,
604 764 634 789 p.
658 762 684 787 ιι,
705 756 755 789 fol.
777 755 821 781 06.

738 877 812 910 CIX.

405 947 557 980 Emensio
582 947 787 979 indultorum
816 947 976 980 recitandi
1005 947 1141 989 officium

450 999 482 1031 S.
507 1000 630 1031 Iuliani
655 1000 795 1042 episcopi
818 1004 846 1031 et
866 1001 1050 1041 confessoris
1071 1009 1143 1030 cum

450 1053 569 1091 aelami,
587 1057 652 1084 tam
676 1053 729 1084 die
752 1053 830 1095 festo
855 1052 997 1084 eiusdem
1031 1052 1143 1084 Sancti

451 1115 549 1147 quam
573 1105 623 1137 die
647 1105 963 1137 commeinoratiom's
987 1104 1092 1142 illius,
1113 1114 1142 1135 e-

448 1157 576 1198 piscopo
607 1168 644 1189 ac
675 1157 816 1199 capitulo
837 1161 865 1189 cc
889 1157 971 1189 clero
1003 1156 1143 1188 civitatis

452 1213 479 1240 et
514 1208 662 1241 dioecesis
698 1209 890 1243 Conclwnsis
929 1220 950 1240 α
986 1209 1144 1242 Clemente

458 1260 540 1293 VIII
572 1265 600 1292 et
634 1261 740 1293 Paulo
768 1261 793 1293 V
826 1271 1060 1297 concessorum„
1102 1260 1144 1291 ad

452 1315 563 1345 omnia
579 1318 605 1345 et
625 1314 757 1356 sinyula
773 1313 1014 1356 Hispaniarum
1030 1322 1141 1355 reflua.

634 1385 767 1410 Clemens
789 1384 865 1416 Papa
885 1384 918 1409 X.

527 1430 562 1454 ad
579 1431 753 1461 perpetuam
774 1428 817 1453 rei
838 1427 1021 1454 memoriam.

454 1490 661 1532 Apostolatus
680 1488 831 1529 offic-nun,
851 1489 935 1531 quod
952 1488 1146 1521 inscrutabi-

408 1543 447 1576 lis
472 1542 598 1574 divinae
624 1541 802 1584 sapientiae
836 1546 930 1584 atque
957 1541 1145 1574 clementiae

409 1594 544 1626 altitudo
565 1594 738 1625 humilitati
764 1598 901 1632 nostrae,
927 1593 1050 1625 meritis
1072 1593 1148 1625 licet

410 1653 441 1679 et
466 1646 587 1679 viribus
614 1647 710 1688 longe
736 1646 862 1688 impari,
882 1646 1087 1678 committere
1106 1646 1148 1678 di-

409 1706 504 1742 gnata
530 1705 598 1739 est,
634 1699 808 1731 salubriter
838 1700 952 1742 exequi
977 1699 1146 1732 adiuvante

407 1754 545 1786 Domino
582 1753 700 1795 iugiter
736 1758 931 1795 satagentes,
961 1758 1146 1785 sanctorum

410 1805 527 1838 Christi
549 1806 782 1843 consessorum,
800 1805 863 1848 qui,
884 1805 1020 1838 feliciter
1040 1805 1147 1837 decur-

410 1868 445 1889 so
466 1857 547 1890 vitae
564 1857 709 1890 mortalis
734 1857 848 1894 studio,
868 1857 1147 1890 immarcescibilis

412 1909 535 1951 gloriae
554 1920 705 1941 coronam
730 1909 762 1941 in
788 1910 885 1942 caelis
903 1921 920 1942 a
938 1910 1022 1942 iusto
1040 1910 1147 1943 iudice

412 1961 570 2004 consequi
595 1967 792 2001 meruerunt,
818 1963 939 1995 cultum
964 1968 995 1994 et
1019 1973 1149 1995 venera-

413 2015 533 2047 tionem
556 2014 589 2046 in
613 2013 707 2046 terris
732 2025 922 2057 promovere
957 2020 1054 2058 atque
1084 2026 1149 2048 am-

413 2067 514 2109 pliare
541 2067 729 2106 studemus,
765 2067 847 2099 sicut
880 2067 932 2110 pia
965 2068 1148 2100 sublimium

415 2129 628 2162 personarum
656 2129 720 2151 non
749 2119 854 2151 minus
896 2120 1023 2152 virtutis
1054 2132 1148 2163 quam

412 2172 494 2214 regii
519 2171 667 2204 culminis
693 2172 870 2214 splendore
893 2173 1147 2215 conspicnarum,

413 2235 449 2256 ac
484 2224 719 2256 catholicorum
751 2225 926 2257 antistitum
962 2226 994 2257 in
1025 2232 1149 2268 partem

411 2276 640 2309 sollicitudinis
656 2282 783 2309 nostrae
797 2284 993 2317 vocatorum,
1005 2279 1150 2311 aliorum-

413 2340 475 2372 que
493 2329 750 2362 sinistilidelium
766 2336 839 2362 vota
856 2332 1030 2373 postulant,
1043 2337 1075 2363 et
1090 2343 1148 2364 nos

413 2382 453 2414 ad
480 2382 711 2424 omnipotentis
728 2383 782 2415 Dei
820 2383 955 2425 gloriam
973 2384 1149 2417 Ecclesiae—

415 2445 477 2478 que
504 2440 633 2467 sanetae
663 2436 759 2467 decus
778 2440 873 2478 atque
894 2437 1149 2470 aedificationem

415 2489 566 2530 expedire
591 2488 623 2520 in
645 2488 782 2521 Domino
807 2489 1010 2522 arbitramur.

459 2542 473 2584 ᾗ
499 2541 530 2573 1.
557 2541 680 2573 Dudum
698 2541 868 2584 siquidem,
889 2552 947 2583 pro
965 2548 1056 2585 parte
1074 2548 1150 2575 tunc

417 2594 621 2628 existentium
646 2594 792 2638 episcopi
818 2599 850 2627 et
874 2595 1006 2638 capituli
1024 2600 1055 2628 et
1071 2597 1148 2629 cleri
1167 2599 1171 2642 Ι

985 235 1065 258 nvn,
1074 234 1164 257 mutu
1188 234 1205 256 n
1212 233 1338 258 nulum!

1179 281 1314 314 civitatis
1345 289 1376 314 ct
1411 281 1569 315 dioecesis
1594 281 1803 321 Concbensis,
1840 280 1914 313 seli-

1179 333 1224 364 cis
1260 334 1497 366 recordationis
1529 334 1686 366 Clementi
1720 334 1825 376 Papae
1852 333 1916 366 VIII

1180 385 1423 426 praedecessori
1450 391 1562 418 nostro
1589 386 1757 429 exposito,
1787 387 1916 418 beatum

1180 437 1337 470 lulianum
1351 439 1539 481 episcopum
1552 444 1583 471 et
1596 439 1825 479 consessorem,
1837 439 1918 471 eins-

1181 489 1253 521 dem
1278 489 1414 523 civitatis
1441 496 1471 523 et
1495 491 1651 524 eeclesiae
1676 497 1860 534 patronum,
1883 491 1917 523 in

1181 541 1317 573 maxima
1342 543 1425 584 apud
1451 553 1506 575 eos
1542 544 1754 576 veneratione
1787 543 1915 583 haberi,

1181 599 1212 625 et
1236 594 1322 626 illius
1346 595 1485 627 natalem
1521 594 1606 627 diem
1642 595 1759 627 festum
1785 595 1917 627 hiemali

1183 651 1335 689 tempore,
1352 657 1425 688 quo,
1438 646 1586 689 propter¹
1601 647 1757 689 temporis
1771 647 1918 679 eiusdem

1182 704 1213 730 et
1231 699 1331 741 ipsius
1350 699 1488 731 civitatis
1507 699 1706 731 Conchensis
1726 699 1806 731 situs
1829 710 1920 742 aspe-

1183 751 1322 790 ritatem,
1340 751 1499 784 convicini
1517 752 1630 794 populi
1649 751 1795 784 eiusdem
1812 751 1919 784 Sancti

1184 804 1290 836 devoti
1315 804 1392 836 illuc
1416 804 1569 836 accedere
1598 813 1664 835 non
1690 808 1862 846 poterant,
1890 809 1922 836 et

1184 862 1355 900 propterea
1374 856 1442 888 eius
1461 856 1801 889 commemorationem
1827 857 1878 889 die
1902 867 1921 889 v

1184 909 1304 942 mensis
1328 910 1536 952 septembris,
1557 920 1618 953 qua
1638 910 1826 953 frequentes
1844 910 1922 942 chri-

1185 962 1341 995 stifideles
1367 963 1548 995 devotionis
1574 965 1670 994 causa
1688 963 1765 995 illuc
1789 963 1923 995 accede-

1187 1015 1271 1053 bant,
1289 1015 1447 1047 celebrari
1466 1016 1582 1054 solere,
1600 1025 1784 1058 cupereque
1802 1015 1923 1059 episco-

1186 1078 1260 1110 pum
1286 1078 1321 1099 ae
1346 1068 1522 1110 capitulum
1543 1072 1575 1100 et
1595 1068 1718 1100 clerum
1744 1069 1920 1110 praefatos,

1186 1121 1224 1152 ad
1250 1120 1402 1153 maiorem
1434 1120 1575 1153 eiusdem
1602 1120 1709 1153 Sancti
1745 1121 1923 1153 veneratio-

1187 1183 1274 1212 nem,
1300 1183 1477 1216 eorumque
1503 1173 1705 1216 spiritualem
1730 1173 1924 1206 consolatio-

1187 1235 1269 1265 nem,
1288 1230 1427 1268 utroque
1446 1230 1589 1268 tempore
1615 1226 1801 1258 huiusmodi
1827 1226 1859 1258 in
1878 1226 1925 1258 os-

1187 1277 1282 1317 ficio,
1309 1279 1392 1321 quod
1420 1279 1458 1310 de
1483 1278 1555 1321 ipso
1581 1279 1696 1311 Sancto
1723 1278 1922 1318 recitabant,

1188 1330 1366 1363 orationem
1381 1331 1545 1373 propriam
1561 1336 1592 1363 et
1605 1331 1764 1363 lectiones
1775 1341 1810 1363 ex
1821 1331 1924 1374 ipsius

1188 1383 1286 1415 sancti
1312 1383 1423 1415 Iuliani
1450 1383 1586 1415 historia
1604 1383 1788 1426 desumptas
1807 1383 1924 1416 recita-

1189 1446 1223 1468 re
1248 1446 1362 1479 posse:
1395 1436 1479 1468 idem
1504 1435 1652 1468 Clemens
1679 1436 1921 1478 praedecessor,

1190 1490 1227 1521 de
1242 1494 1318 1521 tune
1335 1488 1539 1521 existentium
1554 1488 1583 1521 S.
1605 1488 1640 1521 R.
1658 1489 1692 1520 E.
1710 1488 1924 1521 cardinalium

1189 1541 1438 1584 Congregationi
1463 1552 1625 1574 sacrorum
1642 1541 1760 1573 rituum
1787 1552 1925 1584 praepo-

1189 1594 1334 1633 sitorum,
1354 1594 1407 1637 qui
1433 1594 1616 1626 orationem
1641 1599 1672 1626 et
1688 1593 1844 1626 lectiones
1869 1594 1925 1626 hu-

1190 1647 1326 1679 iusmodi
1353 1647 1442 1679 iussu
1466 1646 1567 1689 ipsius
1592 1647 1765 1679 Clementis
1791 1647 1927 1690 praede-

1190 1700 1327 1732 cessoris
1364 1699 1627 1732 examinaverant
1659 1705 1691 1731 et
1723 1700 1926 1742 approbave-

1189 1757 1269 1791 rant,
1290 1752 1451 1784 sententia
1467 1778 1474 1791 ,
1502 1752 1623 1784 eisdem
1650 1751 1814 1794 episcopo,
1840 1752 1927 1795 capi-

1191 1805 1268 1844 tulo,
1290 1804 1453 1837 canonicis
1473 1810 1503 1837 et
1520 1806 1608 1837 clero
1622 1805 1774 1837 universo
1789 1805 1925 1837 civitatis

1191 1862 1222 1889 et
1247 1857 1405 1889 dioecesis
1430 1856 1639 1896 Conchensis‚
1664 1863 1700 1888 ut
1723 1857 1754 1888 in
1781 1857 1862 1889 sesto
1896 1862 1928 1889 et

1191 1910 1501 1943 commemoratione
1525 1911 1660 1953 praefati
1679 1911 1712 1942 B.
1733 1910 1844 1943 Iuliani
1863 1909 1927 1953 epi-

1191 1963 1278 2006 scopi
1296 1969 1328 1996 et
1351 1963 1557 2002 confessoris,
1574 1962 1719 1995 eiusdem
1740 1962 1874 1994 civitatis
1897 1967 1928 1994 et

1192 2021 1224 2049 et
1239 2016 1394 2048 ecclcsiae
1408 2016 1546 2058 patroni,
1569 2016 1748 2048 orationem
1762 2015 1925 2058 propriam

1192 2074 1223 2101 et
1248 2074 1313 2102 tres
1346 2069 1499 2101 lectiones
1535 2068 1670 2100 secundi
1706 2068 1858 2099 nocturni
1889 2079 1924 2100 ex

1192 2122 1291 2164 ipsius
1308 2122 1338 2154 S.
1353 2121 1465 2153 Iuliani
1484 2121 1620 2153 historia
1634 2121 1830 2163 desumptas,
1847 2132 1925 2164 quas

1192 2174 1305 2206 litteris
1327 2175 1392 2205 suis
1418 2173 1557 2206 adscribi
1582 2174 1694 2214 voluit,
1721 2174 1860 2207 recitare
1888 2174 1926 2207 li-

1192 2228 1268 2260 bere
1293 2232 1324 2259 et
1348 2227 1435 2259 licite
1461 2232 1595 2269 possent
1620 2232 1652 2259 et
1677 2227 1844 2268 valerent,
1872 2238 1927 2260 au-

1192 2280 1340 2313 ctoritate
1358 2279 1535 2322 apostolica
1548 2279 1710 2312 concessit
1727 2285 1757 2312 ct
1776 2280 1923 2313 indulsit.

1236 2334 1250 2375 ξ
1271 2332 1301 2364 02.
1322 2332 1358 2364 Et
1375 2332 1520 2371 subinde,
1538 2333 1732 2365 recolendae
1747 2332 1924 2366 memoriae

1192 2386 1288 2418 Paulo
1307 2385 1408 2427 Papae
1426 2385 1449 2416 V
1466 2385 1712 2427 praedecessori
1733 2386 1854 2428 pariter
1870 2397 1926 2419 no-

1192 2444 1269 2477 stro,
1296 2442 1373 2469 tunc
1398 2437 1601 2470 existentium
1628 2438 1773 2481 episcopi
1794 2444 1824 2471 et
1841 2439 1926 2482 capi-

1192 2490 1249 2522 tuli
1284 2487 1483 2522 Conchensis
1519 2490 1724 2530 nominibus,
1754 2492 1848 2523 etiam
1873 2502 1925 2524 ex-

1192 2543 1308 2586 posito,
1337 2543 1422 2584 quod
1448 2542 1507 2585 ipsi
1532 2543 1679 2575 eumdem
1704 2543 1739 2575 B.
1766 2543 1923 2577 Iulianum

1226 2604 1238 2630 1
1257 2603 1326 2629 Male
1342 2603 1383 2630 ed.
1401 2603 1482 2629 Main.
1499 2604 1628 2639 legitper
1643 2612 1691 2639 pro
1702 2608 1822 2640 propter
1831 2607 1922 2640 (nm).

1927 232 1975 258 Αη,
1990 232 2018 258 C.
2042 231 2108 258 1672

1978 2342 2036 2364 Aliud
2054 2342 2120 2363 indul-

1938 2371 1979 2389 tum
1994 2370 2053 2390 Pauli
2070 2369 2094 2391 V.
