<?xml version="1.0" encoding="UTF-8"?>
<!DOCTYPE html PUBLIC "-//W3C//DTD XHTML 1.0 Transitional//EN"
    "http://www.w3.org/TR/xhtml1/DTD/xhtml1-transitional.dtd">
<html xmlns="http://www.w3.org/1999/xhtml" xml:lang="en" lang="en">
 <head>
  <title>
</title>
<meta http-equiv="Content-Type" content="text/html;charset=utf-8" />
  <meta name='ocr-system' content='tesseract 3.04.00' />
  <meta name='ocr-capabilities' content='ocr_page ocr_carea ocr_par ocr_line ocrx_word'/>
</head>
<body>
  <div class='ocr_page' id='page_1' title='image "./bullarumdiplomat18cath_0470.png"; bbox 0 0 2279 3260; ppageno 0'>
   <div class='ocr_carea' id='block_1_1' title="bbox 289 285 473 313">
    <p class='ocr_par' dir='ltr' id='par_1_1' title="bbox 289 285 473 313">
     <span class='ocr_line' id='line_1_1' title="bbox 289 285 473 313; baseline 0.005 -1"><span class='ocrx_word' id='word_1_1' title='bbox 289 287 336 312; x_wconf 86' lang='grc' dir='ltr'>Αη.</span> <span class='ocrx_word' id='word_1_2' title='bbox 356 285 382 312; x_wconf 81' lang='lat' dir='ltr'>C.</span> <span class='ocrx_word' id='word_1_3' title='bbox 408 286 473 313; x_wconf 69' lang='grc'>1673</span> 
     </span>
    </p>
   </div>
   <div class='ocr_carea' id='block_1_2' title="bbox 291 768 1221 907">
    <p class='ocr_par' dir='ltr' id='par_1_2' title="bbox 291 768 1221 907">
     <span class='ocr_line' id='line_1_2' title="bbox 324 768 473 787; baseline -0.013 0"><span class='ocrx_word' id='word_1_4' title='bbox 324 768 415 787; x_wconf 67' lang='lat' dir='ltr'>ruinis-»x</span> <span class='ocrx_word' id='word_1_5' title='bbox 431 772 473 787; x_wconf 67' lang='lat' dir='ltr'>rani</span> 
     </span>
     <span class='ocr_line' id='line_1_3' title="bbox 291 794 1218 851; baseline -0.002 -12"><span class='ocrx_word' id='word_1_6' title='bbox 291 794 474 851; x_wconf 56' lang='lat' dir='ltr'>&#39;&#39;&#39;.&#39;;3‚¹¹&#39;2j›3331¹l{&#39;1¹3{</span> <span class='ocrx_word' id='word_1_7' title='bbox 484 808 724 841; x_wconf 79' lang='lat' dir='ltr'>venerabilibus</span> <span class='ocrx_word' id='word_1_8' title='bbox 757 806 909 839; x_wconf 82' lang='lat' dir='ltr'>fratribus</span> <span class='ocrx_word' id='word_1_9' title='bbox 934 806 1054 839; x_wconf 90' lang='lat' dir='ltr'>nostris</span> <span class='ocrx_word' id='word_1_10' title='bbox 1081 806 1111 838; x_wconf 83' lang='lat' dir='ltr'>S.</span> <span class='ocrx_word' id='word_1_11' title='bbox 1131 806 1165 837; x_wconf 80' lang='lat' dir='ltr'>R.</span> <span class='ocrx_word' id='word_1_12' title='bbox 1184 805 1218 837; x_wconf 87' lang='lat' dir='ltr'>E.</span> 
     </span>
     <span class='ocr_line' id='line_1_4' title="bbox 328 846 1221 907; baseline 0 -17"><span class='ocrx_word' id='word_1_13' title='bbox 328 846 702 907; x_wconf 35' lang='lat' dir='ltr'>¹¹AE.3lffillge:1rdin;1lib11s</span> <span class='ocrx_word' id='word_1_14' title='bbox 734 870 770 892; x_wconf 87' lang='lat' dir='ltr'>ac</span> <span class='ocrx_word' id='word_1_15' title='bbox 801 859 928 892; x_wconf 89' lang='lat' dir='ltr'>dilectis</span> <span class='ocrx_word' id='word_1_16' title='bbox 959 858 1033 891; x_wconf 82' lang='lat' dir='ltr'>filiis</span> <span class='ocrx_word' id='word_1_17' title='bbox 1058 859 1221 891; x_wconf 78' lang='lat' dir='ltr'>Romanae</span> 
     </span>
    </p>
   </div>
   <div class='ocr_carea' id='block_1_3' title="bbox 381 903 1221 975">
    <p class='ocr_par' dir='ltr' id='par_1_3' title="bbox 381 903 1221 975">
     <span class='ocr_line' id='line_1_5' title="bbox 381 903 1221 975; baseline -0.005 -29"><span class='ocrx_word' id='word_1_18' title='bbox 381 906 396 970; x_wconf 45' lang='grc' dir='ltr'>’ΣΙ</span> <span class='ocrx_word' id='word_1_19' title='bbox 413 903 474 975; x_wconf 38' lang='grc' dir='ltr'>ζιῑὲἒέ</span> <span class='ocrx_word' id='word_1_20' title='bbox 486 914 597 946; x_wconf 85' lang='lat' dir='ltr'>Curiae</span> <span class='ocrx_word' id='word_1_21' title='bbox 616 913 770 956; x_wconf 84' lang='lat' dir='ltr'>praelatis</span> <span class='ocrx_word' id='word_1_22' title='bbox 790 912 865 944; x_wconf 91' lang='lat' dir='ltr'>viris</span> <span class='ocrx_word' id='word_1_23' title='bbox 890 911 1059 955; x_wconf 83' lang='lat' dir='ltr'>sapientia,</span> <span class='ocrx_word' id='word_1_24' title='bbox 1085 911 1221 954; x_wconf 88' lang='lat' dir='ltr'>pruden-</span> 
     </span>
    </p>
   </div>
   <div class='ocr_carea' id='block_1_4' title="bbox 290 965 1221 1008">
    <p class='ocr_par' dir='ltr' id='par_1_4' title="bbox 290 965 1221 1008">
     <span class='ocr_line' id='line_1_6' title="bbox 290 965 1221 1008; baseline -0.002 -12"><span class='ocrx_word' id='word_1_25' title='bbox 290 977 422 996; x_wconf 66' lang='lat' dir='ltr'>statuendum</span> <span class='ocrx_word' id='word_1_26' title='bbox 440 978 472 996; x_wconf 69' lang='grc' dir='ltr'>5ιὶ-</span> <span class='ocrx_word' id='word_1_27' title='bbox 487 971 539 1006; x_wconf 77' lang='lat' dir='ltr'>tla,</span> <span class='ocrx_word' id='word_1_28' title='bbox 559 965 730 1008; x_wconf 64' lang='lat' dir='ltr'>ssOqlJlllltss,</span> <span class='ocrx_word' id='word_1_29' title='bbox 750 975 784 997; x_wconf 73' lang='lat' dir='ltr'>HC</span> <span class='ocrx_word' id='word_1_30' title='bbox 801 974 969 997; x_wconf 65' lang='lat' dir='ltr'>Sacrorum</span> <span class='ocrx_word' id='word_1_31' title='bbox 986 973 1146 996; x_wconf 74' lang='lat' dir='ltr'>CssnOssUlTl</span> <span class='ocrx_word' id='word_1_32' title='bbox 1165 973 1221 1005; x_wconf 75' lang='lat' dir='ltr'>pe-</span> 
     </span>
    </p>
   </div>
   <div class='ocr_carea' id='block_1_5' title="bbox 352 872 421 891">
    <p class='ocr_par' dir='ltr' id='par_1_5' title="bbox 352 872 421 891">
     <span class='ocr_line' id='line_1_7' title="bbox 352 872 421 891; baseline 0 2369"><span class='ocrx_word' id='word_1_33' title='bbox 352 872 421 891; x_wconf 95' lang='lat' dir='ltr'> </span> 
     </span>
    </p>
   </div>
   <div class='ocr_carea' id='block_1_6' title="bbox 367 899 378 918">
    <p class='ocr_par' dir='ltr' id='par_1_6' title="bbox 367 899 378 918">
     <span class='ocr_line' id='line_1_8' title="bbox 367 899 378 918; baseline 0 2342"><span class='ocrx_word' id='word_1_34' title='bbox 367 899 378 918; x_wconf 95' lang='lat' dir='ltr'> </span> 
     </span>
    </p>
   </div>
   <div class='ocr_carea' id='block_1_7' title="bbox 290 1499 472 1552">
    <p class='ocr_par' dir='ltr' id='par_1_7' title="bbox 290 1499 472 1552">
     <span class='ocr_line' id='line_1_9' title="bbox 364 1499 472 1520; baseline 0 0"><span class='ocrx_word' id='word_1_35' title='bbox 364 1499 472 1520; x_wconf 76' lang='lat' dir='ltr'>Forinulae</span> 
     </span>
     <span class='ocr_line' id='line_1_10' title="bbox 290 1527 453 1552; baseline -0.006 -7"><span class='ocrx_word' id='word_1_36' title='bbox 290 1527 453 1552; x_wconf 35' lang='lat' dir='ltr'>prm-timinam&amp;</span> 
     </span>
    </p>
   </div>
   <div class='ocr_carea' id='block_1_8' title="bbox 481 279 1221 798">
    <p class='ocr_par' dir='ltr' id='par_1_8' title="bbox 481 279 1221 745">
     <span class='ocr_line' id='line_1_11' title="bbox 520 279 583 311; baseline 0.079 -5"><span class='ocrx_word' id='word_1_37' title='bbox 520 279 583 311; x_wconf 54' lang='grc' dir='ltr'>ΗΞ)</span> 
     </span>
     <span class='ocr_line' id='line_1_12' title="bbox 481 334 1218 370; baseline -0.003 -2"><span class='ocrx_word' id='word_1_38' title='bbox 481 347 531 369; x_wconf 87' lang='lat' dir='ltr'>ras</span> <span class='ocrx_word' id='word_1_39' title='bbox 558 347 667 369; x_wconf 87' lang='lat' dir='ltr'>eorum</span> <span class='ocrx_word' id='word_1_40' title='bbox 692 337 822 370; x_wconf 91' lang='lat' dir='ltr'>nomine</span> <span class='ocrx_word' id='word_1_41' title='bbox 844 338 881 369; x_wconf 91' lang='lat' dir='ltr'>ad</span> <span class='ocrx_word' id='word_1_42' title='bbox 900 337 983 368; x_wconf 80' lang='lat' dir='ltr'>lianc</span> <span class='ocrx_word' id='word_1_43' title='bbox 1005 340 1145 367; x_wconf 83' lang='lat' dir='ltr'>sanctam</span> <span class='ocrx_word' id='word_1_44' title='bbox 1162 334 1218 366; x_wconf 86' lang='lat' dir='ltr'>Sc-</span> 
     </span>
     <span class='ocr_line' id='line_1_13' title="bbox 483 387 1217 433; baseline -0.007 -10"><span class='ocrx_word' id='word_1_45' title='bbox 483 390 554 423; x_wconf 86' lang='lat' dir='ltr'>dcm</span> <span class='ocrx_word' id='word_1_46' title='bbox 573 401 632 433; x_wconf 90' lang='lat' dir='ltr'>per</span> <span class='ocrx_word' id='word_1_47' title='bbox 648 395 862 423; x_wconf 88' lang='lat' dir='ltr'>memoratum</span> <span class='ocrx_word' id='word_1_48' title='bbox 881 389 1028 422; x_wconf 84' lang='lat' dir='ltr'>Carolum</span> <span class='ocrx_word' id='word_1_49' title='bbox 1043 387 1217 420; x_wconf 77' lang='lat' dir='ltr'>Antonium</span> 
     </span>
     <span class='ocr_line' id='line_1_14' title="bbox 481 442 1219 483; baseline -0.004 -9"><span class='ocrx_word' id='word_1_50' title='bbox 481 442 720 476; x_wconf 73' lang='lat' dir='ltr'>internuncium</span> <span class='ocrx_word' id='word_1_51' title='bbox 746 442 964 481; x_wconf 83' lang='lat' dir='ltr'>transmissas,</span> <span class='ocrx_word' id='word_1_52' title='bbox 994 446 1058 473; x_wconf 90' lang='lat' dir='ltr'>tum</span> <span class='ocrx_word' id='word_1_53' title='bbox 1085 450 1144 483; x_wconf 89' lang='lat' dir='ltr'>per</span> <span class='ocrx_word' id='word_1_54' title='bbox 1169 450 1219 472; x_wconf 87' lang='lat' dir='ltr'>co-</span> 
     </span>
     <span class='ocr_line' id='line_1_15' title="bbox 483 493 1218 538; baseline -0.004 -11"><span class='ocrx_word' id='word_1_55' title='bbox 483 505 553 528; x_wconf 90' lang='lat' dir='ltr'>rum</span> <span class='ocrx_word' id='word_1_56' title='bbox 576 496 747 538; x_wconf 81' lang='lat' dir='ltr'>deputatos</span> <span class='ocrx_word' id='word_1_57' title='bbox 765 495 828 527; x_wconf 89' lang='lat' dir='ltr'>sive</span> <span class='ocrx_word' id='word_1_58' title='bbox 847 493 1052 535; x_wconf 78' lang='lat' dir='ltr'>negotiorum</span> <span class='ocrx_word' id='word_1_59' title='bbox 1070 497 1218 534; x_wconf 80' lang='lat' dir='ltr'>gestores</span> 
     </span>
     <span class='ocr_line' id='line_1_16' title="bbox 482 544 1217 586; baseline -0.005 -7"><span class='ocrx_word' id='word_1_60' title='bbox 482 546 638 579; x_wconf 86' lang='lat' dir='ltr'>insinuari</span> <span class='ocrx_word' id='word_1_61' title='bbox 660 547 852 585; x_wconf 72' lang='lat' dir='ltr'>curaverint,</span> <span class='ocrx_word' id='word_1_62' title='bbox 869 545 961 577; x_wconf 80' lang='lat' dir='ltr'>enixe</span> <span class='ocrx_word' id='word_1_63' title='bbox 984 544 1217 586; x_wconf 78' lang='lat' dir='ltr'>humiliterque</span> 
     </span>
     <span class='ocr_line' id='line_1_17' title="bbox 483 596 1220 642; baseline -0.005 -10"><span class='ocrx_word' id='word_1_64' title='bbox 483 599 575 632; x_wconf 86' lang='lat' dir='ltr'>nobis</span> <span class='ocrx_word' id='word_1_65' title='bbox 589 600 809 642; x_wconf 71' lang='lat' dir='ltr'>supplicantes</span> <span class='ocrx_word' id='word_1_66' title='bbox 823 602 858 629; x_wconf 89' lang='lat' dir='ltr'>ut</span> <span class='ocrx_word' id='word_1_67' title='bbox 872 596 1117 640; x_wconf 83' lang='lat' dir='ltr'>suspensionem</span> <span class='ocrx_word' id='word_1_68' title='bbox 1132 606 1220 639; x_wconf 87' lang='lat' dir='ltr'>prac-</span> 
     </span>
     <span class='ocr_line' id='line_1_18' title="bbox 483 649 1221 691; baseline -0.007 -7"><span class='ocrx_word' id='word_1_69' title='bbox 483 651 599 685; x_wconf 86' lang='lat' dir='ltr'>dictam</span> <span class='ocrx_word' id='word_1_70' title='bbox 629 653 773 683; x_wconf 78' lang='lat' dir='ltr'>relaxare</span> <span class='ocrx_word' id='word_1_71' title='bbox 802 650 841 682; x_wconf 88' lang='lat' dir='ltr'>de</span> <span class='ocrx_word' id='word_1_72' title='bbox 867 649 1066 691; x_wconf 78' lang='lat' dir='ltr'>benignitate</span> <span class='ocrx_word' id='word_1_73' title='bbox 1092 653 1221 691; x_wconf 89' lang='lat' dir='ltr'>aposto-</span> 
     </span>
     <span class='ocr_line' id='line_1_19' title="bbox 484 704 794 745; baseline -0.01 -9"><span class='ocrx_word' id='word_1_74' title='bbox 484 704 543 737; x_wconf 73' lang='lat' dir='ltr'>lica</span> <span class='ocrx_word' id='word_1_75' title='bbox 569 704 794 745; x_wconf 76' lang='lat' dir='ltr'>dignaremur:</span> 
     </span>
    </p>

    <p class='ocr_par' dir='ltr' id='par_1_9' title="bbox 527 753 1219 798">
     <span class='ocr_line' id='line_1_20' title="bbox 527 753 1219 798; baseline -0.006 -10"><span class='ocrx_word' id='word_1_76' title='bbox 527 756 541 798; x_wconf 65' lang='grc' dir='ltr'><strong>ἓ</strong></span> <span class='ocrx_word' id='word_1_77' title='bbox 567 755 597 788; x_wconf 86' lang='grc'>8.</span> <span class='ocrx_word' id='word_1_78' title='bbox 625 754 688 787; x_wconf 87' lang='lat' dir='ltr'>Nos</span> <span class='ocrx_word' id='word_1_79' title='bbox 720 764 788 786; x_wconf 85' lang='lat' dir='ltr'>rem</span> <span class='ocrx_word' id='word_1_80' title='bbox 822 764 950 786; x_wconf 91' lang='lat' dir='ltr'>omnem</span> <span class='ocrx_word' id='word_1_81' title='bbox 982 753 1149 786; x_wconf 78' lang='lat' dir='ltr'>nonnullis</span> <span class='ocrx_word' id='word_1_82' title='bbox 1184 763 1219 785; x_wconf 80' lang='lat' dir='ltr'>ex</span> 
     </span>
    </p>
   </div>
   <div class='ocr_carea' id='block_1_9' title="bbox 482 1015 1222 2695">
    <p class='ocr_par' dir='ltr' id='par_1_10' title="bbox 482 1015 1222 1470">
     <span class='ocr_line' id='line_1_21' title="bbox 485 1015 1222 1060; baseline -0.004 -10"><span class='ocrx_word' id='word_1_83' title='bbox 485 1018 556 1051; x_wconf 76' lang='lat' dir='ltr'>ritia</span> <span class='ocrx_word' id='word_1_84' title='bbox 581 1018 695 1050; x_wconf 81' lang='lat' dir='ltr'>eximie</span> <span class='ocrx_word' id='word_1_85' title='bbox 722 1017 964 1060; x_wconf 76' lang='lat' dir='ltr'>praestantibus</span> <span class='ocrx_word' id='word_1_86' title='bbox 998 1021 1120 1050; x_wconf 87' lang='lat' dir='ltr'>mature</span> <span class='ocrx_word' id='word_1_87' title='bbox 1154 1015 1222 1048; x_wconf 91' lang='lat' dir='ltr'>dili-</span> 
     </span>
     <span class='ocr_line' id='line_1_22' title="bbox 484 1069 1222 1114; baseline -0.004 -10"><span class='ocrx_word' id='word_1_88' title='bbox 484 1076 659 1114; x_wconf 83' lang='lat' dir='ltr'>genterque</span> <span class='ocrx_word' id='word_1_89' title='bbox 697 1069 934 1103; x_wconf 87' lang='lat' dir='ltr'>discutiendam</span> <span class='ocrx_word' id='word_1_90' title='bbox 960 1080 996 1102; x_wconf 87' lang='lat' dir='ltr'>ac</span> <span class='ocrx_word' id='word_1_91' title='bbox 1019 1069 1113 1102; x_wconf 87' lang='lat' dir='ltr'>nobis</span> <span class='ocrx_word' id='word_1_92' title='bbox 1139 1069 1222 1101; x_wconf 88' lang='lat' dir='ltr'>rese-</span> 
     </span>
     <span class='ocr_line' id='line_1_23' title="bbox 483 1122 1220 1164; baseline -0.003 -8"><span class='ocrx_word' id='word_1_93' title='bbox 483 1124 616 1156; x_wconf 84' lang='lat' dir='ltr'>rendam</span> <span class='ocrx_word' id='word_1_94' title='bbox 634 1122 862 1162; x_wconf 77' lang='lat' dir='ltr'>commisimus,</span> <span class='ocrx_word' id='word_1_95' title='bbox 876 1122 940 1164; x_wconf 91' lang='lat' dir='ltr'>qui,</span> <span class='ocrx_word' id='word_1_96' title='bbox 958 1122 1146 1154; x_wconf 87' lang='lat' dir='ltr'>mandatum</span> <span class='ocrx_word' id='word_1_97' title='bbox 1164 1132 1220 1154; x_wconf 86' lang='lat' dir='ltr'>no-</span> 
     </span>
     <span class='ocr_line' id='line_1_24' title="bbox 483 1174 1220 1218; baseline -0.003 -10"><span class='ocrx_word' id='word_1_98' title='bbox 483 1182 584 1209; x_wconf 87' lang='lat' dir='ltr'>strum</span> <span class='ocrx_word' id='word_1_99' title='bbox 602 1175 740 1208; x_wconf 80' lang='lat' dir='ltr'>fideliter</span> <span class='ocrx_word' id='word_1_100' title='bbox 758 1179 968 1218; x_wconf 75' lang='lat' dir='ltr'>exequentes,</span> <span class='ocrx_word' id='word_1_101' title='bbox 991 1174 1110 1207; x_wconf 86' lang='lat' dir='ltr'>habitis</span> <span class='ocrx_word' id='word_1_102' title='bbox 1136 1175 1220 1206; x_wconf 91' lang='lat' dir='ltr'>inter</span> 
     </span>
     <span class='ocr_line' id='line_1_25' title="bbox 482 1227 1216 1270; baseline -0.004 -9"><span class='ocrx_word' id='word_1_103' title='bbox 482 1240 515 1262; x_wconf 91' lang='lat' dir='ltr'>se</span> <span class='ocrx_word' id='word_1_104' title='bbox 534 1228 641 1261; x_wconf 87' lang='lat' dir='ltr'>multis</span> <span class='ocrx_word' id='word_1_105' title='bbox 663 1228 900 1270; x_wconf 73' lang='lat' dir='ltr'>congressibus,</span> <span class='ocrx_word' id='word_1_106' title='bbox 916 1227 1082 1270; x_wconf 81' lang='lat' dir='ltr'>negotium</span> <span class='ocrx_word' id='word_1_107' title='bbox 1101 1231 1216 1266; x_wconf 88' lang='lat' dir='ltr'>totum,</span> 
     </span>
     <span class='ocr_line' id='line_1_26' title="bbox 482 1280 1218 1324; baseline -0.004 -10"><span class='ocrx_word' id='word_1_108' title='bbox 482 1286 514 1314; x_wconf 78' lang='lat' dir='ltr'>ct</span> <span class='ocrx_word' id='word_1_109' title='bbox 532 1281 688 1324; x_wconf 88' lang='lat' dir='ltr'>quidquid</span> <span class='ocrx_word' id='word_1_110' title='bbox 703 1291 740 1313; x_wconf 91' lang='lat' dir='ltr'>eo</span> <span class='ocrx_word' id='word_1_111' title='bbox 754 1280 917 1323; x_wconf 88' lang='lat' dir='ltr'>pertinere</span> <span class='ocrx_word' id='word_1_112' title='bbox 934 1280 1117 1319; x_wconf 87' lang='lat' dir='ltr'>videbatur,</span> <span class='ocrx_word' id='word_1_113' title='bbox 1132 1280 1218 1311; x_wconf 91' lang='lat' dir='ltr'>omni</span> 
     </span>
     <span class='ocr_line' id='line_1_27' title="bbox 482 1332 1220 1376; baseline -0.003 -11"><span class='ocrx_word' id='word_1_114' title='bbox 482 1334 590 1366; x_wconf 81' lang='lat' dir='ltr'>studio</span> <span class='ocrx_word' id='word_1_115' title='bbox 616 1338 711 1376; x_wconf 85' lang='lat' dir='ltr'>atque</span> <span class='ocrx_word' id='word_1_116' title='bbox 738 1333 896 1365; x_wconf 75' lang='lat' dir='ltr'>industria</span> <span class='ocrx_word' id='word_1_117' title='bbox 922 1332 1160 1372; x_wconf 86' lang='lat' dir='ltr'>discusserunt,</span> <span class='ocrx_word' id='word_1_118' title='bbox 1189 1337 1220 1364; x_wconf 90' lang='lat' dir='ltr'>et</span> 
     </span>
     <span class='ocr_line' id='line_1_28' title="bbox 483 1384 1220 1428; baseline 0 -11"><span class='ocrx_word' id='word_1_119' title='bbox 483 1386 559 1428; x_wconf 87' lang='lat' dir='ltr'>quid</span> <span class='ocrx_word' id='word_1_120' title='bbox 587 1386 728 1428; x_wconf 80' lang='lat' dir='ltr'>desuper</span> <span class='ocrx_word' id='word_1_121' title='bbox 749 1385 956 1417; x_wconf 87' lang='lat' dir='ltr'>statuendum</span> <span class='ocrx_word' id='word_1_122' title='bbox 976 1384 1142 1417; x_wconf 87' lang='lat' dir='ltr'>videretur</span> <span class='ocrx_word' id='word_1_123' title='bbox 1162 1395 1220 1417; x_wconf 90' lang='lat' dir='ltr'>no-</span> 
     </span>
     <span class='ocr_line' id='line_1_29' title="bbox 483 1438 749 1470; baseline -0.004 0"><span class='ocrx_word' id='word_1_124' title='bbox 483 1438 532 1470; x_wconf 90' lang='lat' dir='ltr'>bis</span> <span class='ocrx_word' id='word_1_125' title='bbox 558 1439 749 1470; x_wconf 89' lang='lat' dir='ltr'>retulerunt.</span> 
     </span>
    </p>

    <p class='ocr_par' dir='ltr' id='par_1_11' title="bbox 483 1488 1220 2695">
     <span class='ocr_line' id='line_1_30' title="bbox 528 1488 1220 1534; baseline -0.004 -11"><span class='ocrx_word' id='word_1_126' title='bbox 528 1491 542 1534; x_wconf 62' lang='grc' dir='ltr'><strong>ἓ</strong></span> <span class='ocrx_word' id='word_1_127' title='bbox 567 1490 598 1523; x_wconf 81' lang='grc'>9.</span> <span class='ocrx_word' id='word_1_128' title='bbox 630 1490 745 1522; x_wconf 79' lang='lat' dir='ltr'>Audita</span> <span class='ocrx_word' id='word_1_129' title='bbox 777 1489 875 1531; x_wconf 77' lang='lat' dir='ltr'>igitur</span> <span class='ocrx_word' id='word_1_130' title='bbox 897 1494 928 1521; x_wconf 91' lang='lat' dir='ltr'>et</span> <span class='ocrx_word' id='word_1_131' title='bbox 952 1488 1132 1532; x_wconf 75' lang='lat' dir='ltr'>approbata</span> <span class='ocrx_word' id='word_1_132' title='bbox 1160 1499 1220 1532; x_wconf 90' lang='lat' dir='ltr'>per</span> 
     </span>
     <span class='ocr_line' id='line_1_31' title="bbox 483 1541 1220 1585; baseline -0.004 -9"><span class='ocrx_word' id='word_1_133' title='bbox 483 1554 543 1576; x_wconf 89' lang='lat' dir='ltr'>nos</span> <span class='ocrx_word' id='word_1_134' title='bbox 568 1553 677 1576; x_wconf 90' lang='lat' dir='ltr'>eorum</span> <span class='ocrx_word' id='word_1_135' title='bbox 702 1543 874 1582; x_wconf 77' lang='lat' dir='ltr'>relatione,</span> <span class='ocrx_word' id='word_1_136' title='bbox 898 1552 955 1584; x_wconf 86' lang='lat' dir='ltr'>pro</span> <span class='ocrx_word' id='word_1_137' title='bbox 982 1541 1138 1585; x_wconf 81' lang='lat' dir='ltr'>peculiari</span> <span class='ocrx_word' id='word_1_138' title='bbox 1164 1553 1220 1574; x_wconf 88' lang='lat' dir='ltr'>no-</span> 
     </span>
     <span class='ocr_line' id='line_1_32' title="bbox 483 1595 1219 1638; baseline -0.004 -9"><span class='ocrx_word' id='word_1_139' title='bbox 483 1601 547 1629; x_wconf 86' lang='lat' dir='ltr'>stro</span> <span class='ocrx_word' id='word_1_140' title='bbox 574 1606 651 1638; x_wconf 75' lang='lat' dir='ltr'>erga</span> <span class='ocrx_word' id='word_1_141' title='bbox 675 1595 919 1628; x_wconf 83' lang='lat' dir='ltr'>universitatem</span> <span class='ocrx_word' id='word_1_142' title='bbox 951 1595 1150 1638; x_wconf 80' lang='lat' dir='ltr'>praedictam</span> <span class='ocrx_word' id='word_1_143' title='bbox 1175 1595 1219 1627; x_wconf 79' lang='lat' dir='ltr'>as-</span> 
     </span>
     <span class='ocr_line' id='line_1_33' title="bbox 484 1648 1218 1691; baseline -0.001 -10"><span class='ocrx_word' id='word_1_144' title='bbox 484 1650 579 1690; x_wconf 83' lang='lat' dir='ltr'>sectu,</span> <span class='ocrx_word' id='word_1_145' title='bbox 600 1648 682 1682; x_wconf 83' lang='lat' dir='ltr'>felici</span> <span class='ocrx_word' id='word_1_146' title='bbox 712 1658 936 1691; x_wconf 88' lang='lat' dir='ltr'>prosperoque</span> <span class='ocrx_word' id='word_1_147' title='bbox 962 1648 1046 1681; x_wconf 87' lang='lat' dir='ltr'>illius</span> <span class='ocrx_word' id='word_1_148' title='bbox 1070 1648 1218 1690; x_wconf 79' lang='lat' dir='ltr'>regimini</span> 
     </span>
     <span class='ocr_line' id='line_1_34' title="bbox 484 1702 1219 1746; baseline -0.003 -10"><span class='ocrx_word' id='word_1_149' title='bbox 484 1708 515 1736; x_wconf 88' lang='lat' dir='ltr'>et</span> <span class='ocrx_word' id='word_1_150' title='bbox 539 1702 726 1746; x_wconf 76' lang='lat' dir='ltr'>progressui</span> <span class='ocrx_word' id='word_1_151' title='bbox 750 1703 931 1742; x_wconf 88' lang='lat' dir='ltr'>consulere,</span> <span class='ocrx_word' id='word_1_152' title='bbox 959 1712 994 1733; x_wconf 92' lang='lat' dir='ltr'>ac</span> <span class='ocrx_word' id='word_1_153' title='bbox 1019 1702 1219 1745; x_wconf 87' lang='lat' dir='ltr'>supradictos</span> 
     </span>
     <span class='ocr_line' id='line_1_35' title="bbox 484 1754 1218 1797; baseline -0.003 -8"><span class='ocrx_word' id='word_1_154' title='bbox 484 1758 603 1789; x_wconf 82' lang='lat' dir='ltr'>abusus</span> <span class='ocrx_word' id='word_1_155' title='bbox 630 1767 645 1788; x_wconf 90' lang='lat' dir='ltr'>e</span> <span class='ocrx_word' id='word_1_156' title='bbox 671 1755 778 1788; x_wconf 88' lang='lat' dir='ltr'>medio</span> <span class='ocrx_word' id='word_1_157' title='bbox 804 1756 929 1795; x_wconf 82' lang='lat' dir='ltr'>tollere,</span> <span class='ocrx_word' id='word_1_158' title='bbox 957 1754 1086 1797; x_wconf 87' lang='lat' dir='ltr'>illisque</span> <span class='ocrx_word' id='word_1_159' title='bbox 1110 1765 1218 1787; x_wconf 85' lang='lat' dir='ltr'>ansam</span> 
     </span>
     <span class='ocr_line' id='line_1_36' title="bbox 484 1807 1220 1851; baseline -0.001 -9"><span class='ocrx_word' id='word_1_160' title='bbox 484 1809 517 1842; x_wconf 91' lang='lat' dir='ltr'>in</span> <span class='ocrx_word' id='word_1_161' title='bbox 544 1809 685 1841; x_wconf 83' lang='lat' dir='ltr'>futurum</span> <span class='ocrx_word' id='word_1_162' title='bbox 711 1808 910 1851; x_wconf 76' lang='lat' dir='ltr'>praecidere,</span> <span class='ocrx_word' id='word_1_163' title='bbox 937 1818 1066 1840; x_wconf 86' lang='lat' dir='ltr'>necnon</span> <span class='ocrx_word' id='word_1_164' title='bbox 1091 1807 1220 1851; x_wconf 91' lang='lat' dir='ltr'>praedi-</span> 
     </span>
     <span class='ocr_line' id='line_1_37' title="bbox 485 1860 1217 1904; baseline -0.001 -10"><span class='ocrx_word' id='word_1_165' title='bbox 485 1867 553 1894; x_wconf 86' lang='lat' dir='ltr'>ctos</span> <span class='ocrx_word' id='word_1_166' title='bbox 575 1866 775 1904; x_wconf 78' lang='lat' dir='ltr'>exponentes</span> <span class='ocrx_word' id='word_1_167' title='bbox 801 1860 951 1904; x_wconf 85' lang='lat' dir='ltr'>specialis</span> <span class='ocrx_word' id='word_1_168' title='bbox 973 1861 1079 1893; x_wconf 83' lang='lat' dir='ltr'>favore</span> <span class='ocrx_word' id='word_1_169' title='bbox 1097 1861 1217 1903; x_wconf 81' lang='lat' dir='ltr'>gratiae</span> 
     </span>
     <span class='ocr_line' id='line_1_38' title="bbox 484 1914 1218 1959; baseline -0.001 -12"><span class='ocrx_word' id='word_1_170' title='bbox 484 1914 637 1959; x_wconf 82' lang='lat' dir='ltr'>prosequi</span> <span class='ocrx_word' id='word_1_171' title='bbox 663 1915 821 1952; x_wconf 86' lang='lat' dir='ltr'>volentes,</span> <span class='ocrx_word' id='word_1_172' title='bbox 850 1919 881 1946; x_wconf 91' lang='lat' dir='ltr'>et</span> <span class='ocrx_word' id='word_1_173' title='bbox 906 1924 1016 1946; x_wconf 88' lang='lat' dir='ltr'>eorum</span> <span class='ocrx_word' id='word_1_174' title='bbox 1039 1914 1218 1956; x_wconf 80' lang='lat' dir='ltr'>singulares</span> 
     </span>
     <span class='ocr_line' id='line_1_39' title="bbox 483 1966 1214 2011; baseline -0.001 -11"><span class='ocrx_word' id='word_1_175' title='bbox 483 1977 643 2011; x_wconf 81' lang='lat' dir='ltr'>personas</span> <span class='ocrx_word' id='word_1_176' title='bbox 670 1978 687 1999; x_wconf 88' lang='lat' dir='ltr'>a</span> <span class='ocrx_word' id='word_1_177' title='bbox 712 1966 878 2009; x_wconf 85' lang='lat' dir='ltr'>quibusvis</span> <span class='ocrx_word' id='word_1_178' title='bbox 910 1966 1214 2000; x_wconf 81' lang='lat' dir='ltr'>excommunicatio—</span> 
     </span>
     <span class='ocr_line' id='line_1_40' title="bbox 484 2019 1218 2063; baseline 0 -11"><span class='ocrx_word' id='word_1_179' title='bbox 484 2021 545 2060; x_wconf 89' lang='lat' dir='ltr'>nis,</span> <span class='ocrx_word' id='word_1_180' title='bbox 570 2019 792 2063; x_wconf 80' lang='lat' dir='ltr'>suspensionis</span> <span class='ocrx_word' id='word_1_181' title='bbox 818 2025 850 2051; x_wconf 91' lang='lat' dir='ltr'>et</span> <span class='ocrx_word' id='word_1_182' title='bbox 874 2019 1048 2060; x_wconf 84' lang='lat' dir='ltr'>interdicti,</span> <span class='ocrx_word' id='word_1_183' title='bbox 1083 2020 1218 2062; x_wconf 86' lang='lat' dir='ltr'>aliisque</span> 
     </span>
     <span class='ocr_line' id='line_1_41' title="bbox 485 2072 1220 2116; baseline 0.001 -11"><span class='ocrx_word' id='word_1_184' title='bbox 485 2072 712 2105; x_wconf 83' lang='lat' dir='ltr'>ecclesiasticis</span> <span class='ocrx_word' id='word_1_185' title='bbox 730 2072 909 2112; x_wconf 85' lang='lat' dir='ltr'>sententiis,</span> <span class='ocrx_word' id='word_1_186' title='bbox 931 2072 1074 2105; x_wconf 83' lang='lat' dir='ltr'>censuris</span> <span class='ocrx_word' id='word_1_187' title='bbox 1091 2078 1122 2105; x_wconf 91' lang='lat' dir='ltr'>et</span> <span class='ocrx_word' id='word_1_188' title='bbox 1142 2083 1220 2116; x_wconf 91' lang='lat' dir='ltr'>poe-</span> 
     </span>
     <span class='ocr_line' id='line_1_42' title="bbox 484 2124 1219 2168; baseline 0 -10"><span class='ocrx_word' id='word_1_189' title='bbox 484 2126 547 2166; x_wconf 91' lang='lat' dir='ltr'>nis,</span> <span class='ocrx_word' id='word_1_190' title='bbox 575 2136 591 2158; x_wconf 88' lang='lat' dir='ltr'>a</span> <span class='ocrx_word' id='word_1_191' title='bbox 616 2125 685 2157; x_wconf 87' lang='lat' dir='ltr'>iure</span> <span class='ocrx_word' id='word_1_192' title='bbox 705 2125 753 2157; x_wconf 90' lang='lat' dir='ltr'>vel</span> <span class='ocrx_word' id='word_1_193' title='bbox 772 2126 811 2157; x_wconf 87' lang='lat' dir='ltr'>ab</span> <span class='ocrx_word' id='word_1_194' title='bbox 829 2124 973 2165; x_wconf 89' lang='lat' dir='ltr'>bomine,</span> <span class='ocrx_word' id='word_1_195' title='bbox 994 2125 1103 2168; x_wconf 86' lang='lat' dir='ltr'>quavis</span> <span class='ocrx_word' id='word_1_196' title='bbox 1129 2136 1219 2159; x_wconf 87' lang='lat' dir='ltr'>occa-</span> 
     </span>
     <span class='ocr_line' id='line_1_43' title="bbox 485 2177 1219 2222; baseline 0 -11"><span class='ocrx_word' id='word_1_197' title='bbox 485 2179 575 2211; x_wconf 88' lang='lat' dir='ltr'>sione</span> <span class='ocrx_word' id='word_1_198' title='bbox 597 2179 647 2210; x_wconf 91' lang='lat' dir='ltr'>vel</span> <span class='ocrx_word' id='word_1_199' title='bbox 669 2179 763 2210; x_wconf 80' lang='lat' dir='ltr'>causa</span> <span class='ocrx_word' id='word_1_200' title='bbox 788 2177 870 2215; x_wconf 79' lang='lat' dir='ltr'>latis,</span> <span class='ocrx_word' id='word_1_201' title='bbox 896 2178 922 2210; x_wconf 84' lang='lat' dir='ltr'>si</span> <span class='ocrx_word' id='word_1_202' title='bbox 949 2178 1066 2221; x_wconf 88' lang='lat' dir='ltr'>quibus</span> <span class='ocrx_word' id='word_1_203' title='bbox 1086 2189 1219 2222; x_wconf 88' lang='lat' dir='ltr'>quomo-</span> 
     </span>
     <span class='ocr_line' id='line_1_44' title="bbox 485 2230 1219 2271; baseline 0 -7"><span class='ocrx_word' id='word_1_204' title='bbox 485 2231 609 2264; x_wconf 79' lang='lat' dir='ltr'>dolibet</span> <span class='ocrx_word' id='word_1_205' title='bbox 633 2230 804 2263; x_wconf 81' lang='lat' dir='ltr'>innodatae</span> <span class='ocrx_word' id='word_1_206' title='bbox 830 2230 977 2271; x_wconf 79' lang='lat' dir='ltr'>existunt,</span> <span class='ocrx_word' id='word_1_207' title='bbox 1004 2232 1043 2263; x_wconf 81' lang='lat' dir='ltr'>:id</span> <span class='ocrx_word' id='word_1_208' title='bbox 1075 2231 1219 2264; x_wconf 76' lang='lat' dir='ltr'>effectum</span> 
     </span>
     <span class='ocr_line' id='line_1_45' title="bbox 485 2284 1217 2328; baseline 0.003 -13"><span class='ocrx_word' id='word_1_209' title='bbox 485 2284 702 2328; x_wconf 70' lang='lat' dir='ltr'>1··saese111iu1n</span> <span class='ocrx_word' id='word_1_210' title='bbox 749 2284 908 2316; x_wconf 72' lang='lat' dir='ltr'>dumtaxat</span> <span class='ocrx_word' id='word_1_211' title='bbox 935 2285 1217 2328; x_wconf 83' lang='lat' dir='ltr'>consequendum,</span> 
     </span>
     <span class='ocr_line' id='line_1_46' title="bbox 486 2337 1219 2371; baseline -0.001 -1"><span class='ocrx_word' id='word_1_212' title='bbox 486 2339 601 2370; x_wconf 75' lang='lat' dir='ltr'>barum</span> <span class='ocrx_word' id='word_1_213' title='bbox 636 2337 717 2369; x_wconf 87' lang='lat' dir='ltr'>serie</span> <span class='ocrx_word' id='word_1_214' title='bbox 755 2337 958 2369; x_wconf 66' lang='lat' dir='ltr'>absolventes</span> <span class='ocrx_word' id='word_1_215' title='bbox 991 2343 1022 2370; x_wconf 88' lang='lat' dir='ltr'>et</span> <span class='ocrx_word' id='word_1_216' title='bbox 1054 2338 1219 2371; x_wconf 85' lang='lat' dir='ltr'>absolutas</span> 
     </span>
     <span class='ocr_line' id='line_1_47' title="bbox 487 2390 1219 2432; baseline 0.003 -11"><span class='ocrx_word' id='word_1_217' title='bbox 487 2391 552 2423; x_wconf 74' lang='lat' dir='ltr'>fore.</span> <span class='ocrx_word' id='word_1_218' title='bbox 579 2394 762 2428; x_wconf 76' lang='lat' dir='ltr'>censentes,</span> <span class='ocrx_word' id='word_1_219' title='bbox 790 2390 1082 2432; x_wconf 65' lang='lat' dir='ltr'>sultiplicationilnis</span> <span class='ocrx_word' id='word_1_220' title='bbox 1107 2401 1219 2423; x_wconf 86' lang='lat' dir='ltr'>eorum</span> 
     </span>
     <span class='ocr_line' id='line_1_48' title="bbox 486 2441 1220 2486; baseline 0 -11"><span class='ocrx_word' id='word_1_221' title='bbox 486 2443 618 2475; x_wconf 79' lang='lat' dir='ltr'>nomine</span> <span class='ocrx_word' id='word_1_222' title='bbox 644 2441 737 2473; x_wconf 87' lang='lat' dir='ltr'>nobis</span> <span class='ocrx_word' id='word_1_223' title='bbox 757 2452 853 2484; x_wconf 86' lang='lat' dir='ltr'>super</span> <span class='ocrx_word' id='word_1_224' title='bbox 874 2442 936 2475; x_wconf 87' lang='lat' dir='ltr'>hoc</span> <span class='ocrx_word' id='word_1_225' title='bbox 955 2443 1121 2475; x_wconf 84' lang='lat' dir='ltr'>humiliter</span> <span class='ocrx_word' id='word_1_226' title='bbox 1146 2454 1220 2486; x_wconf 90' lang='lat' dir='ltr'>por-</span> 
     </span>
     <span class='ocr_line' id='line_1_49' title="bbox 487 2493 1220 2537; baseline 0 -9"><span class='ocrx_word' id='word_1_227' title='bbox 487 2496 582 2528; x_wconf 88' lang='lat' dir='ltr'>rectis</span> <span class='ocrx_word' id='word_1_228' title='bbox 614 2493 765 2533; x_wconf 88' lang='lat' dir='ltr'>inclinati,</span> <span class='ocrx_word' id='word_1_229' title='bbox 798 2504 834 2526; x_wconf 85' lang='lat' dir='ltr'>ac</span> <span class='ocrx_word' id='word_1_230' title='bbox 865 2495 1107 2537; x_wconf 65' lang='lat' dir='ltr'>praedictorum</span> <span class='ocrx_word' id='word_1_231' title='bbox 1141 2497 1220 2528; x_wconf 90' lang='lat' dir='ltr'>alio-</span> 
     </span>
     <span class='ocr_line' id='line_1_50' title="bbox 486 2547 1220 2590; baseline 0.001 -10"><span class='ocrx_word' id='word_1_232' title='bbox 486 2558 596 2580; x_wconf 87' lang='lat' dir='ltr'>rumve</span> <span class='ocrx_word' id='word_1_233' title='bbox 615 2547 836 2590; x_wconf 85' lang='lat' dir='ltr'>quorumlibet</span> <span class='ocrx_word' id='word_1_234' title='bbox 850 2547 1105 2589; x_wconf 69' lang='lat' dir='ltr'>privilegiorum,</span> <span class='ocrx_word' id='word_1_235' title='bbox 1122 2549 1220 2581; x_wconf 83' lang='lat' dir='ltr'>sacul-</span> 
     </span>
     <span class='ocr_line' id='line_1_51' title="bbox 488 2599 1219 2642; baseline 0 -9"><span class='ocrx_word' id='word_1_236' title='bbox 488 2605 600 2639; x_wconf 81' lang='lat' dir='ltr'>tatum,</span> <span class='ocrx_word' id='word_1_237' title='bbox 625 2599 801 2642; x_wconf 80' lang='lat' dir='ltr'>gratiarum</span> <span class='ocrx_word' id='word_1_238' title='bbox 827 2606 857 2632; x_wconf 87' lang='lat' dir='ltr'>et</span> <span class='ocrx_word' id='word_1_239' title='bbox 883 2599 1080 2633; x_wconf 86' lang='lat' dir='ltr'>indultorum</span> <span class='ocrx_word' id='word_1_240' title='bbox 1099 2601 1219 2634; x_wconf 88' lang='lat' dir='ltr'>eisdem</span> 
     </span>
     <span class='ocr_line' id='line_1_52' title="bbox 485 2653 1220 2695; baseline 0 -8"><span class='ocrx_word' id='word_1_241' title='bbox 485 2653 688 2687; x_wconf 85' lang='lat' dir='ltr'>universitati</span> <span class='ocrx_word' id='word_1_242' title='bbox 715 2657 746 2686; x_wconf 88' lang='lat' dir='ltr'>et</span> <span class='ocrx_word' id='word_1_243' title='bbox 772 2653 910 2685; x_wconf 83' lang='lat' dir='ltr'>facultati</span> <span class='ocrx_word' id='word_1_244' title='bbox 938 2653 1064 2695; x_wconf 89' lang='lat' dir='ltr'>artium,</span> <span class='ocrx_word' id='word_1_245' title='bbox 1093 2665 1220 2688; x_wconf 85' lang='lat' dir='ltr'>earum-</span> 
     </span>
    </p>
   </div>
   <div class='ocr_carea' id='block_1_10' title="bbox 1058 286 1413 313">
    <p class='ocr_par' dir='ltr' id='par_1_12' title="bbox 1058 286 1413 313">
     <span class='ocr_line' id='line_1_53' title="bbox 1058 286 1413 313; baseline 0.006 -2"><span class='ocrx_word' id='word_1_246' title='bbox 1058 286 1237 311; x_wconf 54' lang='lat' dir='ltr'>nuttam-Uin</span> <span class='ocrx_word' id='word_1_247' title='bbox 1260 286 1413 313; x_wconf 64' lang='lat' dir='ltr'>Romnum</span> 
     </span>
    </p>
   </div>
   <div class='ocr_carea' id='block_1_11' title="bbox 1239 480 1245 1192">
    <p class='ocr_par' dir='ltr' id='par_1_13' title="bbox 1239 480 1245 1192">
     <span class='ocr_line' id='line_1_54' title="bbox 1239 480 1245 1192; baseline 0 0"><span class='ocrx_word' id='word_1_248' title='bbox 1239 480 1245 1192; x_wconf 95' lang='lat' dir='ltr'> </span> 
     </span>
    </p>
   </div>
   <div class='ocr_carea' id='block_1_12' title="bbox 1239 2160 1243 2693">
    <p class='ocr_par' dir='ltr' id='par_1_14' title="bbox 1239 2160 1243 2693">
     <span class='ocr_line' id='line_1_55' title="bbox 1239 2160 1243 2693; baseline 0 0"><span class='ocrx_word' id='word_1_249' title='bbox 1239 2160 1243 2693; x_wconf 95' lang='lat' dir='ltr'> </span> 
     </span>
    </p>
   </div>
   <div class='ocr_carea' id='block_1_13' title="bbox 1259 284 2184 902">
    <p class='ocr_par' dir='ltr' id='par_1_15' title="bbox 1259 284 2184 902">
     <span class='ocr_line' id='line_1_56' title="bbox 2001 284 2184 312; baseline -0.011 0"><span class='ocrx_word' id='word_1_250' title='bbox 2001 285 2049 312; x_wconf 75' lang='lat' dir='ltr'>An.</span> <span class='ocrx_word' id='word_1_251' title='bbox 2067 286 2094 311; x_wconf 84' lang='lat' dir='ltr'>C.</span> <span class='ocrx_word' id='word_1_252' title='bbox 2116 284 2184 311; x_wconf 64' lang='lat'>1673</span> 
     </span>
     <span class='ocr_line' id='line_1_57' title="bbox 1259 335 1991 379; baseline 0.003 -13"><span class='ocrx_word' id='word_1_253' title='bbox 1259 345 1320 377; x_wconf 85' lang='lat' dir='ltr'>que</span> <span class='ocrx_word' id='word_1_254' title='bbox 1346 336 1498 378; x_wconf 87' lang='lat' dir='ltr'>personis</span> <span class='ocrx_word' id='word_1_255' title='bbox 1524 337 1734 379; x_wconf 76' lang='lat' dir='ltr'>quibuslibet,</span> <span class='ocrx_word' id='word_1_256' title='bbox 1754 346 1771 368; x_wconf 84' lang='lat' dir='ltr'>a</span> <span class='ocrx_word' id='word_1_257' title='bbox 1788 335 1941 378; x_wconf 82' lang='lat' dir='ltr'>praefatis</span> <span class='ocrx_word' id='word_1_258' title='bbox 1960 346 1991 367; x_wconf 86' lang='lat' dir='ltr'>a·</span> 
     </span>
     <span class='ocr_line' id='line_1_58' title="bbox 1260 387 1992 431; baseline 0.001 -12"><span class='ocrx_word' id='word_1_259' title='bbox 1260 387 1351 420; x_wconf 84' lang='lat' dir='ltr'>liisve</span> <span class='ocrx_word' id='word_1_260' title='bbox 1393 388 1554 431; x_wconf 83' lang='lat' dir='ltr'>quibusvis</span> <span class='ocrx_word' id='word_1_261' title='bbox 1594 389 1744 421; x_wconf 83' lang='lat' dir='ltr'>Romanis</span> <span class='ocrx_word' id='word_1_262' title='bbox 1781 387 1992 421; x_wconf 82' lang='lat' dir='ltr'>Pontificibus</span> 
     </span>
     <span class='ocr_line' id='line_1_59' title="bbox 1261 440 1993 481; baseline 0.003 -10"><span class='ocrx_word' id='word_1_263' title='bbox 1261 440 1562 481; x_wconf 86' lang='lat' dir='ltr'>praedecessoribus</span> <span class='ocrx_word' id='word_1_264' title='bbox 1595 441 1712 473; x_wconf 86' lang='lat' dir='ltr'>nostris</span> <span class='ocrx_word' id='word_1_265' title='bbox 1741 451 1993 480; x_wconf 89' lang='lat' dir='ltr'>concessorum,</span> 
     </span>
     <span class='ocr_line' id='line_1_60' title="bbox 1260 490 1995 536; baseline 0.001 -12"><span class='ocrx_word' id='word_1_266' title='bbox 1260 490 1507 535; x_wconf 85' lang='lat' dir='ltr'>litterarumque</span> <span class='ocrx_word' id='word_1_267' title='bbox 1545 493 1793 536; x_wconf 85' lang='lat' dir='ltr'>apostolicarum</span> <span class='ocrx_word' id='word_1_268' title='bbox 1834 498 1897 526; x_wconf 88' lang='lat' dir='ltr'>tam</span> <span class='ocrx_word' id='word_1_269' title='bbox 1937 493 1995 525; x_wconf 90' lang='lat' dir='ltr'>sub</span> 
     </span>
     <span class='ocr_line' id='line_1_61' title="bbox 1262 544 1996 589; baseline 0.004 -15"><span class='ocrx_word' id='word_1_270' title='bbox 1262 544 1394 587; x_wconf 89' lang='lat' dir='ltr'>plumbo</span> <span class='ocrx_word' id='word_1_271' title='bbox 1421 555 1516 587; x_wconf 89' lang='lat' dir='ltr'>quam</span> <span class='ocrx_word' id='word_1_272' title='bbox 1541 545 1575 577; x_wconf 92' lang='lat' dir='ltr'>in</span> <span class='ocrx_word' id='word_1_273' title='bbox 1600 546 1702 578; x_wconf 79' lang='lat' dir='ltr'>torma</span> <span class='ocrx_word' id='word_1_274' title='bbox 1726 545 1835 578; x_wconf 85' lang='lat' dir='ltr'>Brevis</span> <span class='ocrx_word' id='word_1_275' title='bbox 1857 545 1996 589; x_wconf 88' lang='lat' dir='ltr'>desuper</span> 
     </span>
     <span class='ocr_line' id='line_1_62' title="bbox 1263 597 1996 640; baseline 0.001 -12"><span class='ocrx_word' id='word_1_276' title='bbox 1263 601 1503 635; x_wconf 59' lang='lat' dir='ltr'>emanandum,</span> <span class='ocrx_word' id='word_1_277' title='bbox 1542 603 1574 629; x_wconf 85' lang='lat' dir='ltr'>et</span> <span class='ocrx_word' id='word_1_278' title='bbox 1609 597 1740 630; x_wconf 81' lang='lat' dir='ltr'>aliarum</span> <span class='ocrx_word' id='word_1_279' title='bbox 1778 597 1996 640; x_wconf 87' lang='lat' dir='ltr'>quarumlibet</span> 
     </span>
     <span class='ocr_line' id='line_1_63' title="bbox 1263 649 1995 692; baseline 0.003 -12"><span class='ocrx_word' id='word_1_280' title='bbox 1263 649 1495 691; x_wconf 88' lang='lat' dir='ltr'>scripturarum</span> <span class='ocrx_word' id='word_1_281' title='bbox 1517 654 1579 681; x_wconf 91' lang='lat' dir='ltr'>tam</span> <span class='ocrx_word' id='word_1_282' title='bbox 1598 649 1797 692; x_wconf 89' lang='lat' dir='ltr'>publicarum</span> <span class='ocrx_word' id='word_1_283' title='bbox 1819 660 1912 692; x_wconf 88' lang='lat' dir='ltr'>quam</span> <span class='ocrx_word' id='word_1_284' title='bbox 1930 649 1995 692; x_wconf 91' lang='lat' dir='ltr'>pri-</span> 
     </span>
     <span class='ocr_line' id='line_1_64' title="bbox 1262 701 1995 734; baseline 0.001 -1"><span class='ocrx_word' id='word_1_285' title='bbox 1262 707 1404 734; x_wconf 82' lang='lat' dir='ltr'>vatarum</span> <span class='ocrx_word' id='word_1_286' title='bbox 1430 706 1558 734; x_wconf 85' lang='lat' dir='ltr'>tenores</span> <span class='ocrx_word' id='word_1_287' title='bbox 1590 706 1621 733; x_wconf 89' lang='lat' dir='ltr'>et</span> <span class='ocrx_word' id='word_1_288' title='bbox 1654 702 1742 734; x_wconf 89' lang='lat' dir='ltr'>datas</span> <span class='ocrx_word' id='word_1_289' title='bbox 1769 701 1865 734; x_wconf 81' lang='lat' dir='ltr'>etiam</span> <span class='ocrx_word' id='word_1_290' title='bbox 1892 701 1995 734; x_wconf 79' lang='lat' dir='ltr'>verio-</span> 
     </span>
     <span class='ocr_line' id='line_1_65' title="bbox 1263 753 1995 797; baseline 0 -12"><span class='ocrx_word' id='word_1_291' title='bbox 1263 764 1324 794; x_wconf 80' lang='lat' dir='ltr'>reS,</span> <span class='ocrx_word' id='word_1_292' title='bbox 1340 759 1371 786; x_wconf 91' lang='lat' dir='ltr'>et</span> <span class='ocrx_word' id='word_1_293' title='bbox 1384 754 1445 787; x_wconf 85' lang='lat' dir='ltr'>alia</span> <span class='ocrx_word' id='word_1_294' title='bbox 1463 764 1684 797; x_wconf 87' lang='lat' dir='ltr'>quaecumque</span> <span class='ocrx_word' id='word_1_295' title='bbox 1702 753 1796 786; x_wconf 78' lang='lat' dir='ltr'>etIam</span> <span class='ocrx_word' id='word_1_296' title='bbox 1813 753 1995 796; x_wconf 82' lang='lat' dir='ltr'>specificam</span> 
     </span>
     <span class='ocr_line' id='line_1_66' title="bbox 1264 805 1996 848; baseline 0.001 -11"><span class='ocrx_word' id='word_1_297' title='bbox 1264 811 1294 838; x_wconf 89' lang='lat' dir='ltr'>et</span> <span class='ocrx_word' id='word_1_298' title='bbox 1318 806 1516 839; x_wconf 87' lang='lat' dir='ltr'>individuam</span> <span class='ocrx_word' id='word_1_299' title='bbox 1533 806 1733 839; x_wconf 83' lang='lat' dir='ltr'>mentionem</span> <span class='ocrx_word' id='word_1_300' title='bbox 1758 810 1790 838; x_wconf 83' lang='lat' dir='ltr'>et</span> <span class='ocrx_word' id='word_1_301' title='bbox 1814 805 1996 848; x_wconf 82' lang='lat' dir='ltr'>expressio-</span> 
     </span>
     <span class='ocr_line' id='line_1_67' title="bbox 1264 858 1997 902; baseline 0 -11"><span class='ocrx_word' id='word_1_302' title='bbox 1264 869 1337 891; x_wconf 90' lang='lat' dir='ltr'>nem</span> <span class='ocrx_word' id='word_1_303' title='bbox 1355 859 1562 902; x_wconf 87' lang='lat' dir='ltr'>requirentia,</span> <span class='ocrx_word' id='word_1_304' title='bbox 1577 858 1804 901; x_wconf 85' lang='lat' dir='ltr'>praesentibus</span> <span class='ocrx_word' id='word_1_305' title='bbox 1822 869 1881 901; x_wconf 91' lang='lat' dir='ltr'>pro</span> <span class='ocrx_word' id='word_1_306' title='bbox 1902 859 1997 900; x_wconf 86' lang='lat' dir='ltr'>plene</span> 
     </span>
    </p>
   </div>
   <div class='ocr_carea' id='block_1_14' title="bbox 1256 910 1997 954">
    <p class='ocr_par' dir='ltr' id='par_1_16' title="bbox 1256 910 1997 954">
     <span class='ocr_line' id='line_1_68' title="bbox 1256 910 1997 954; baseline -0.003 -10"><span class='ocrx_word' id='word_1_307' title='bbox 1256 917 1295 944; x_wconf 81' lang='lat' dir='ltr'>&#39;et</span> <span class='ocrx_word' id='word_1_308' title='bbox 1319 911 1516 944; x_wconf 82' lang='lat' dir='ltr'>sufficienter</span> <span class='ocrx_word' id='word_1_309' title='bbox 1541 911 1701 954; x_wconf 80' lang='lat' dir='ltr'>expressis</span> <span class='ocrx_word' id='word_1_310' title='bbox 1731 921 1766 943; x_wconf 89' lang='lat' dir='ltr'>ac</span> <span class='ocrx_word' id='word_1_311' title='bbox 1784 911 1822 943; x_wconf 91' lang='lat' dir='ltr'>de</span> <span class='ocrx_word' id='word_1_312' title='bbox 1841 910 1940 943; x_wconf 87' lang='lat' dir='ltr'>verbo</span> <span class='ocrx_word' id='word_1_313' title='bbox 1959 910 1997 942; x_wconf 90' lang='lat' dir='ltr'>ad</span> 
     </span>
    </p>
   </div>
   <div class='ocr_carea' id='block_1_15' title="bbox 1263 963 2193 1114">
    <p class='ocr_par' dir='ltr' id='par_1_17' title="bbox 1263 963 2193 1114">
     <span class='ocr_line' id='line_1_69' title="bbox 1263 963 1999 1007; baseline -0.003 -10"><span class='ocrx_word' id='word_1_314' title='bbox 1263 965 1395 997; x_wconf 91' lang='lat' dir='ltr'>verbum</span> <span class='ocrx_word' id='word_1_315' title='bbox 1419 964 1502 997; x_wconf 85' lang='lat' dir='ltr'>nihil</span> <span class='ocrx_word' id='word_1_316' title='bbox 1526 965 1656 1007; x_wconf 89' lang='lat' dir='ltr'>penitus</span> <span class='ocrx_word' id='word_1_317' title='bbox 1675 964 1796 997; x_wconf 88' lang='lat' dir='ltr'>omisso</span> <span class='ocrx_word' id='word_1_318' title='bbox 1817 963 1948 996; x_wconf 88' lang='lat' dir='ltr'>insertis</span> <span class='ocrx_word' id='word_1_319' title='bbox 1969 968 1999 996; x_wconf 87' lang='lat' dir='ltr'>et</span> 
     </span>
     <span class='ocr_line' id='line_1_70' title="bbox 1265 1017 1645 1061; baseline 0.003 -12"><span class='ocrx_word' id='word_1_320' title='bbox 1265 1017 1456 1061; x_wconf 79' lang='lat' dir='ltr'>specificatis</span> <span class='ocrx_word' id='word_1_321' title='bbox 1474 1017 1645 1057; x_wconf 87' lang='lat' dir='ltr'>babentes,</span> 
     </span>
     <span class='ocr_line' id='line_1_71' title="bbox 1308 1071 2193 1114; baseline -0.003 -11"><span class='ocrx_word' id='word_1_322' title='bbox 1308 1071 1322 1114; x_wconf 64' lang='grc' dir='ltr'><strong>ἓ</strong></span> <span class='ocrx_word' id='word_1_323' title='bbox 1348 1071 1400 1104; x_wconf 75' lang='lat'>10.</span> <span class='ocrx_word' id='word_1_324' title='bbox 1437 1071 1634 1104; x_wconf 82' lang='lat' dir='ltr'>Auctoritate</span> <span class='ocrx_word' id='word_1_325' title='bbox 1661 1071 1851 1114; x_wconf 72' lang='lat' dir='ltr'>apostolica,</span> <span class='ocrx_word' id='word_1_326' title='bbox 1884 1076 1997 1104; x_wconf 88' lang='lat' dir='ltr'>tenore</span> <span class='ocrx_word' id='word_1_327' title='bbox 2034 1080 2145 1101; x_wconf 73' lang='lat' dir='ltr'>tntittorts</span> <span class='ocrx_word' id='word_1_328' title='bbox 2164 1081 2193 1101; x_wconf 71' lang='lat' dir='ltr'>ci-</span> 
     </span>
    </p>
   </div>
   <div class='ocr_carea' id='block_1_16' title="bbox 2008 1107 2193 1127">
    <p class='ocr_par' dir='ltr' id='par_1_18' title="bbox 2008 1107 2193 1127">
     <span class='ocr_line' id='line_1_72' title="bbox 2008 1107 2193 1127; baseline 0.005 -2"><span class='ocrx_word' id='word_1_329' title='bbox 2008 1107 2142 1127; x_wconf 74' lang='lat' dir='ltr'>taturialibus</span> <span class='ocrx_word' id='word_1_330' title='bbox 2172 1109 2193 1126; x_wconf 75' lang='lat' dir='ltr'>ut</span> 
     </span>
    </p>
   </div>
   <div class='ocr_carea' id='block_1_17' title="bbox 1263 1123 2192 1166">
    <p class='ocr_par' dir='ltr' id='par_1_19' title="bbox 1263 1123 2192 1166">
     <span class='ocr_line' id='line_1_73' title="bbox 1263 1123 2192 1166; baseline -0.003 -10"><span class='ocrx_word' id='word_1_331' title='bbox 1263 1123 1487 1166; x_wconf 88' lang='lat' dir='ltr'>praesentium,</span> <span class='ocrx_word' id='word_1_332' title='bbox 1515 1123 1719 1156; x_wconf 86' lang='lat' dir='ltr'>decernimus</span> <span class='ocrx_word' id='word_1_333' title='bbox 1732 1150 1739 1163; x_wconf 93' lang='lat'>,</span> <span class='ocrx_word' id='word_1_334' title='bbox 1767 1123 1968 1156; x_wconf 82' lang='lat' dir='ltr'>declaramus</span> <span class='ocrx_word' id='word_1_335' title='bbox 1987 1150 1994 1163; x_wconf 86' lang='lat'>‚</span> <span class='ocrx_word' id='word_1_336' title='bbox 2008 1133 2192 1153; x_wconf 64' lang='lat' dir='ltr'>munuoriaimusa</span> 
     </span>
    </p>
   </div>
   <div class='ocr_carea' id='block_1_18' title="bbox 1263 1159 2193 1271">
    <p class='ocr_par' dir='ltr' id='par_1_20' title="bbox 1263 1159 2193 1271">
     <span class='ocr_line' id='line_1_74' title="bbox 1263 1159 2192 1222; baseline 0.001 -13"><span class='ocrx_word' id='word_1_337' title='bbox 1263 1176 1486 1219; x_wconf 83' lang='lat' dir='ltr'>praecipimus,</span> <span class='ocrx_word' id='word_1_338' title='bbox 1517 1177 1721 1217; x_wconf 80' lang='lat' dir='ltr'>mandamus,</span> <span class='ocrx_word' id='word_1_339' title='bbox 1759 1176 1929 1208; x_wconf 85' lang='lat' dir='ltr'>statuimus</span> <span class='ocrx_word' id='word_1_340' title='bbox 1967 1159 2192 1222; x_wconf 44' lang='lat' dir='ltr'>etciviifiliilgiliiii‘</span> 
     </span>
     <span class='ocr_line' id='line_1_75' title="bbox 1263 1211 2193 1271; baseline -0.004 -11"><span class='ocrx_word' id='word_1_341' title='bbox 1263 1229 1460 1269; x_wconf 79' lang='lat' dir='ltr'>ordinamus,</span> <span class='ocrx_word' id='word_1_342' title='bbox 1488 1234 1523 1261; x_wconf 90' lang='lat' dir='ltr'>ut</span> <span class='ocrx_word' id='word_1_343' title='bbox 1548 1230 1587 1262; x_wconf 88' lang='lat' dir='ltr'>de</span> <span class='ocrx_word' id='word_1_344' title='bbox 1621 1235 1730 1262; x_wconf 88' lang='lat' dir='ltr'>cetero</span> <span class='ocrx_word' id='word_1_345' title='bbox 1760 1228 1923 1271; x_wconf 85' lang='lat' dir='ltr'>perpetuis</span> <span class='ocrx_word' id='word_1_346' title='bbox 1951 1211 2193 1260; x_wconf 51' lang='lat' dir='ltr'>sii-ialissfflieii&#39;iiiiiiii</span> 
     </span>
    </p>
   </div>
   <div class='ocr_carea' id='block_1_19' title="bbox 1261 1266 2191 1324">
    <p class='ocr_par' dir='ltr' id='par_1_21' title="bbox 1261 1266 2191 1324">
     <span class='ocr_line' id='line_1_76' title="bbox 1261 1266 2191 1324; baseline -0.004 -12"><span class='ocrx_word' id='word_1_347' title='bbox 1261 1281 1340 1314; x_wconf 87' lang='lat' dir='ltr'>turis</span> <span class='ocrx_word' id='word_1_348' title='bbox 1357 1281 1558 1324; x_wconf 84' lang='lat' dir='ltr'>temporibus</span> <span class='ocrx_word' id='word_1_349' title='bbox 1577 1281 1609 1313; x_wconf 91' lang='lat' dir='ltr'>in</span> <span class='ocrx_word' id='word_1_350' title='bbox 1629 1281 1746 1314; x_wconf 88' lang='lat' dir='ltr'>litteris</span> <span class='ocrx_word' id='word_1_351' title='bbox 1763 1266 2191 1316; x_wconf 49' lang='lat' dir='ltr'>citatorialibus&#39;e’iinusissp‘ssii-ui‘.</span> 
     </span>
    </p>
   </div>
   <div class='ocr_carea' id='block_1_20' title="bbox 1975 1316 2193 1338">
    <p class='ocr_par' dir='ltr' id='par_1_22' title="bbox 1975 1316 2193 1338">
     <span class='ocr_line' id='line_1_77' title="bbox 1975 1316 2193 1338; baseline -0.014 0"><span class='ocrx_word' id='word_1_352' title='bbox 1975 1333 1980 1338; x_wconf 84' lang='lat'>.</span> <span class='ocrx_word' id='word_1_353' title='bbox 2008 1316 2080 1336; x_wconf 66' lang='lat' dir='ltr'>buxum</span> <span class='ocrx_word' id='word_1_354' title='bbox 2129 1318 2193 1335; x_wconf 60' lang='lat' dir='ltr'>:intua</span> 
     </span>
    </p>
   </div>
   <div class='ocr_carea' id='block_1_21' title="bbox 1261 1333 2193 2699">
    <p class='ocr_par' dir='ltr' id='par_1_23' title="bbox 1261 1333 2193 2699">
     <span class='ocr_line' id='line_1_78' title="bbox 1262 1333 2193 1376; baseline 0.001 -11"><span class='ocrx_word' id='word_1_355' title='bbox 1262 1339 1293 1366; x_wconf 89' lang='lat' dir='ltr'>et</span> <span class='ocrx_word' id='word_1_356' title='bbox 1317 1334 1575 1366; x_wconf 88' lang='lat' dir='ltr'>monitorialibus</span> <span class='ocrx_word' id='word_1_357' title='bbox 1598 1345 1614 1366; x_wconf 90' lang='lat' dir='ltr'>a</span> <span class='ocrx_word' id='word_1_358' title='bbox 1635 1333 1915 1366; x_wconf 87' lang='lat' dir='ltr'>conservatoribus</span> <span class='ocrx_word' id='word_1_359' title='bbox 1932 1344 1998 1376; x_wconf 84' lang='lat' dir='ltr'>pri·</span> <span class='ocrx_word' id='word_1_360' title='bbox 2009 1343 2089 1371; x_wconf 62' lang='lat' dir='ltr'>apponi</span> <span class='ocrx_word' id='word_1_361' title='bbox 2129 1342 2193 1361; x_wconf 70' lang='lat' dir='ltr'>sowa</span> 
     </span>
     <span class='ocr_line' id='line_1_79' title="bbox 1261 1368 2192 1429; baseline -0.001 -11"><span class='ocrx_word' id='word_1_362' title='bbox 1261 1386 1452 1429; x_wconf 82' lang='lat' dir='ltr'>vilegiorum</span> <span class='ocrx_word' id='word_1_363' title='bbox 1468 1387 1569 1419; x_wconf 88' lang='lat' dir='ltr'>dictae</span> <span class='ocrx_word' id='word_1_364' title='bbox 1580 1386 1804 1426; x_wconf 84' lang='lat' dir='ltr'>univcrsitatis,</span> <span class='ocrx_word' id='word_1_365' title='bbox 1818 1396 1874 1418; x_wconf 91' lang='lat' dir='ltr'>seu</span> <span class='ocrx_word' id='word_1_366' title='bbox 1886 1396 1995 1418; x_wconf 89' lang='lat' dir='ltr'>eorum</span> <span class='ocrx_word' id='word_1_367' title='bbox 2008 1371 2070 1415; x_wconf 42' lang='lat' dir='ltr'>gent</span> <span class='ocrx_word' id='word_1_368' title='bbox 2085 1374 2105 1389; x_wconf 58' lang='grc' dir='ltr'>’Π</span> <span class='ocrx_word' id='word_1_369' title='bbox 2127 1368 2192 1388; x_wconf 51' lang='grc' dir='ltr'>ΝΜ</span> 
     </span>
     <span class='ocr_line' id='line_1_80' title="bbox 1262 1437 1997 1482; baseline -0.003 -11"><span class='ocrx_word' id='word_1_370' title='bbox 1262 1439 1382 1482; x_wconf 83' lang='lat' dir='ltr'>aliquo,</span> <span class='ocrx_word' id='word_1_371' title='bbox 1401 1444 1514 1472; x_wconf 87' lang='lat' dir='ltr'>contra</span> <span class='ocrx_word' id='word_1_372' title='bbox 1535 1444 1718 1479; x_wconf 70' lang='lat' dir='ltr'>extraneos,</span> <span class='ocrx_word' id='word_1_373' title='bbox 1739 1449 1792 1471; x_wconf 80' lang='lat' dir='ltr'>eos</span> <span class='ocrx_word' id='word_1_374' title='bbox 1809 1437 1930 1471; x_wconf 88' lang='lat' dir='ltr'>scilicet</span> <span class='ocrx_word' id='word_1_375' title='bbox 1944 1438 1997 1481; x_wconf 89' lang='lat' dir='ltr'>qui</span> 
     </span>
     <span class='ocr_line' id='line_1_81' title="bbox 1263 1490 1997 1534; baseline -0.001 -10"><span class='ocrx_word' id='word_1_376' title='bbox 1263 1492 1300 1524; x_wconf 92' lang='lat' dir='ltr'>de</span> <span class='ocrx_word' id='word_1_377' title='bbox 1334 1491 1400 1534; x_wconf 80' lang='lat' dir='ltr'>ipsa</span> <span class='ocrx_word' id='word_1_378' title='bbox 1438 1491 1656 1531; x_wconf 84' lang='lat' dir='ltr'>universitate,</span> <span class='ocrx_word' id='word_1_379' title='bbox 1694 1491 1844 1534; x_wconf 87' lang='lat' dir='ltr'>illiusque</span> <span class='ocrx_word' id='word_1_380' title='bbox 1881 1490 1997 1523; x_wconf 85' lang='lat' dir='ltr'>rectori</span> 
     </span>
     <span class='ocr_line' id='line_1_82' title="bbox 1262 1544 1999 1587; baseline -0.003 -10"><span class='ocrx_word' id='word_1_381' title='bbox 1262 1544 1396 1577; x_wconf 85' lang='lat' dir='ltr'>subiecti</span> <span class='ocrx_word' id='word_1_382' title='bbox 1421 1555 1486 1577; x_wconf 94' lang='lat' dir='ltr'>non</span> <span class='ocrx_word' id='word_1_383' title='bbox 1511 1549 1595 1584; x_wconf 81' lang='lat' dir='ltr'>sunt,</span> <span class='ocrx_word' id='word_1_384' title='bbox 1621 1544 1653 1576; x_wconf 91' lang='lat' dir='ltr'>in</span> <span class='ocrx_word' id='word_1_385' title='bbox 1678 1553 1880 1587; x_wconf 82' lang='lat' dir='ltr'>quacumque</span> <span class='ocrx_word' id='word_1_386' title='bbox 1900 1547 1999 1575; x_wconf 84' lang='lat' dir='ltr'>mate-</span> 
     </span>
     <span class='ocr_line' id='line_1_83' title="bbox 1262 1596 1997 1640; baseline -0.003 -10"><span class='ocrx_word' id='word_1_387' title='bbox 1262 1598 1316 1639; x_wconf 81' lang='lat' dir='ltr'>ria,</span> <span class='ocrx_word' id='word_1_388' title='bbox 1345 1603 1406 1630; x_wconf 85' lang='lat' dir='ltr'>tam</span> <span class='ocrx_word' id='word_1_389' title='bbox 1444 1598 1661 1631; x_wconf 80' lang='lat' dir='ltr'>ecclesiastica</span> <span class='ocrx_word' id='word_1_390' title='bbox 1694 1608 1789 1640; x_wconf 90' lang='lat' dir='ltr'>quam</span> <span class='ocrx_word' id='word_1_391' title='bbox 1814 1596 1997 1640; x_wconf 89' lang='lat' dir='ltr'>temporali,</span> 
     </span>
     <span class='ocr_line' id='line_1_84' title="bbox 1263 1649 1998 1693; baseline -0.003 -10"><span class='ocrx_word' id='word_1_392' title='bbox 1263 1661 1298 1683; x_wconf 83' lang='lat' dir='ltr'>ac</span> <span class='ocrx_word' id='word_1_393' title='bbox 1323 1655 1436 1683; x_wconf 88' lang='lat' dir='ltr'>contra</span> <span class='ocrx_word' id='word_1_394' title='bbox 1460 1650 1562 1693; x_wconf 88' lang='lat' dir='ltr'>ipsius</span> <span class='ocrx_word' id='word_1_395' title='bbox 1590 1649 1813 1682; x_wconf 86' lang='lat' dir='ltr'>universitatis</span> <span class='ocrx_word' id='word_1_396' title='bbox 1839 1652 1998 1692; x_wconf 86' lang='lat' dir='ltr'>personas</span> 
     </span>
     <span class='ocr_line' id='line_1_85' title="bbox 1261 1701 2000 1746; baseline -0.003 -11"><span class='ocrx_word' id='word_1_397' title='bbox 1261 1702 1396 1735; x_wconf 89' lang='lat' dir='ltr'>rectoris</span> <span class='ocrx_word' id='word_1_398' title='bbox 1421 1703 1580 1746; x_wconf 86' lang='lat' dir='ltr'>praedicti</span> <span class='ocrx_word' id='word_1_399' title='bbox 1606 1702 1820 1735; x_wconf 87' lang='lat' dir='ltr'>iurisdictioni</span> <span class='ocrx_word' id='word_1_400' title='bbox 1853 1701 2000 1745; x_wconf 87' lang='lat' dir='ltr'>supposi-</span> 
     </span>
     <span class='ocr_line' id='line_1_86' title="bbox 1264 1754 1998 1799; baseline -0.003 -11"><span class='ocrx_word' id='word_1_401' title='bbox 1264 1760 1320 1795; x_wconf 86' lang='lat' dir='ltr'>tas,</span> <span class='ocrx_word' id='word_1_402' title='bbox 1355 1755 1386 1787; x_wconf 93' lang='lat' dir='ltr'>in</span> <span class='ocrx_word' id='word_1_403' title='bbox 1418 1766 1616 1799; x_wconf 88' lang='lat' dir='ltr'>quacumque</span> <span class='ocrx_word' id='word_1_404' title='bbox 1654 1754 1835 1788; x_wconf 85' lang='lat' dir='ltr'>beneficiali</span> <span class='ocrx_word' id='word_1_405' title='bbox 1873 1755 1998 1797; x_wconf 76' lang='lat' dir='ltr'>aliaque</span> 
     </span>
     <span class='ocr_line' id='line_1_87' title="bbox 1262 1808 1999 1852; baseline -0.003 -11"><span class='ocrx_word' id='word_1_406' title='bbox 1262 1809 1481 1842; x_wconf 80' lang='lat' dir='ltr'>ecclesiastica</span> <span class='ocrx_word' id='word_1_407' title='bbox 1515 1809 1651 1841; x_wconf 74' lang='lat' dir='ltr'>materia</span> <span class='ocrx_word' id='word_1_408' title='bbox 1674 1808 1855 1852; x_wconf 87' lang='lat' dir='ltr'>respective</span> <span class='ocrx_word' id='word_1_409' title='bbox 1890 1808 1999 1841; x_wconf 88' lang='lat' dir='ltr'>decer-</span> 
     </span>
     <span class='ocr_line' id='line_1_88' title="bbox 1262 1862 1997 1904; baseline -0.003 -10"><span class='ocrx_word' id='word_1_410' title='bbox 1262 1862 1377 1895; x_wconf 88' lang='lat' dir='ltr'>nendis</span> <span class='ocrx_word' id='word_1_411' title='bbox 1403 1867 1434 1894; x_wconf 82' lang='lat' dir='ltr'>et</span> <span class='ocrx_word' id='word_1_412' title='bbox 1459 1862 1654 1902; x_wconf 66' lang='lat' dir='ltr'>relaxandis,</span> <span class='ocrx_word' id='word_1_413' title='bbox 1677 1872 1742 1894; x_wconf 92' lang='lat' dir='ltr'>non</span> <span class='ocrx_word' id='word_1_414' title='bbox 1761 1865 1944 1904; x_wconf 88' lang='lat' dir='ltr'>apponatur</span> <span class='ocrx_word' id='word_1_415' title='bbox 1961 1871 1997 1892; x_wconf 88' lang='lat' dir='ltr'>ea</span> 
     </span>
     <span class='ocr_line' id='line_1_89' title="bbox 1262 1912 1996 1958; baseline -0.004 -11"><span class='ocrx_word' id='word_1_416' title='bbox 1262 1915 1405 1947; x_wconf 88' lang='lat' dir='ltr'>clausula</span> <span class='ocrx_word' id='word_1_417' title='bbox 1435 1924 1492 1958; x_wconf 77' lang='lat' dir='ltr'>per</span> <span class='ocrx_word' id='word_1_418' title='bbox 1526 1913 1660 1946; x_wconf 78' lang='lat' dir='ltr'>abusum</span> <span class='ocrx_word' id='word_1_419' title='bbox 1701 1914 1839 1946; x_wconf 86' lang='lat' dir='ltr'>antebac</span> <span class='ocrx_word' id='word_1_420' title='bbox 1875 1912 1996 1955; x_wconf 87' lang='lat' dir='ltr'>apponi</span> 
     </span>
     <span class='ocr_line' id='line_1_90' title="bbox 1262 1966 1997 2010; baseline -0.004 -10"><span class='ocrx_word' id='word_1_421' title='bbox 1262 1967 1364 2007; x_wconf 87' lang='lat' dir='ltr'>solita,</span> <span class='ocrx_word' id='word_1_422' title='bbox 1390 1978 1452 2010; x_wconf 86' lang='lat' dir='ltr'>qua</span> <span class='ocrx_word' id='word_1_423' title='bbox 1477 1967 1572 1999; x_wconf 86' lang='lat' dir='ltr'>citato</span> <span class='ocrx_word' id='word_1_424' title='bbox 1597 1967 1645 1999; x_wconf 91' lang='lat' dir='ltr'>vel</span> <span class='ocrx_word' id='word_1_425' title='bbox 1670 1966 1793 1998; x_wconf 87' lang='lat' dir='ltr'>monito</span> <span class='ocrx_word' id='word_1_426' title='bbox 1824 1966 1997 1998; x_wconf 86' lang='lat' dir='ltr'>mandaba-</span> 
     </span>
     <span class='ocr_line' id='line_1_91' title="bbox 1262 2019 1998 2062; baseline -0.003 -10"><span class='ocrx_word' id='word_1_427' title='bbox 1262 2025 1323 2060; x_wconf 90' lang='lat' dir='ltr'>tur,</span> <span class='ocrx_word' id='word_1_428' title='bbox 1339 2025 1385 2060; x_wconf 87' lang='lat' dir='ltr'>ut,</span> <span class='ocrx_word' id='word_1_429' title='bbox 1412 2020 1437 2052; x_wconf 87' lang='lat' dir='ltr'>si</span> <span class='ocrx_word' id='word_1_430' title='bbox 1463 2020 1547 2062; x_wconf 89' lang='lat' dir='ltr'>quod</span> <span class='ocrx_word' id='word_1_431' title='bbox 1573 2019 1620 2050; x_wconf 89' lang='lat' dir='ltr'>ius</span> <span class='ocrx_word' id='word_1_432' title='bbox 1639 2020 1687 2051; x_wconf 88' lang='lat' dir='ltr'>vel</span> <span class='ocrx_word' id='word_1_433' title='bbox 1705 2019 1867 2051; x_wconf 86' lang='lat' dir='ltr'>actionem</span> <span class='ocrx_word' id='word_1_434' title='bbox 1886 2019 1923 2051; x_wconf 90' lang='lat' dir='ltr'>ad</span> <span class='ocrx_word' id='word_1_435' title='bbox 1940 2019 1998 2051; x_wconf 76' lang='lat' dir='ltr'>bc-</span> 
     </span>
     <span class='ocr_line' id='line_1_92' title="bbox 1262 2072 1995 2106; baseline -0.003 -1"><span class='ocrx_word' id='word_1_436' title='bbox 1262 2072 1412 2106; x_wconf 78' lang='lat' dir='ltr'>nelicium</span> <span class='ocrx_word' id='word_1_437' title='bbox 1448 2073 1497 2105; x_wconf 91' lang='lat' dir='ltr'>vel</span> <span class='ocrx_word' id='word_1_438' title='bbox 1531 2072 1627 2104; x_wconf 89' lang='lat' dir='ltr'>aliam</span> <span class='ocrx_word' id='word_1_439' title='bbox 1658 2082 1725 2104; x_wconf 89' lang='lat' dir='ltr'>rem</span> <span class='ocrx_word' id='word_1_440' title='bbox 1759 2077 1995 2104; x_wconf 81' lang='lat' dir='ltr'>controversam</span> 
     </span>
     <span class='ocr_line' id='line_1_93' title="bbox 1262 2124 1996 2163; baseline -0.001 -5"><span class='ocrx_word' id='word_1_441' title='bbox 1262 2126 1411 2158; x_wconf 86' lang='lat' dir='ltr'>crederet</span> <span class='ocrx_word' id='word_1_442' title='bbox 1435 2136 1467 2158; x_wconf 89' lang='lat' dir='ltr'>se</span> <span class='ocrx_word' id='word_1_443' title='bbox 1493 2125 1624 2163; x_wconf 87' lang='lat' dir='ltr'>babere,</span> <span class='ocrx_word' id='word_1_444' title='bbox 1642 2124 1723 2157; x_wconf 87' lang='lat' dir='ltr'>illud</span> <span class='ocrx_word' id='word_1_445' title='bbox 1754 2126 1802 2157; x_wconf 89' lang='lat' dir='ltr'>vel</span> <span class='ocrx_word' id='word_1_446' title='bbox 1829 2125 1916 2157; x_wconf 84' lang='lat' dir='ltr'>illam</span> <span class='ocrx_word' id='word_1_447' title='bbox 1942 2136 1996 2157; x_wconf 88' lang='lat' dir='ltr'>co-</span> 
     </span>
     <span class='ocr_line' id='line_1_94' title="bbox 1262 2179 1998 2222; baseline -0.001 -11"><span class='ocrx_word' id='word_1_448' title='bbox 1262 2190 1329 2211; x_wconf 90' lang='lat' dir='ltr'>ram</span> <span class='ocrx_word' id='word_1_449' title='bbox 1347 2179 1416 2222; x_wconf 86' lang='lat' dir='ltr'>ipso</span> <span class='ocrx_word' id='word_1_450' title='bbox 1434 2183 1661 2211; x_wconf 86' lang='lat' dir='ltr'>conservatore</span> <span class='ocrx_word' id='word_1_451' title='bbox 1690 2179 1740 2210; x_wconf 84' lang='lat' dir='ltr'>vel</span> <span class='ocrx_word' id='word_1_452' title='bbox 1761 2183 1887 2210; x_wconf 87' lang='lat' dir='ltr'>rectore</span> <span class='ocrx_word' id='word_1_453' title='bbox 1905 2188 1998 2221; x_wconf 85' lang='lat' dir='ltr'>prae-</span> 
     </span>
     <span class='ocr_line' id='line_1_95' title="bbox 1263 2230 1996 2274; baseline -0.005 -9"><span class='ocrx_word' id='word_1_454' title='bbox 1263 2232 1346 2265; x_wconf 93' lang='lat' dir='ltr'>dicto</span> <span class='ocrx_word' id='word_1_455' title='bbox 1384 2235 1583 2274; x_wconf 85' lang='lat' dir='ltr'>proponeret</span> <span class='ocrx_word' id='word_1_456' title='bbox 1615 2230 1673 2262; x_wconf 88' lang='lat' dir='ltr'>sub</span> <span class='ocrx_word' id='word_1_457' title='bbox 1707 2233 1810 2273; x_wconf 73' lang='lat' dir='ltr'>poena</span> <span class='ocrx_word' id='word_1_458' title='bbox 1847 2230 1996 2273; x_wconf 87' lang='lat' dir='ltr'>perpetui</span> 
     </span>
     <span class='ocr_line' id='line_1_96' title="bbox 1262 2283 1996 2323; baseline -0.001 -7"><span class='ocrx_word' id='word_1_459' title='bbox 1262 2284 1391 2323; x_wconf 84' lang='lat' dir='ltr'>silentii,</span> <span class='ocrx_word' id='word_1_460' title='bbox 1429 2284 1484 2316; x_wconf 88' lang='lat' dir='ltr'>sed</span> <span class='ocrx_word' id='word_1_461' title='bbox 1522 2284 1705 2315; x_wconf 82' lang='lat' dir='ltr'>mandatum</span> <span class='ocrx_word' id='word_1_462' title='bbox 1740 2283 1922 2315; x_wconf 89' lang='lat' dir='ltr'>huiusmodi</span> <span class='ocrx_word' id='word_1_463' title='bbox 1958 2284 1996 2315; x_wconf 90' lang='lat' dir='ltr'>ad</span> 
     </span>
     <span class='ocr_line' id='line_1_97' title="bbox 1263 2337 1997 2380; baseline 0 -11"><span class='ocrx_word' id='word_1_464' title='bbox 1263 2339 1367 2370; x_wconf 90' lang='lat' dir='ltr'>solum</span> <span class='ocrx_word' id='word_1_465' title='bbox 1391 2342 1651 2370; x_wconf 87' lang='lat' dir='ltr'>conservatorem</span> <span class='ocrx_word' id='word_1_466' title='bbox 1682 2337 1911 2380; x_wconf 64' lang='lat' dir='ltr'>restringatur,</span> <span class='ocrx_word' id='word_1_467' title='bbox 1938 2348 1997 2369; x_wconf 87' lang='lat' dir='ltr'>ncc</span> 
     </span>
     <span class='ocr_line' id='line_1_98' title="bbox 1264 2389 1995 2433; baseline 0 -11"><span class='ocrx_word' id='word_1_468' title='bbox 1264 2391 1295 2422; x_wconf 87' lang='lat' dir='ltr'>in</span> <span class='ocrx_word' id='word_1_469' title='bbox 1320 2389 1492 2433; x_wconf 86' lang='lat' dir='ltr'>praedictis</span> <span class='ocrx_word' id='word_1_470' title='bbox 1521 2390 1629 2422; x_wconf 88' lang='lat' dir='ltr'>aliisve</span> <span class='ocrx_word' id='word_1_471' title='bbox 1651 2389 1766 2423; x_wconf 81' lang='lat' dir='ltr'>litteris</span> <span class='ocrx_word' id='word_1_472' title='bbox 1787 2390 1995 2423; x_wconf 86' lang='lat' dir='ltr'>iudicialibus</span> 
     </span>
     <span class='ocr_line' id='line_1_99' title="bbox 1263 2443 1999 2486; baseline 0 -11"><span class='ocrx_word' id='word_1_473' title='bbox 1263 2443 1517 2486; x_wconf 86' lang='lat' dir='ltr'>quibuscumque</span> <span class='ocrx_word' id='word_1_474' title='bbox 1552 2454 1610 2486; x_wconf 88' lang='lat' dir='ltr'>per</span> <span class='ocrx_word' id='word_1_475' title='bbox 1635 2443 1766 2476; x_wconf 87' lang='lat' dir='ltr'>eosdem</span> <span class='ocrx_word' id='word_1_476' title='bbox 1796 2449 1999 2476; x_wconf 87' lang='lat' dir='ltr'>conservato-</span> 
     </span>
     <span class='ocr_line' id='line_1_100' title="bbox 1263 2496 1999 2539; baseline 0 -11"><span class='ocrx_word' id='word_1_477' title='bbox 1263 2507 1313 2529; x_wconf 87' lang='lat' dir='ltr'>res</span> <span class='ocrx_word' id='word_1_478' title='bbox 1340 2507 1491 2529; x_wconf 80' lang='lat' dir='ltr'>eorumve</span> <span class='ocrx_word' id='word_1_479' title='bbox 1518 2496 1696 2539; x_wconf 87' lang='lat' dir='ltr'>quemlibet</span> <span class='ocrx_word' id='word_1_480' title='bbox 1729 2497 1942 2529; x_wconf 87' lang='lat' dir='ltr'>decernendis</span> <span class='ocrx_word' id='word_1_481' title='bbox 1968 2501 1999 2528; x_wconf 84' lang='lat' dir='ltr'>et</span> 
     </span>
     <span class='ocr_line' id='line_1_101' title="bbox 1263 2549 1998 2592; baseline -0.001 -10"><span class='ocrx_word' id='word_1_482' title='bbox 1263 2549 1442 2582; x_wconf 72' lang='lat' dir='ltr'>relaxandis</span> <span class='ocrx_word' id='word_1_483' title='bbox 1480 2549 1657 2592; x_wconf 83' lang='lat' dir='ltr'>quidquam</span> <span class='ocrx_word' id='word_1_484' title='bbox 1691 2550 1827 2582; x_wconf 86' lang='lat' dir='ltr'>addatur</span> <span class='ocrx_word' id='word_1_485' title='bbox 1858 2551 1908 2583; x_wconf 85' lang='lat' dir='ltr'>vel</span> <span class='ocrx_word' id='word_1_486' title='bbox 1945 2561 1998 2583; x_wconf 73' lang='lat' dir='ltr'>ex-</span> 
     </span>
     <span class='ocr_line' id='line_1_102' title="bbox 1262 2603 1998 2647; baseline 0 -12"><span class='ocrx_word' id='word_1_487' title='bbox 1262 2603 1428 2647; x_wconf 88' lang='lat' dir='ltr'>primatur,</span> <span class='ocrx_word' id='word_1_488' title='bbox 1454 2613 1518 2646; x_wconf 87' lang='lat' dir='ltr'>quo</span> <span class='ocrx_word' id='word_1_489' title='bbox 1544 2603 1779 2636; x_wconf 84' lang='lat' dir='ltr'>iurisdictionis</span> <span class='ocrx_word' id='word_1_490' title='bbox 1805 2603 1998 2636; x_wconf 83' lang='lat' dir='ltr'>ecclesiasti-</span> 
     </span>
     <span class='ocr_line' id='line_1_103' title="bbox 1263 2651 1996 2699; baseline 0.001 -11"><span class='ocrx_word' id='word_1_491' title='bbox 1263 2651 1317 2688; x_wconf 79' lang='lat' dir='ltr'>cae</span> <span class='ocrx_word' id='word_1_492' title='bbox 1344 2666 1464 2696; x_wconf 79' lang='lat' dir='ltr'>cursus,</span> <span class='ocrx_word' id='word_1_493' title='bbox 1492 2656 1811 2699; x_wconf 81' lang='lat' dir='ltr'>appellationumque</span> <span class='ocrx_word' id='word_1_494' title='bbox 1839 2657 1868 2688; x_wconf 91' lang='lat' dir='ltr'>in</span> <span class='ocrx_word' id='word_1_495' title='bbox 1894 2657 1996 2689; x_wconf 85' lang='lat' dir='ltr'>causis</span> 
     </span>
    </p>
   </div>
  </div>
 </body>
</html>
