2279 3260
149 258 199 286 An.
215 258 244 286 C.
265 257 333 288 162¹]

173 1418 258 1439 Nobiles
269 1420 290 1439 et
299 1418 328 1438 ci-

148 1451 190 1466 vus.

182 2522 245 2543 Tales
260 2528 282 2542 se
301 2526 336 2541 no-

156 2549 234 2571 minare
245 2550 337 2575 possunt.

966 257 1108 283 CLEMENS
1130 259 1148 282 X
1172 257 1222 282 PP.

340 307 464 340 meritis
480 306 595 349 dignos
613 305 667 339 tali
687 306 841 349 dignitate
854 306 1074 347 iudicaverint,

340 360 372 393 in
388 365 513 393 nostros
534 365 566 392 et
586 360 790 402 Apostolicae
809 360 898 392 Sedis
916 359 1072 400 notarios,

338 413 408 446 sine
433 417 540 445 tamen
565 412 762 455 praeiudicio
796 412 986 444 dilectorum
1019 423 1075 445 no-

339 465 495 497 tariorum
514 466 552 497 de
571 475 705 498 numero
730 465 1005 508 participantium,
1035 469 1075 496 te-

339 529 419 552 nore
432 518 651 561 praesentium
667 517 850 560 recipimus,
866 522 897 549 et
922 522 984 549 tam
1002 516 1075 550 illos

340 581 434 613 quam
460 570 540 602 alios
567 570 727 612 dapiferos
751 570 907 611 singulos,
934 569 987 611 qui
1010 569 1075 600 sin-

340 622 474 664 gillatim
500 623 538 654 ab
571 622 691 655 eisdem
729 622 831 654 tribus
856 622 1074 654 cardinalibus

340 674 429 716 digni
465 675 525 706 tale
563 674 685 706 bonore
710 674 879 717 approbati
913 672 1073 713 fuerunt',

341 727 421 759 sacri
447 726 555 770 palatii
582 731 613 759 et
642 727 733 759 aulae
767 726 990 759 Lateraneusis
1023 736 1076 758 co-

340 780 434 812 mites
460 785 492 811 et
512 779 639 819 milites,
657 790 692 811 ac
710 785 772 811 tam
793 779 864 812 illos
884 790 978 822 quam
996 779 1075 811 alios

340 843 453 865 omnes
471 842 689 875 quoscumque
704 831 865 874 dapiferos
879 831 1074 870 indistincte,

341 885 397 928 qui
422 884 549 916 nobiles
575 894 639 916 non
664 889 745 923 sunt,
780 883 905 915 nobiles
921 910 928 923 ,
954 883 1073 925 quique

340 937 435 969 Urbis
452 937 500 968 vel
520 936 654 968 alicuius
681 935 811 968 alterius
836 947 872 968 ex
894 935 1074 967 civitatibus

339 989 509 1032 temporali
536 989 678 1021 dominio
705 989 808 1021 dictae
833 988 998 1021 Romanae
1018 988 1075 1020 Ec-

340 1042 457 1075 clesiae
482 1041 620 1075 mediate
640 1042 689 1074 vel
711 1041 894 1083 immediate
921 1041 1075 1073 subiectis

340 1095 424 1127 cives
449 1105 520 1127 esse
544 1094 715 1133 voluerint,
734 1094 878 1135 singulos
897 1094 929 1138 in
950 1095 986 1125 ea
1006 1093 1073 1136 ipsa

340 1147 476 1187 civitate,
497 1158 590 1190 quam
608 1146 797 1189 singillatim
813 1145 950 1189 quisque
965 1155 1074 1178 eorum

341 1200 494 1242 elegerit,
522 1205 554 1232 et
578 1200 617 1232 ad
643 1210 737 1242 quam
763 1200 802 1231 ab
828 1199 949 1232 eisdem
974 1197 1075 1231 cardi-

340 1253 467 1285 nalibus
490 1263 522 1285 se
549 1252 673 1285 admitti
699 1251 848 1295 petierit,
871 1262 965 1284 veros
992 1251 1076 1283 cives

340 1306 379 1338 ad
404 1305 520 1345 instar,
546 1310 578 1337 et
614 1305 701 1337 nulla
736 1315 869 1347 prorsus
896 1303 1075 1336 differentia

339 1359 426 1400 inter
450 1368 504 1390 eos
529 1363 560 1390 et
586 1357 731 1400 singulos
758 1357 837 1389 alios
862 1367 955 1389 veros
981 1356 1076 1398 origi-

340 1410 448 1443 narios
472 1415 504 1443 et
528 1409 771 1453 antiquissimos
801 1415 833 1441 et
852 1409 977 1441 nobiles
1002 1419 1076 1451 par-

340 1463 510 1506 ticipantes
530 1462 614 1495 cives
642 1462 742 1505 ipsius
771 1461 864 1494 Urbis
889 1462 939 1494 vel
968 1461 1076 1494 civita-

339 1516 395 1556 tis,
421 1516 465 1548 ita
490 1520 525 1547 ut
555 1515 661 1558 ipsum
686 1515 733 1547 ius
758 1514 892 1546 civitatis
918 1514 957 1546 ad
983 1524 1076 1557 quos-

339 1566 496 1610 cumque‘l
516 1577 626 1599 eorum
655 1567 814 1599 haeredes
841 1567 954 1599 eodem
978 1567 1073 1599 modo

339 1625 490 1660 transeat,
510 1629 671 1659 creamus,
687 1620 909 1652 constituimus
930 1625 961 1652 et
974 1620 1075 1662 depu-

341 1678 456 1712 tamus,
471 1683 508 1705 ac
535 1672 714 1705 nobilitatis
743 1678 775 1704 et
791 1672 951 1705 civilitatis
973 1673 1074 1711 titulo,

339 1725 468 1758 honore
486 1729 517 1756 et
537 1724 685 1766 insigniis
712 1725 912 1764 decoramus,
931 1724 1077 1757 aliorum-

339 1789 402 1821 que
428 1777 631 1810 familiarium
662 1778 889 1810 continuorum
915 1788 1078 1810 commen-

339 1832 454 1864 salium
479 1830 573 1863 nobis
599 1837 670 1863 actu
687 1831 718 1863 in
737 1831 854 1874 palatio
872 1837 982 1864 nostro
1001 1842 1078 1874 apo-

341 1884 459 1917 stolico
485 1883 708 1923 servientium,
736 1889 767 1916 et
790 1883 822 1915 in
848 1884 936 1916 illius
962 1885 1076 1916 tinello

342 1936 581 1969 comedentium
614 1942 645 1969 et
668 1936 870 1977 bibentium,
895 1943 1077 1970 nostrorum

343 1994 375 2022 et
398 1989 487 2022 Sedis
511 1989 716 2032 Apostolicae
749 1990 966 2031 notariorum,
992 1992 1080 2034 pala-

343 2042 444 2084 tiique
469 2047 501 2074 et
524 2042 616 2074 aulae
641 2042 806 2085 praefatae
832 2043 993 2083 comitum,
1022 2043 1079 2075 mi-

342 2094 435 2127 litum
465 2100 497 2127 et
520 2094 678 2127 nobilium
699 2101 730 2128 et
753 2095 867 2128 civium
894 2096 1078 2129 huiusmodi

344 2147 593 2189 originariorum
614 2157 750 2180 numero
769 2154 799 2180 et
816 2149 978 2181 consortio
996 2150 1080 2182 savo—

344 2199 494 2232 rabiliter
516 2210 736 2242 aggregamus,
755 2205 786 2233 et
798 2211 858 2244 pro
875 2201 969 2242 veris,
986 2202 1080 2234 indu-

344 2252 454 2285 bitatis
479 2258 511 2285 et
536 2264 601 2286 non
626 2253 709 2285 fictis
734 2254 942 2287 fan'iiliarilnls
977 2255 1080 2288 conti-

344 2305 417 2337 nuis
441 2306 721 2346 commensalibus,
740 2317 776 2338 ac
793 2307 928 2339 notariis
951 2307 1078 2347 uostris,

345 2357 583 2401 comitibusque
605 2364 636 2391 et
663 2359 829 2401 militibus,
849 2360 1079 2403 nobilibusque

346 2421 382 2443 ac
408 2411 528 2443 civibus
561 2411 712 2455 deinceps
745 2413 856 2445 baberi
882 2418 913 2445 et
936 2414 1079 2456 reputari

346 2463 490 2495 volumus
512 2469 543 2495 et
562 2465 758 2503 mandamus,

392 2517 406 2559 ξ
430 2516 461 2549 2.
490 2517 606 2559 Eisque
639 2518 672 2550 in
701 2519 955 2563 quibuscumque
980 2520 1081 2564 impe-

386 2587 395 2613 1
420 2586 513 2621 Aptius
532 2587 591 2621 lege
610 2588 719 2621 fuerint
736 2590 771 2623 (a.
787 2592 835 2621 az).

383 2629 398 2656 2
420 2630 586 2667 Praepositio
607 2632 638 2659 in
659 2633 778 2659 delemus
797 2638 824 2668 (R
851 2636 898 2669 r).

1117 305 1308 339 trationibus
1326 315 1361 338 ae
1378 304 1642 338 concessionibus
1669 310 1700 338 et
1723 306 1849 345 litteris,

1117 365 1177 391 tam
1205 359 1338 401 gratiam
1373 370 1466 401 quam
1496 359 1648 391 iustitiam
1678 359 1851 401 separatim

1116 423 1171 444 seu
1198 417 1367 454 utramque
1400 412 1520 443 mixtim
1553 412 1850 451 concernentibus,

1116 478 1148 498 se
1168 465 1339 498 familiares
1356 465 1526 497 continuos
1544 465 1779 497 commensales
1800 475 1853 496 no-

1116 524 1207 557 stros,
1224 523 1254 549 et
1269 518 1411 557 comites,
1425 517 1552 556 milites,
1567 517 1705 556 nobiles,
1720 526 1756 548 ac
1769 516 1851 548 cives

1117 575 1147 607 et
1167 569 1359 611 originarios
1381 567 1579 608 nominare¹,
1600 578 1658 600 nec
1678 572 1852 611 propterca

1118 622 1383 665 impetrationes,
1414 621 1638 654 concessiones¹
1664 626 1695 653 et
1724 620 1851 652 litterae

1117 673 1203 716 ipsae
1229 674 1450 716 subreptionis
1475 673 1551 706 vitio
1578 673 1776 711 subiaceant,
1797 672 1851 703 sed

1117 727 1240 759 validae
1266 732 1297 759 et
1314 727 1461 759 efficaces
1478 726 1626 765 existant,
1645 736 1680 757 ac
1705 736 1741 757 ex
1767 735 1852 757 nunc

1117 778 1269 821 deinceps
1284 778 1360 811 etin
1376 785 1567 821 perpetuum
1583 778 1731 811 omnibus
1744 782 1775 809 et
1789 777 1853 820 qui-

1117 832 1315 873 buscumque
1329 842 1461 874 prorsus
1477 831 1633 863 similibus
1653 830 1853 863 antelationi-

1117 884 1184 923 bus,
1210 884 1454 926 praerogativis,
1480 884 1668 926 privilegiis,
1694 883 1853 916 libertati-

1117 937 1185 976 bus,
1214 936 1483 976 immunitatibus,
1509 935 1781 979 exemptionibus,
1800 935 1853 968 de-

1116 987 1223 1027 cretis,
1251 992 1282 1020 et
1306 987 1606 1029 declarationilms,
1633 987 1853 1029 derogationi-

1117 1041 1183 1081 bus,
1197 1041 1368 1080 mandatis,
1385 1041 1662 1083 suspensionibus,
1679 1041 1851 1080 favoribus,

1117 1094 1237 1136 gratiis,
1264 1093 1458 1136 privilegiis,
1489 1093 1622 1126 indultis
1648 1104 1684 1126 ac
1708 1092 1852 1133 iuribus,

1117 1146 1234 1189 quibus
1269 1145 1322 1178 alii
1358 1146 1460 1177 nostri
1497 1145 1669 1179 familiares
1706 1151 1852 1189 tempore

1117 1199 1220 1231 dictae
1251 1198 1480 1242 assumptionis
1511 1205 1638 1232 nostrae
1668 1201 1706 1231 ad
1736 1199 1853 1232 summi

1117 1252 1318 1294 apostolatus
1342 1251 1482 1294 apicem,
1502 1262 1537 1283 ac
1551 1251 1668 1294 quibus
1690 1251 1744 1284 alii
1770 1251 1854 1284 eius-

1118 1305 1191 1337 dem
1220 1304 1310 1337 Sedis
1342 1304 1478 1343 notarii,
1510 1305 1606 1337 etiam
1640 1304 1678 1337 de
1716 1313 1853 1336 numero

1118 1356 1369 1401 participantes2
1393 1357 1581 1397 existentes,
1609 1357 1734 1389 etiamsi
1761 1357 1853 1389 habi-

1118 1416 1181 1442 tum
1215 1416 1247 1442 et
1280 1410 1482 1442 rocchettum
1515 1409 1715 1442 notariorum
1752 1409 1854 1452 ipsius

1117 1463 1207 1495 Sedis
1232 1473 1296 1495 non
1322 1463 1476 1502 deferant,
1502 1463 1680 1506 palatiique
1706 1469 1738 1495 et
1762 1463 1853 1495 aulae

1117 1516 1300 1559 praedictae
1331 1515 1464 1548 comites
1499 1521 1531 1548 et
1561 1515 1680 1547 milites
1706 1526 1742 1547 ac
1766 1515 1855 1548 nobi-

1118 1570 1162 1601 les
1188 1568 1354 1611 originarii
1373 1573 1404 1601 et
1424 1568 1640 1611 antiquissimi
1661 1568 1745 1601 cives
1769 1568 1855 1601 eius-

1118 1622 1189 1653 dem
1207 1621 1303 1654 Urbis
1329 1622 1379 1653 vel
1405 1620 1549 1660 civitatis,
1576 1631 1682 1663 quam,
1704 1626 1739 1652 ut
1762 1631 1855 1663 prae-

1118 1675 1228 1714 fertur,
1248 1674 1418 1716 elegerint,
1437 1673 1634 1717 quicumque
1658 1684 1695 1706 ex
1716 1680 1854 1716 utroque

1119 1733 1252 1770 parente
1276 1738 1352 1759 vere
1379 1727 1480 1759 nobili
1509 1737 1545 1759 ac
1576 1726 1644 1759 cive
1677 1727 1855 1769 originario

1119 1785 1151 1813 ct
1175 1779 1402 1823 antiquissimo
1429 1779 1600 1823 procreati,
1626 1779 1664 1812 de
1689 1779 1770 1819 iure,
1795 1785 1857 1812 sta-

1121 1838 1204 1873 tuto,
1231 1832 1482 1873 consuetudine,
1507 1834 1556 1865 vel
1582 1833 1660 1864 alias
1687 1843 1722 1865 ex
1748 1832 1856 1875 aliquo

1120 1886 1252 1929 speciali
1277 1886 1461 1929 privilegio,
1491 1896 1546 1918 seu
1571 1885 1650 1917 alias
1676 1886 1771 1918 etiam
1796 1895 1858 1928 per

1121 1949 1342 1982 quascumque
1374 1939 1498 1971 litteras
1524 1948 1581 1970 seu
1605 1937 1857 1970 constitutiones

1121 1991 1316 2034 apostolicas
1338 2001 1397 2034 pro
1415 1995 1562 2033 tempore
1581 1990 1694 2029 editas,
1713 1995 1856 2031 utuntur,

1121 2045 1293 2088 potiuntur
1317 2049 1348 2077 et
1371 2045 1523 2087 gaudent,
1543 2054 1579 2076 ac
1595 2044 1650 2084 uti,
1671 2044 1740 2083 frui,
1760 2043 1856 2087 potiri

1122 2104 1152 2131 et
1166 2098 1306 2140 gaudere
1327 2103 1462 2140 possunt
1486 2102 1517 2130 et
1541 2102 1698 2140 poterunt
1722 2107 1857 2140 quomo-

1123 2151 1246 2183 dolibet
1270 2150 1301 2182 in
1327 2151 1479 2190 futurum,
1505 2150 1626 2193 ubique
1654 2151 1799 2182 locorum
1826 2149 1857 2182 in

1122 2204 1239 2236 iudicio
1265 2208 1296 2236 et
1321 2208 1421 2243 extra,
1444 2203 1513 2235 sine
1539 2208 1645 2235 tamen
1672 2202 1857 2235 eorumdem

1122 2258 1322 2291 notariorum
1356 2258 1394 2290 de
1426 2268 1561 2290 numero
1594 2256 1857 2300 participantium

1123 2310 1332 2354 praeiudicio,
1357 2310 1415 2350 uti,
1442 2310 1515 2349 frui,
1540 2309 1636 2353 potiri
1662 2315 1694 2342 et
1718 2309 1858 2352 gaudere

1123 2364 1225 2396 libere
1251 2368 1282 2396 et
1306 2363 1395 2396 licite
1420 2365 1549 2396 valeant
1573 2363 1706 2395 realiter
1725 2368 1757 2395 et
1779 2362 1860 2395 inte-

1123 2428 1179 2460 gre
1212 2416 1245 2448 in
1271 2416 1420 2449 omnibus
1445 2422 1475 2448 et
1499 2426 1559 2459 per
1584 2415 1707 2455 omnia,
1735 2415 1857 2448 etiamsi

1124 2469 1155 2501 in
1173 2469 1257 2502 Urbe
1280 2474 1311 2501 et
1335 2469 1460 2501 civitate
1487 2468 1669 2500 huiusmodi
1687 2478 1752 2500 non
1770 2467 1861 2500 babi-

1125 2522 1270 2562 taverint,
1291 2521 1427 2564 perinde
1445 2532 1481 2554 ac
1497 2521 1521 2554 si
1542 2522 1580 2554 de
1598 2531 1676 2553 vero
1690 2520 1791 2554 nobili
1810 2530 1860 2562 ge-

1161 2594 1171 2618 1
1194 2592 1264 2618 Edit.
1282 2591 1361 2618 Main.
1378 2592 1445 2626 legit
1460 2592 1612 2619 nominari
1626 2592 1667 2625 (fg.
1683 2593 1730 2619 TA.

1158 2636 1174 2662 2
1194 2636 1286 2671 Aptius
1305 2637 1365 2671 lege
1382 2637 1628 2671 participantium
1649 2640 1687 2669 (a.
1703 2635 1753 2669 Τ.).

1769 246 1813 281 43
1858 255 1909 283 An.
1925 253 1954 283 C.
1975 252 2047 283 1070
