2279 3260
467 209 530 242 ⁶282

476 267 490 308 ᾗ
523 267 552 298 7.
590 267 742 300 Volumus
773 275 879 301 autem
916 272 950 300 ut
982 267 1168 299 earumdem

430 321 647 361 praesentium
674 321 851 353 litterarum
875 319 1091 362 transumptis,
1110 329 1165 351 seu

431 372 597 414 exemplis,
624 373 719 404 etiam
746 373 922 415 impressis,
951 382 1046 403 manu
1070 371 1167 403 alicu-

431 423 480 456 ius
504 424 620 456 notarii
646 426 766 467 publici
785 424 988 466 subscriptis,
1009 429 1040 455 et
1059 423 1165 465 sigillo

431 486 588 518 personae
615 478 645 509 in
672 477 890 509 ecclesiastica
915 476 1068 517 dignitate
1095 486 1165 507 con-

431 528 558 561 stitutae
584 529 724 568 munitis,
744 529 856 560 eadem
883 538 1015 571 prorsus
1036 527 1116 560 fides
1133 527 1164 559 in

431 581 549 613 iudicio
574 587 601 613 ct
629 586 716 613 extra
743 581 820 613 illud
846 580 1057 619 adhibeatur,
1083 590 1165 622 quae

430 634 640 665 adhiberetur
665 633 742 675 ipsis
760 633 987 675 praesentibus
1012 632 1038 664 si
1059 633 1166 664 forent

430 685 593 717 exhibitae
617 687 665 717 vel
691 690 850 717 ostensae.

473 739 584 770 Datum
609 738 748 778 Romae,
775 738 858 780 apud
889 737 920 770 S.
948 737 1077 770 Mariam
1103 737 1165 769 Ma-

430 791 553 831 iorem,
580 791 637 822 sub
667 791 788 822 annulo
821 790 1012 829 piscatoris,
1048 790 1099 822 die
1133 800 1163 822 Vl

429 843 616 876 novembris
641 853 793 883 MDCLxxl,
827 842 1034 885 pontificatus
1060 841 1163 875 nostri

430 906 515 928 anno
541 906 575 928 11.

238 219 284 243 An.
306 218 332 243 C.
357 218 415 244 ¹071

277 278 420 302 rinnau-upto-

237 310 281 323 111111
297 304 357 324 sulus.

823 948 844 980 1.
873 947 908 980 G.
936 947 1074 981 Stusius.

466 1011 523 1036 Dat.
542 1010 586 1036 die
603 1010 619 1036 6
635 1010 791 1037 novembris
809 1011 885 1044 1671,
903 1010 996 1045 pontis.
1014 1018 1085 1036 anno
1100 1016 1128 1036 11.

465 1072 630 1105 Reqz'strata
659 1072 690 1097 in
718 1072 881 1099 secretaria
901 1072 932 1098 in
959 1072 1008 1098 lib.
1030 1071 1165 1099 Brevium

429 1116 533 1143 mensis
552 1115 722 1146 novembris,
734 1118 813 1150 part.
831 1122 861 1148 11,
877 1116 925 1149 fot.
942 1115 986 1142 80.

728 1256 870 1289 LXXXV.

432 1334 641 1375 Confirmatio
665 1333 783 1366 decreti
808 1333 988 1375 defini'torii
1006 1333 1166 1375 aenei-atis

476 1387 610 1420 Ordinis
621 1387 764 1428 fratrum
773 1386 807 1418 M
809 1386 938 1417 snorum
948 1387 1053 1418 sancti
1065 1386 1166 1418 Fran-

475 1439 552 1471 cisct'
568 1439 605 1470 de
620 1438 833 1471 Observantia
846 1437 1096 1470 Recollectorum
1107 1448 1166 1480 pro

475 1491 624 1523 electione
640 1491 877 1533 praefectarum
891 1494 919 1522 et
935 1490 1166 1532 priorissarum

475 1543 671 1575 monialium
696 1553 753 1585 per
781 1543 966 1585 provincias
995 1542 1168 1575 Germano-

474 1595 623 1638 Belqicas
648 1600 675 1628 et
700 1595 877 1627 annexas¹.

652 1675 785 1701 Clemens
806 1675 885 1707 Papa
906 1674 928 1700 X
945 1695 951 1705 ,

554 1719 590 1745 ad
609 1721 785 1752 perpetuam
804 1718 850 1744 rei
870 1718 1052 1745 memoriam.

262 1798 383 1820 ssxordium.
475 1789 598 1832 Exponi
623 1788 718 1822 nobis
744 1799 849 1831 nuper
874 1789 949 1821 fecit
973 1789 1109 1822 dilectus
1134 1789 1169 1821 fi-

432 1842 493 1875 lius
509 1841 689 1875 Ludovicus
708 1841 839 1881 Kelleri,
857 1841 1098 1874 commissarius
1115 1852 1169 1884 ge-

431 1894 551 1927 neralis
580 1893 822 1937 provinciarum
847 1893 1170 1936 Germano-Belgica-

431 1958 500 1980 rum
526 1953 557 1979 et
581 1956 777 1978 annexarum
803 1945 931 1978 Ordinis
957 1947 1091 1979 fratrum
1116 1947 1170 1979 Mi-

431 2010 549 2033 norum
575 1999 675 2031 sancti
711 1997 871 2030 Francisci
898 1998 937 2031 de
962 1997 1171 2031 observantia

434 2054 694 2086 Recollectorum
721 2057 998 2094 nuncupatorum,
1025 2053 1113 2094 quod
1138 2053 1170 2085 in

433 2106 574 2149 capitulo
593 2104 737 2147 generali
759 2104 835 2136 dicti
852 2103 979 2136 Ordinis
996 2105 1170 2138 vallisoleti

433 2158 606 2191 novissime
632 2155 810 2189 celebrato¹²
827 2157 1048 2189 definitorium
1075 2168 1171 2199 gene-

433 2211 501 2242 rale
527 2210 691 2242 decretum
716 2208 817 2241 edidit
842 2209 964 2241 tenoris
985 2210 1040 2252 qui
1065 2210 1172 2253 sequi-

435 2267 498 2303 tur,
526 2262 693 2294 videlicet:

480 2315 495 2356 ,ξ
514 2314 542 2346 i.
566 2327 577 2343 a
593 2313 754 2356 Praecipit
771 2314 989 2347 definitorium
1007 2316 1172 2355 generale,

437 2368 536 2410 quod,
570 2367 655 2398 iuxta
679 2366 924 2398 constitutiones
949 2368 1121 2408 generales
1140 2372 1173 2400 et

436 2421 558 2464 pra-un,⁴
596 2419 784 2461 religionis,
818 2420 955 2452 ministri
992 2421 1172 2463 provincia-

436 2476 483 2508 les
500 2474 637 2507 nationis
655 2473 978 2516 Germano-Belgicae
997 2473 1073 2506 dent
1097 2473 1172 2507 libe-

266 2323 335 2342 Tenor
346 2321 424 2342 decreti

241 2349 363 2369 definitor-ii.

473 2545 484 2571 1
508 2543 581 2570 Nunc
601 2543 715 2578 primurn
735 2543 874 2578 impressa¹

471 2588 488 2617 2
508 2587 576 2614 Edit.
596 2587 678 2614 Main.
700 2587 764 2622 legit
783 2587 919 2614 celebrati
939 2587 975 2621 (R.
989 2587 1038 2620 T.)-

1008 219 1186 243 anthimum
1212 218 1362 244 ROMANUM

1946 218 1999 244 An.
2019 217 2050 245 C.
2070 218 2132 245 1671

1209 277 1275 299 ram
1302 268 1495 300 electionem
1519 268 1783 311 praefectorum,
1811 266 1944 309 prioris-

1209 329 1333 359 sarum,
1358 321 1409 352 vel
1434 331 1638 363 quocumque
1664 321 1794 353 nomine
1820 330 1944 351 nuncu-

1208 376 1378 413 patarum,
1406 372 1438 403 in
1469 373 1617 405 omnibus
1651 372 1840 405 monialium
1877 381 1944 404 mo-

1209 423 1368 463 nasteriis,
1385 424 1481 466 idque
1495 424 1629 466 singulis
1648 424 1795 457 trienniis
1813 435 1840 464 »·,
1856 425 1942 467 quod

1209 474 1373 507 decretum
1398 476 1681 509 constitutionibus
1713 476 1814 509 felicis
1840 486 1945 508 recor-

1209 526 1347 558 dationis
1365 527 1481 559 Leonis
1500 528 1540 567 X,
1561 528 1638 561 Sixti
1656 528 1679 559 V
1697 534 1728 561 et
1744 528 1863 561 Urbani
1882 529 1944 561 Vlll

1209 578 1429 611 Romanorum
1476 580 1666 613 Pontificum
1706 582 1941 624 praedecesso-

1209 641 1289 670 rum,
1305 641 1430 663 necnon
1464 631 1580 663 litteris
1609 633 1802 665 recolendae
1824 643 1944 665 memo-

1207 682 1274 715 riae
1300 682 1473 715 Clementis
1499 684 1603 726 Papae
1625 684 1662 716 lx
1680 685 1943 727 praedecessoris

1208 735 1330 777 pariter
1354 736 1454 767 nostri
1480 735 1511 767 iu
1530 735 1626 768 simili
1647 736 1747 768 forma
1764 736 1871 768 Brevis
1889 736 1940 769 die

1207 798 1244 821 xx
1268 788 1373 820 martii
1402 799 1607 822 noctxxxvnt
1636 789 1834 832 expeditis¹,
1865 800 1942 822 con-

1208 841 1310 874 forme
1329 846 1395 881 est;
1416 842 1511 884 eique
1533 841 1666 885 insuper
1683 841 1817 874 accessit
1834 841 1944 873 decre-

1209 899 1273 926 tum
1287 905 1343 927 seu
1359 895 1545 927 mandatum
1560 894 1752 928 venerabilis
1769 894 1874 927 fratris
1891 904 1944 926 no-

1208 946 1264 978 stri
1285 946 1443 979 F'rancisci
1462 947 1607 990 episcopi
1626 946 1782 980 Ostiensis
1799 946 1830 979 S.
1850 946 1887 979 R.
1907 946 1942 979 E.

1208 1000 1381 1032 cardinalis
1400 1000 1568 1033 Barberini
1588 1000 1776 1044 nuncupati,
1797 999 1874 1033 dicti
1890 1000 1945 1033 Or-

1208 1051 1291 1084 dinis
1323 1053 1406 1094 apud
1437 1063 1496 1084 nos
1523 1057 1554 1085 et
1578 1052 1693 1085 Sedem
1727 1052 1944 1096 Apostolicam

1208 1105 1414 1147 protectoris,
1439 1106 1497 1137 sub
1524 1105 1731 1148 infrascripto
1756 1110 1881 1146 tenore,
1899 1105 1944 1137 vi-

1208 1157 1343 1189 delicet:

1251 1209 1265 1251 ἓ
1290 1208 1320 1241 2.
1350 1221 1363 1239 α
1382 1208 1519 1241 Attentis
1544 1209 1682 1242 narratis
1708 1208 1833 1252 (previa
1857 1220 1943 1244 revo-
1965 1220 2135 1250 renotatam.

1208 1261 1333 1293 catione
1351 1261 1630 1304 suppressoricae²
1646 1262 1724 1295 alias
1742 1273 1759 1295 a
1776 1263 1869 1295 nobis
1887 1245 2136 1299 01)-ῧῖοξἶὲιῖἷῖἒῖῗῖ

1209 1314 1341 1356 tentae),
1358 1314 1477 1346 servari
1502 1314 1748 1347 constitutiones
1773 1320 1805 1348 et
1827 1321 1944 1348 statuta

1208 1366 1334 1398 Ordinis
1352 1371 1384 1398 et
1398 1377 1506 1398 sacrae
1524 1366 1789 1409 Congregationis
1807 1369 1945 1407 decreta,

1209 1423 1304 1462 atque
1337 1419 1376 1450 ad
1406 1429 1517 1451 eorum
1551 1419 1789 1462 praescriptum
1813 1421 1946 1463 procedi

1209 1472 1248 1503 ad
1288 1470 1482 1503 electionem
1521 1471 1702 1504 abbatissae
1743 1472 1945 1516 aliarumque

1210 1523 1444 1566 praesentarum
1464 1523 1560 1555 etiam
1582 1524 1788 1556 decernimus
1806 1529 1839 1557 et
1857 1535 1947 1557 man-

1210 1575 1331 1615 damus,
1362 1575 1394 1608 in
1423 1575 1620 1608 contrarium
1644 1587 1710 1609 non
1742 1576 1945 1610 obstantibus

1212 1629 1480 1671 quibuscumque.
1508 1629 1541 1661 In
1566 1640 1713 1671 quorum,
1742 1634 1802 1662 etc.
1831 1630 1944 1662 Datum

1212 1682 1331 1714 Romae
1357 1682 1388 1714 in
1412 1682 1532 1725 palatio
1561 1683 1772 1716 cancellariae
1798 1682 1947 1726 apostoli-

1212 1745 1267 1767 cae
1293 1735 1352 1766 hac
1378 1735 1428 1767 die
1453 1745 1512 1768 xxx
1537 1735 1648 1778 aprilis
1673 1745 1823 1769 MDCLxxi.

1255 1787 1447 1820 FnAnciscus
1462 1788 1633 1820 cardinalis
1648 1788 1858 1827 Bsansmnus,
1877 1798 1947 1832 pro-

1213 1845 1330 1879 tector,
1356 1844 1385 1871 et
1417 1840 1525 1882 infra,
1556 1840 1691 1873 1011111115
1722 1841 1874 1874 Rapum
1905 1851 1947 1873 nn

1213 1893 1362 1931 Patauio,
1389 1892 1518 1925 auditor
1541 1904 1571 1924 ».

1256 1946 1271 1988 ἓ
1294 1944 1326 1977 3.
1354 1944 1431 1977 Cum
1457 1950 1565 1977 autem
1598 1945 1684 1977 sicut
1708 1945 1823 1978 eadem
1849 1956 1947 1989 expo-
1983 1954 2140 1984 Propasta-nris

1213 1997 1286 2030 sitio
1306 1997 1530 2039 subiungebat,
1547 2002 1581 2029 ut
1598 1997 1801 2040 praeinserta
1815 1999 1947 2031 decreta
1957 1985 2095 2037 fissi'fflsfiigii
2104 1986 2142 2027 1)ῗῖ

1213 2051 1246 2082 in
1271 2052 1337 2082 tota
1360 2049 1491 2082 natione
1517 2050 1657 2082 exactius
1691 2056 1880 2091 serventur,
1916 2033 2018 2084 etd¹⁰'⁵'

1214 2103 1448 2136 inviolabiliter
1472 2103 1511 2134 ab
1537 2102 1687 2135 omnibus
1714 2104 1946 2145 observentur,

1215 2160 1247 2188 et
1264 2166 1303 2187 ne
1320 2156 1405 2187 ullae
1431 2155 1639 2197 postmodum
1665 2155 1894 2189 contentiones
1915 2167 1949 2189 o-

1215 2207 1270 2240 riri
1295 2206 1434 2250 possint,
1465 2207 1519 2239 sed
1545 2207 1673 2239 decreta
1697 2207 1764 2250 ipsa
1789 2207 1820 2239 in
1847 2209 1950 2241 omni-

1215 2260 1272 2292 bus
1297 2259 1498 2299 monialium,
1516 2265 1580 2291 tam
1606 2259 1829 2300 Clarissarum,
1848 2260 1950 2294 Urha-

1215 2313 1370 2345 nistarum
1388 2317 1418 2344 et
1435 2312 1703 2353 Collectanarum‚
1720 2323 1815 2355 quam
1840 2313 1950 2356 quovis

1215 2366 1278 2399 alio
1293 2365 1424 2398 nomine
1446 2370 1701 2408 nuncupatarum
1725 2365 1952 2399 monasteriis³

1250 2455 1260 2481 1
1288 2453 1359 2481 Edit.
1385 2453 1463 2480 Main.
1486 2452 1567 2479 habet
1586 2453 1721 2487 expedivi
1744 2461 1793 2489 pro
1812 2453 1952 2488 expeditis

1214 2498 1328 2569 (R-21S-{c
1347 2541 1411 2576 legit
1430 2541 1495 2568 edit.
1516 2541 1598 2568 Main.
1619 2541 1657 2577 (n.
1673 2541 1723 2575 τ.).

1249 2586 1265 2613 3
1285 2585 1354 2612 Edit.
1376 2585 1454 2612 Maiu.
1477 2585 1541 2621 legit
1560 2585 1732 2614 monasterii
1747 2585 1786 2621 (R.
1806 2585 1854 2618 1,).
