2279 3260
246 248 283 273 An
313 247 342 274 c..
363 248 428 276 1675
474 239 537 272 5402

246 341 257 356 c
285 310 392 330 ,numano
415 303 553 331 anentes
584 298 779 340 specialibus
811 298 921 340 gratiis
957 302 988 330 et
1012 297 1171 330 lavoribus

261 342 348 357 θϋθυΙἹὶ.

261 1917 263 1920 ⁴
277 1889 388 1910 moreium
408 1890 434 1910 ii·-

439 350 591 393 prosequi
616 352 778 391 volentcS,
803 359 834 386 et
858 362 968 384 eorum
993 350 1173 391 singulares

438 412 593 444 personas
611 414 627 436 a
646 403 810 447 quibusvis
825 401 1172 441 excommunicatiunis,

437 455 658 497 suspensionis
676 461 707 488 et
724 455 897 495 interdicti,
914 454 1048 497 aliisque
1072 453 1174 486 eccle-

438 506 575 540 siasticis
599 509 778 548 sententiis,
803 508 945 540 censuris
964 512 994 540 et
1016 506 1140 550 poenis,
1158 516 1174 537 a

438 559 509 593 iure
541 562 591 594 vel
623 562 662 593 ab
696 560 842 600 bomine,
869 559 977 603 quavis
1004 558 1174 592 occasione

439 614 488 646 vel
514 616 609 646 causa
634 614 715 653 latis,
742 613 766 645 si
793 613 910 655 quibus
931 612 1177 655 quomodolibet

439 666 614 699 innodatae
630 667 777 706 existunt,
797 666 834 698 ad
855 665 1004 698 etl'cctum
1023 674 1176 708 praesen-

441 718 518 751 tium
557 719 721 752 dumtaxat
751 718 1027 760 consequendum,
1061 717 1175 749 harum

440 770 523 803 serie
542 772 746 803 absolventes
765 776 796 803 et
820 771 985 803 absolutas
1009 770 1076 802 sore
1102 779 1176 801 cen—

440 830 561 864 sentes,
577 835 613 857 ae
637 824 894 868 supradictorum
922 825 1123 857 decretorum
1147 828 1178 855 et

441 878 620 910 litterarum
639 878 889 921 apostolicarum
910 883 1047 917 tenores,
1067 881 1099 908 et
1116 875 1178 907 alia

441 941 666 974 quaecumque
699 931 792 963 etiam
831 930 1015 973 specificam
1043 934 1074 961 et
1098 928 1179 961 indi-

440 1037 613 1080 quirentia‚
634 1037 858 1080 praesentibus
876 1048 935 1080 pro
954 1037 1050 1080 plene
1068 1041 1099 1068 et
1119 1035 1177 1067 sus-

441 1091 587 1123 tieienter
607 1091 770 1134 expressis
797 1091 969 1130 babentes,
995 1088 1177 1122 huiusmodi

329 1150 413 1170 numu-¹·
441 1143 734 1186 supplicationibus
775 1143 944 1182 inclinati,
974 1140 1178 1174 concordiam

442 1196 526 1228 inter
549 1202 658 1238 partes
684 1195 867 1238 praedictas
894 1195 1005 1227 initam
1030 1198 1065 1225 ut
1092 1203 1178 1236 prae-

442 1249 552 1289 fertur,
572 1249 816 1291 confectumque
835 1248 973 1290 desuper
987 1247 1178 1289 scripturam

442 1302 687 1344 praeinsertam,
713 1311 785 1334 eum
817 1300 965 1333 omnibus
994 1305 1026 1332 et
1042 1299 1179 1341 singulis

445 1354 475 1385 in
502 1355 539 1386 ca
563 1353 742 1393 contentis,
770 1353 957 1386 auctoritate
985 1351 1178 1395 apostolica.

444 1412 557 1439 tenore
575 1406 808 1449 praesentium,
827 1404 1053 1437 confirmamus
1072 1409 1104 1436 et
1128 1414 1181 1446 ap-

442 1460 630 1501 probamus,
656 1458 784 1501 illisque
811 1457 1006 1490 inviolabilis
1027 1455 1180 1499 apostoli-

443 1522 497 1544 cae
525 1511 684 1543 firmitatis
700 1511 799 1543 robur
816 1510 992 1550 adiicimus,
1012 1521 1047 1542 ac
1069 1520 1179 1542 omnes

444 1569 475 1596 et
499 1564 643 1606 singulos
662 1563 740 1594 iuris
762 1568 792 1595 et
814 1562 885 1594 faeti
905 1562 1060 1601 desectus,
1083 1561 1109 1594 si
1128 1561 1180 1604 qui

444 1617 584 1659 desuper
598 1615 844 1658 quomodolibet
858 1614 1097 1654 intervenerint,
1109 1624 1182 1657 sup-

443 1670 570 1713 plemus
587 1696 594 1709 ,
622 1673 652 1701 et
688 1668 826 1711 proinde
867 1673 1060 1711 perpetuum
1086 1677 1182 1710 super

443 1721 665 1755 controversia
691 1721 859 1764 praedicta
893 1720 1019 1764 utrique
1045 1720 1181 1763 partium

443 1775 619 1815 silentium,
634 1775 746 1807 eadem
767 1774 967 1813 auctoritate,
994 1774 1106 1806 harum
1131 1784 1182 1807 se-

444 1828 501 1868 rie,
518 1827 729 1871 imponimus.

489 1882 503 1923 g
532 1880 562 1914 3.
590 1880 805 1913 Decernentes
838 1880 966 1913 easdem
996 1885 1183 1923 praesentes

445 1933 569 1966 litteras
594 1944 724 1976 semper
749 1933 868 1973 lirinus,
886 1933 1006 1966 validas
1023 1938 1054 1965 et
1078 1932 1184 1966 effica-

445 1997 498 2019 ces
526 1985 663 2019 existere
689 1990 720 2017 et
745 1986 821 2026 sore,
854 1996 994 2029 suosque
1019 1986 1205 2029 plenarios*

445 2046 477 2072 et
500 2040 648 2082 integros
675 2039 806 2072 effectus
833 2039 943 2073 sortiri
969 2045 1000 2073 et
1024 2040 1182 2079 obtinere,
1203 2073 1204 2079 ,

444 2104 481 2126 ac
506 2092 580 2131 illis,
608 2093 647 2124 ad
669 2103 748 2135 quos
769 2097 897 2135 spectat
913 2098 943 2125 et
960 2103 1021 2136 pro
1036 2097 1182 2136 tempore

447 2146 716 2189 quandocumque
742 2145 913 2187 spectabit,
932 2145 965 2178 in
983 2145 1135 2178 omnibus
1152 2150 1184 2178 et

443 2209 504 2243 per
530 2198 639 2231 onmia
664 2197 850 2240 plenissime
876 2196 1062 2240 suffragari,
1089 2203 1120 2230 et
1144 2198 1182 2231 ab

444 2253 490 2285 eis
522 2251 704 2295 respective
736 2251 969 2284 inviolabiliter
996 2251 1181 2293 observari,

443 2304 555 2347 sicque
589 2304 622 2336 in
659 2304 843 2347 praemissis
875 2315 935 2348 per
960 2314 1182 2349 quoscumque

441 2355 567 2390 iudice<
594 2356 776 2389 ordinarios
802 2361 834 2389 et
860 2357 1046 2400 delegatos,
1085 2358 1205 2403 etiam¹

443 2420 615 2444 causarum
650 2409 760 2451 palatii
796 2410 966 2453 apostolici
996 2411 1180 2453 auditores,

446 2464 579 2497 iudicari
599 2468 631 2495 et
656 2461 782 2495 definiri
802 2463 933 2503 ‹lc-bere,
956 2474 991 2495 ac
1010 2463 1135 2496 irritum
1153 2470 1184 2497 et

447 2517 542 2549 inane
561 2516 585 2548 si
624 2526 717 2547 secus
750 2526 846 2558 svper
872 2515 921 2548 liis
951 2526 968 2548 a
997 2527 1181 2559 quoquam,

447 2568 557 2612 quavis
590 2568 800 2607 auctoritate,
841 2568 983 2601 scienter
1015 2570 1063 2601 vel
1093 2569 1183 2612 igno-

449 2627 577 2662 ranter,
604 2620 775 2664 eontigerit
799 2621 961 2653 attentari.

1020 246 1199 273 mmmmm!
1222 247 1374 274 ROMANUM

1922 255 1924 257 ’
1962 249 2010 275 An.
2028 249 2056 276 C.
2075 249 2142 278 ¹675

1257 296 1272 339 ἓ
1297 297 1327 329 [κ.
1360 296 1429 330 Non
1455 297 1655 332 obstantibus
1686 298 1889 342 praemissis,
1913 308 1950 330 ac
1983 310 2144 332 nonnarum·-

1214 349 1498 384 constitutionibus
1523 357 1555 384 et
1574 351 1833 385 ordinationibus
1857 339 2029 394 apos-‘⁰⁸³²'

1216 401 1332 441 tolicis,
1348 412 1488 443 necnon,
1510 409 1666 447 quatenus
1685 414 1767 447 opus
1788 403 1839 443 sit,
1858 413 1951 446 prae-

1217 454 1355 487 fatorum
1375 454 1531 488 Ordinum
1550 461 1581 489 et
1598 456 1866 499 Congregationis
1884 455 1951 489 Gal-

1216 506 1351 547 licanae,
1378 506 1488 539 aliisve
1521 507 1713 550 quibusvis,
1742 509 1838 541 etiam
1871 508 1953 541 iura-

1216 565 1347 599 mento,
1383 560 1624 594 confirmatione
1647 561 1836 604 apostolica
1853 588 1861 602 ,
1902 562 1953 594 vel

1218 612 1326 654 (plavis
1359 611 1509 645 firmitate
1535 612 1596 646 alia
1620 613 1795 655 roboratis,
1827 614 1953 646 statutis

1217 669 1248 695 et
1272 665 1570 706 consuetudinibus,
1597 666 1774 709 privilegiis
1801 677 1950 710 quoque,

1217 717 1351 750 indultis
1368 722 1399 750 et
1423 718 1539 751 litteris
1563 719 1750 762 apostolicis
1773 719 1806 752 in
1827 726 1953 753 contra-

1217 769 1299 802 rium
1334 771 1584 813 praemissorum
1614 771 1859 814 quomodolibet
1881 783 1955 805 con—

1218 822 1325 863 cessis,
1355 823 1551 856 contirmatis
1577 829 1608 856 et
1635 824 1814 864 innovatis3
1840 823 1955 867 quibus

1220 875 1368 908 omnibus
1402 881 1434 909 et
1465 876 1625 918 singulis,
1657 877 1787 909 illorum
1827 882 1956 909 tenores

1198 928 1447 970 ÷praesentibus
1479 939 1539 972 pro
1567 931 1664 972 plene
1702 934 1734 961 et.
1758 928 1958 962 sufficienter

441 984 570 1017 viduam
595 984 794 1017 mentionem
821 989 849 1016 et
870 983 1112 1027 expressionem
1131 992 1179 1029 ref
1198 982 1199 991 ¹

1220 982 1380 1024 expressis
1398 987 1430 1014 et
1443 982 1481 1015 ad
1496 982 1627 1015 verbnm
1645 982 1775 1014 insertis
1790 981 1956 1022 habentes

1219 1032 1283 1066 illis
1296 1033 1374 1066 alias
1393 1034 1425 1066 in
1442 1045 1499 1067 suo
1517 1034 1635 1067 robore
1655 1025 1876 1078 perniansuris
1889 1060 1896 1074 ,
1919 1034 1958 1066 ad

1220 1086 1472 1128 praemissorum
1497 1086 1660 1128 effectum,
1688 1088 1749 1119 liae
1773 1086 1841 1120 vice
1867 1087 1958 1119 dum-

1221 1144 1313 1179 taxat,
1333 1139 1515 1182 specialiter
1532 1145 1563 1172 et
1581 1149 1731 1183 expresse
1749 1140 1955 1182 derogamus,

1221 1193 1402 1235 ceterisque
1429 1193 1600 1225 contrariis
1625 1192 1894 1235 quibuscumque.

1264 1245 1278 1287 ἓ
1307 1244 1338 1277 5.
1369 1245 1523 1278 Volumus
1558 1250 1664 1278 autem
1703 1250 1739 1277 ut
1768 1245 1955 1277 earumdem
2001 1256 2154 1287 rrqnmmpio-

1221 1297 1444 1339 praesentium
1460 1297 1642 1330 litterarum
1663 1297 1883 1340 transumptis,
1901 1308 1955 1329 seu
1967 1289 2012 1304 ‘⁰⁰'
2029 1284 2088 1303 '¹³⁶⁵'

1222 1349 1388 1392 exemplis,
1407 1350 1503 1382 etiam
1518 1349 1696 1393 impressis,
1712 1360 1807 1382 mann
1823 1349 1957 1382 alieuius

1223 1401 1339 1434 notarii
1357 1402 1478 1445 publici
1497 1402 1696 1445 subscriptis,
1717 1407 1749 1435 et
1765 1402 1872 1444 sigillo
1889 1413 1958 1446 per-

1223 1465 1321 1487 sonae
1340 1455 1372 1487 in
1391 1455 1611 1488 ecclesiastica
1629 1455 1785 1498 dignitate
1807 1456 1962 1488 constitu-

1225 1513 1273 1539 tae
1288 1507 1430 1548 munitis,
1447 1509 1559 1541 eadem
1582 1519 1712 1551 prorsus
1737 1507 1861 1541 fides-in
1880 1509 1961 1541 iudi-

1201 1598 1203 1602 ,
1224 1560 1274 1593 cio
1293 1565 1323 1592 et
1344 1567 1431 1593 extra
1455 1561 1534 1594 illud
1561 1561 1729 1602 habeatur,
1755 1572 1836 1604 quae
1862 1561 1961 1594 habe-

1225 1618 1314 1646 retur
1339 1614 1416 1656 ipsis
1438 1615 1664 1657 praesentibus
1688 1615 1714 1647 si
1739 1615 1845 1647 forent
1871 1614 1961 1646 exhi-

1224 1665 1310 1698 bitae
1331 1667 1381 1699 vel
1407 1672 1570 1700 ostensae.
1951 1686 1953 1688 ·

1268 1720 1380 1753 Datum
1405 1720 1540 1762 Romae,
1574 1721 1658 1764 apud
1687 1720 1718 1754 S.
1745 1720 1876 1753 Mariam
1903 1720 1961 1753 Ma-

1226 1774 1346 1813 iorem,
1383 1774 1441 1806 sub
1467 1774 1586 1807 annulo
1609 1774 1784 1807 piscatoris
1801 1801 1808 1814 ,
1845 1774 1896 1806 die
1923 1784 1961 1806 xx

1228 1826 1381 1872 februarii
1419 1836 1588 1867 iinCLxxv,
1614 1826 1821 1870 pontificatus
1857 1826 1960 1859 nostri

1227 1891 1310 1913 anno
1335 1891 1364 1913 V.

1620 1923 1644 1956 Ι.
1667 1922 1702 1956 G.
1730 1923 1869 1957 SLusirs.

1261 1976 1319 2013 oin,
1337 1986 1380 2013 die
1395 1986 1429 2012 ‘20
1444 1985 1574 2012 februarii
1596 1985 1674 2020 1675,
1696 1985 1791 2020 pontif.
1808 1993 1878 2012 anno
1898 1992 1923 2011 v,

1260 2048 1425 2083 Regislrala
1444 2049 1475 2076 in
1495 2048 1573 2076 δεον.
1595 2048 1623 2074 in
1640 2047 1689 2074 lib.
1706 2047 1841 2075 Brevium
1857 2046 1960 2073 mensis

1224 2093 1376 2127 februarii.

1504 2224 1670 2258 CLXXVII.

1228 2304 1435 2347 Confirmatio
1481 2303 1599 2337 decreti
1632 2304 1961 2338 em{nentissimorum

1269 2358 1493 2391 cardinalium
1540 2358 1668 2401 colleqfi
1710 2358 1896 2391 Germanici
1932 2363 1961 2391 et

1268 2411 1455 2454 Hunyarz'ci
1482 2411 1519 2443 de
1551 2411 1629 2443 Vrbe
1659 2415 1892 2454 protectorum,
1923 2415 1960 2444 ut

1269 2465 1477 2509 imposterum
1504 2464 1629 2505 nullus,
1657 2465 1704 2497 rel
1728 2466 1888 2498 convictor
1911 2465 1961 2498 vel

1269 2517 1443 2557 alumnus,
1474 2518 1653 2560 recipiatur
1683 2518 1717 2550 in
1743 2517 1865 2550 dictum
1889 2517 1957 2551 col-

1270 2570 1401 2613 lcqimn,
1425 2570 1483 2613 qui
1506 2579 1569 2603 mm
1597 2570 1709 2603 habeat
1730 2570 1902 2615 qualitates
1924 2571 1960 2604 in

1269 2622 1355 2655 dicut
1382 2623 1478 2655 Bulla
1504 2633 1675 2666 expressas.
