2279 3260
291 285 338 310 An.
357 284 384 310 C.
409 285 474 311 low

519 276 561 308 ⁴.)ss

483 332 530 371 tis,
546 333 752 375 generalibus
771 335 818 367 vel
836 334 1039 376 specialibus,
1061 333 1216 366 constitu—

483 386 623 419 tionibus
657 392 687 419 et
709 387 978 425 ordinationibus,
1001 396 1128 419 necnon
1144 385 1217 426 legi-

481 438 553 479 bus,
567 439 664 472 etiam
678 440 899 483 inip‹.¹.rialil)us
915 445 945 471 et
958 437 1216 480 municipalibus,

483 496 547 524 tam
572 492 664 524 Urbis
702 504 797 535 quam
833 492 965 524 aliarum
998 491 1158 522 civitatum
1187 493 1218 521 et

483 545 629 577 locorum
648 546 679 577 in
698 545 811 587 quibus
828 544 910 576 cives
934 542 1098 585 originarii
1119 541 1217 574 creati

484 597 628 635 existitis,
643 602 675 629 et
700 597 883 640 (piarumvis
910 595 1132 633 ecelesiarum,
1152 604 1219 626 mo-
1239 634 1240 639 1

484 650 712 689 misteriorum,
727 649 879 682 Ordinum
900 653 932 680 et
949 647 1118 690 hospitalis
1132 657 1219 690 prae·

484 701 656 741 dictorum,
667 712 793 734 necnon
808 700 994 743 quorumvis
1005 700 1219 741 collegiorum

484 759 516 786 et
536 754 713 786 officiorum
733 753 835 785 dictae
854 752 962 785 curiae
981 757 1013 784 et
1030 762 1217 793 laffgnornm,

483 807 722 849 provinciarum
749 812 780 839 et
805 806 906 845 Urbis,
932 816 966 837 ac
992 804 1125 837 aliarum
1150 804 1220 836 civi-

485 865 583 892 tatum
617 865 649 892 et
676 860 839 898 locorum,
867 869 902 890 ac
926 868 1071 890 camerae
1096 857 1220 900 praedi-

483 918 616 951 ctorum,
642 912 736 945 etiam
761 912 951 950 iuramento⁷
974 910 1218 943 confirmatione

484 967 668 1008 apostoliea,
695 967 743 998 vel
768 965 878 1008 quavis
902 964 1052 997 firmitate
1077 964 1138 996 alia
1162 974 1216 995 ro—

484 1018 617 1058 boratis,
644 1018 769 1051 statutis
791 1023 822 1051 et
839 1016 1138 1056 consuetudinibus,
1156 1021 1220 1048 sta-

484 1071 673 1111 bilimentis,
698 1071 809 1103 usibus
834 1076 866 1103 et
890 1070 1022 1110 naturis,
1041 1069 1165 1102 etiamsi
1181 1069 1218 1101 de

484 1124 548 1157 illis
573 1124 739 1157 servandis
767 1129 798 1156 et
823 1134 886 1156 non
912 1122 1122 1165 impetrandis
1142 1122 1219 1154 litte-

484 1177 528 1209 ris
554 1176 739 1219 apostolicis
765 1181 877 1208 contra
902 1186 951 1215 ea,
977 1186 1037 1208 nec
1061 1175 1155 1207 etiam
1181 1175 1219 1206 ab

485 1229 548 1262 alio
573 1231 623 1262 vel
657 1229 727 1262 aliis
753 1228 932 1271 impetratis
959 1232 1013 1260 aut
1037 1228 1114 1260 alias
1143 1237 1220 1269 quo-

485 1282 665 1315 modolibet
678 1281 846 1314 >concessis
874 1281 1004 1319 utendo,
1020 1291 1073 1312 vos
1091 1290 1148 1322 per
1164 1290 1219 1311 vos

486 1336 533 1367 vel
570 1340 795 1377 procuratores
831 1339 953 1366 vestros
994 1332 1220 1375 praestiteritis

484 1388 595 1419 forsan
632 1388 788 1420 hactenus
822 1388 871 1420 vel
903 1397 959 1418 vos
990 1386 1022 1418 in
1054 1390 1219 1428 posterum

484 1445 651 1482 praestare
677 1439 851 1481 eontigerit
874 1439 1102 1477 iuramentum,
1128 1437 1221 1480 privi-

485 1493 577 1535 legiis
595 1503 736 1535 quoque,
757 1492 890 1525 indultis
909 1497 940 1524 et
959 1491 1075 1524 litteris
1094 1495 1221 1533 apesto-

484 1545 563 1584 lieis,
590 1545 682 1578 dictis
709 1545 865 1584 ecclesiis,
891 1544 1110 1584 monasteriis,
1136 1543 1220 1576 Ordi-

484 1599 579 1630 nibus
602 1603 634 1630 et
651 1597 892 1640 hospitatitms'‚
918 1598 1108 1639 illorumque
1128 1607 1221 1639 prae-

485 1651 609 1683 sulibus
637 1661 692 1683 sen
721 1650 1036 1683 administratoribus
1066 1654 1097 1682 et
1127 1660 1222 1692 snpe-

485 1703 642 1743 rioribus,
669 1714 705 1735 ac
729 1702 902 1745 magistris,
929 1702 1218 1745 praeceptoribus,

485 1756 663 1799 prioribus,
686 1756 844 1788 militibus
870 1755 967 1787 etiam
991 1755 1145 1795 antianis,
1172 1766 1222 1787 ca-

486 1809 606 1852 pitulis,
631 1809 854 1848 conventibus,
872 1808 1054 1841 civitatibus
1075 1815 1106 1841 et
1130 1809 1220 1849 locis,

486 1862 621 1905 aliisque
648 1861 832 1905 praedictis,
858 1862 989 1894 illorum
1015 1863 1222 1895 communita-

488 1915 570 1947 tibus
597 1920 627 1947 et
651 1914 927 1954 universitatibus,
952 1915 1089 1958 aliisque
1110 1926 1222 1958 perso-

487 1967 544 2007 nis,
560 1967 655 1999 etiam
673 1966 932 2010 particularibus,
950 1978 1078 1999 necnon
1096 1968 1222 2001 archie-

486 2020 627 2062 piscopis
643 2046 650 2059 ,
675 2019 835 2062 episcopis
867 2025 899 2052 et
929 2020 999 2053 aliis
1023 2019 1219 2061 Ordinarfis,

487 2072 585 2105 etiam
617 2073 740 2105 eisdem
771 2072 992 2104 cardinalibus
1011 2100 1018 2113 ‚
1050 2084 1085 2105 ac
1117 2074 1221 2106 dictae

487 2125 595 2158 curiae
620 2125 824 2165 officialibus,
848 2125 1041 2167 illorumque
1067 2127 1221 2168 collegiis,

487 2188 523 2210 ac
547 2178 642 2210 etiarn
671 2177 888 2218 decimarum,
914 2178 1142 2220 pedagiorum,
1169 2190 1220 2221 ga-

486 2230 645 2262 bellarum
670 2235 702 2262 et
725 2240 860 2262 onerum
885 2230 1086 2262 exactoribus
1112 2237 1144 2263 et
1167 2243 1221 2274 ap-

486 2282 700 2326 paltatoribus
726 2287 756 2315 ct
781 2283 915 2315 aliorum
940 2293 1074 2315 onerum
1099 2284 1221 2316 redem-

487 2335 644 2379 ptoribus,
659 2335 719 2367 sub
735 2335 992 2378 quibuscumque
1010 2337 1176 2369 tenoribus
1191 2343 1219 2369 et

489 2388 605 2428 timuis,
632 2399 667 2420 ae
691 2399 761 2420 cnm
787 2388 951 2431 quibusvis
970 2389 1066 2421 etiam
1085 2390 1219 2432 deroga-

488 2442 642 2474 toriarum
668 2441 890 2483 derogatoriis,
910 2441 1043 2484 aliisque
1066 2442 1221 2475 efficacio-

487 2496 573 2526 ribus
598 2499 630 2526 et
654 2494 790 2527 insolitis
816 2495 978 2531 clausulis.
1006 2506 1042 2526 ac
1067 2495 1221 2528 irritanti-

487 2548 545 2579 bus
570 2552 602 2580 et
627 2547 698 2579 aliis
732 2546 891 2587 decretis⁷
920 2558 976 2588 per
1001 2558 1219 2590 quoscumque

487 2600 647 2633 Romanos
674 2599 842 2632 Pontifices
867 2600 1134 2642 praedecessores
1164 2612 1221 2634 no-

523 2664 533 2688 1
556 2661 647 2697 Aptius
667 2661 725 2695 tege.
744 2661 882 2697 hospitali*
901 2666 940 2694 (n.
960 2662 1009 2694 T.).

1061 286 1237 310 nt'LLJtnitsstu
1263 286 1411 309 notamini

1236 334 1238 351 ¹
1259 337 1356 371 stros,
1372 343 1406 363 ac
1422 332 1517 364 etiam
1532 342 1590 363 nos
1606 337 1637 364 et
1652 332 1766 365 Sedem
1784 332 1994 376 praedictam,

1260 384 1354 417 etiam
1379 383 1658 425 consistorialiter,
1685 390 1717 417 et
1741 386 1780 418 de
1809 386 1996 418 eorumdem

1259 436 1470 469 cardinalium
1495 437 1640 477 consilio,
1665 438 1761 470 etiam
1782 448 1839 480 per
1863 438 1995 470 modum

1259 489 1369 521 statuti
1390 494 1422 522 et
1445 490 1683 523 constitutionis
1701 495 1942 533 perpetuorum,
1960 500 1996 521 ac

1261 547 1349 574 motu
1374 547 1404 575 et
1428 542 1561 575 scientia
1586 543 1761 583 simililms,
1789 543 1894 585 deque
1919 553 1996 585 apo-

1260 594 1394 627 stolicae
1425 595 1594 637 potestatis
1630 595 1853 638 plenitudine,
1881 596 1930 628 vel
1955 595 1995 628 ad

1260 646 1474 689 imperatoris,
1501 658 1625 690 regum,
1652 647 1848 689 reginarum,
1866 648 1996 687 ducum,

1261 699 1484 732 marchionum
1515 705 1547 732 et
1581 699 1717 732 aliorum
1742 700 1923 743 principum
1948 699 1997 731 in—

1261 752 1421 791 stantiam,
1438 763 1492 785 seu
1510 753 1640 785 illorum
1658 752 1944 795 contemplatione,
1963 752 1995 784 in

1262 816 1382 846 genere
1400 806 1448 838 vel
1474 805 1506 836 in
1524 804 1642 847 specie,
1666 814 1701 836 ac
1719 804 1796 836 alias
1818 804 1998 846 quomodo-

1262 858 1341 890 libet
1371 858 1468 889 etiam
1505 857 1628 889 iteratis
1657 856 1779 888 vicibus
1811 855 1995 896 concessis,

1262 911 1385 943 etiamsi
1410 910 1441 943 in
1467 911 1567 943 cisae
1594 902 1721 942 statutis
1747 914 1779 941 et
1795 908 1999 950 ,stabilimen-

1263 963 1301 995 tis
1325 962 1499 1005 praedictis
1525 967 1675 995 caveatur
1701 971 1854 1004 expresse
1880 962 1929 993 vel
1956 965 2000 992 ta-

1262 1016 1332 1055 cite,
1359 1016 1445 1058 qnod
1471 1015 1562 1048 Urbis
1580 1015 1642 1047 nisi
1672 1014 1856 1057 originariis
1877 1013 1998 1046 civibus

1262 1068 1422 1108 Romanis,
1442 1079 1477 1100 ac
1496 1068 1612 1100 civium
1628 1068 1815 1100 eorumdem
1832 1066 1906 1099 filiis
1925 1077 2000 1098 con-

1263 1122 1427 1161 serantur,
1453 1121 1603 1164 quodque
1637 1121 1868 1153 nonnullarum
1897 1121 1999 1153 ecele-

1262 1175 1381 1207 siarum
1398 1173 1555 1207 benesscia
1582 1174 1643 1206 nisi
1668 1184 1726 1216 per
1750 1183 1906 1217 personas
1931 1173 1999 1206 illu-

1262 1234 1342 1259 stres
1372 1228 1422 1260 vel
1447 1227 1592 1267 nobileS,
1619 1237 1655 1258 ae
1679 1226 1776 1259 etiam
1802 1225 1998 1267 originarios

1263 1280 1366 1319 cives,
1392 1284 1447 1311 aut
1471 1280 1549 1312 alias
1568 1284 1655 1311 certo
1680 1279 1776 1311 modo
1801 1278 1833 1310 in
1858 1277 1922 1310 illis
1948 1288 2000 1310 ex-

1263 1343 1375 1375 presso
1395 1331 1604 1375 qualificatos,
1623 1331 1763 1363 obtineri
1782 1341 1846 1363 non
1864 1331 1998 1373 possint,

1264 1391 1295 1418 et
1319 1385 1400 1418 nulli
1425 1385 1509 1417 cives
1534 1384 1627 1417 Urbis
1649 1395 1684 1416 ac
1710 1383 1884 1423 civitatum,
1910 1384 2001 1427 oppi-

1263 1439 1387 1478 dorum,
1406 1443 1563 1470 terrarum
1590 1442 1622 1470 et
1646 1438 1791 1470 locorum
1816 1436 1999 1470 huiusmodi

1264 1490 1398 1530 admitti,
1423 1501 1479 1522 seu
1505 1491 1637 1522 illorum
1662 1489 1838 1532 privilegiis
1862 1490 1907 1522 uti
1932 1500 2002 1532 pos-

1263 1542 1334 1582 sint,
1351 1542 1411 1574 nisi
1437 1541 1526 1584 prius
1550 1541 1583 1573 in
1609 1541 1700 1574 dictis
1726 1541 1921 1582 civitatibus,
1943 1552 2001 1585 op-

1264 1595 1356 1638 pidis,
1383 1594 1475 1626 terris
1500 1599 1531 1627 et
1551 1594 1630 1627 loeis
1648 1605 1706 1637 per
1731 1599 1855 1627 certum
1875 1599 2000 1638 tempus

1266 1648 1502 1688 habitaverint,
1537 1658 1593 1680 seu
1629 1648 1726 1680 etiam
1755 1648 1788 1679 in
1820 1647 1883 1680 illis
1915 1649 2002 1681 bona

1265 1702 1362 1735 etiam
1378 1701 1506 1734 stabilia
1529 1701 1636 1733 forsan
1654 1701 1693 1733 ad
1719 1706 1841 1733 certum
1859 1702 2001 1734 valorem

1264 1755 1472 1788 ascendentia
1496 1755 1712 1797 possederint,
1733 1755 1885 1797 quodque
1910 1765 2002 1798 prae-

1265 1808 1428 1852 ceptoriae
1453 1814 1485 1840 et
1509 1808 1571 1840 alia
1595 1807 1754 1840 beneficia
1780 1818 2000 1850 quaecumque

1265 1862 1342 1895 dieti
1368 1861 1546 1904 hospitalis,
1568 1866 1631 1893 tam
1649 1871 1686 1893 ex
1705 1860 1772 1893 eius
1798 1860 2000 1893 institutione

1265 1926 1359 1958 quam
1384 1925 1421 1947 ex
1446 1914 1743 1947 stabilimentorum
1761 1913 2000 1956 praedictorum

1265 1968 1488 2011 dispositione,
1514 1966 1729 2010 pensionibus
1748 1966 1875 1998 clericis
1893 1977 2001 1999 saecu-

1264 2022 1386 2054 laribus
1412 2025 1443 2053 et
1467 2021 1537 2053 aliis
1562 2019 1710 2063 personis
1742 2019 1837 2052 etiam
1870 2025 2002 2063 aposto-

1264 2074 1326 2107 liea
1350 2073 1537 2106 auctoritate
1563 2072 1768 2105 reservandis
1794 2072 1916 2114 gravari
1934 2083 1999 2105 non

1264 2126 1399 2170 possint,
1427 2126 1577 2169 quodque
1602 2125 1846 2165 stabilimentis,
1872 2124 2001 2168 privile-

1265 2180 1324 2222 giis
1360 2178 1554 2222 praedictis,
1591 2178 1686 2211 etiam
1721 2178 1830 2220 vigore
1863 2178 2001 2221 implici-

1266 2238 1313 2265 tae
1336 2231 1557 2273 derogationis
1583 2230 1738 2263 latissime
1765 2231 1997 2271 extendendae,

1265 2285 1359 2317 etiam
1375 2295 1435 2328 per
1453 2294 1671 2327 quascumque
1697 2283 1819 2316 litteras
1843 2285 1999 2326 apostoli-

1263 2348 1315 2370 cas
1336 2342 1367 2370 et
1391 2337 1500 2380 quavis
1525 2337 1621 2369 etiam
1647 2337 1928 2379 derogatoriarnm
1949 2338 1999 2370 de-

1264 2390 1452 2433 rogatorias,
1479 2390 1676 2422 efficaciores
1696 2395 1726 2422 et
1750 2390 1897 2423 insolitas
1916 2392 2000 2424 clau-

1263 2445 1359 2484 sulas,
1381 2442 1530 2485 derogari
1556 2453 1622 2475 non
1646 2443 1758 2486 possit,
1783 2454 1843 2476 nec
1866 2444 2000 2486 deroga-

1264 2503 1328 2530 tum
1346 2502 1516 2529 censeatur
1533 2496 1594 2529 nisi
1619 2497 1787 2539 derogatio
1813 2497 1999 2530 huiusmodi

1263 2551 1301 2583 de
1320 2550 1454 2582 consilio
1475 2550 1689 2582 cardinalium
1715 2551 1902 2582 eorumdem
1927 2550 1997 2590 fiat,

1241 2608 1295 2647 ¹ct
1326 2608 1391 2633 tuin
1427 2602 1554 2634 demum
1587 2602 1729 2644 magistri
1766 2608 1797 2635 et
1825 2609 1999 2636 conventus

1240 2649 1501 2698 ³,prmwelietiirum
1534 2655 1572 2687 ad
1603 2654 1635 2687 id
1666 2655 1799 2688 accedat
1829 2666 1998 2698 assensus,

1998 285 2049 311 An.
2068 285 2097 312 C.
2121 287 2188 313 1070
