<?xml version="1.0" encoding="UTF-8"?>
<!DOCTYPE html PUBLIC "-//W3C//DTD XHTML 1.0 Transitional//EN"
    "http://www.w3.org/TR/xhtml1/DTD/xhtml1-transitional.dtd">
<html xmlns="http://www.w3.org/1999/xhtml" xml:lang="en" lang="en">
 <head>
  <title>
</title>
<meta http-equiv="Content-Type" content="text/html;charset=utf-8" />
  <meta name='ocr-system' content='tesseract 3.04.00' />
  <meta name='ocr-capabilities' content='ocr_page ocr_carea ocr_par ocr_line ocrx_word'/>
</head>
<body>
  <div class='ocr_page' id='page_1' title='image "./bullarumdiplomat18cath_0096.png"; bbox 0 0 2279 3260; ppageno 0'>
   <div class='ocr_carea' id='block_1_1' title="bbox 242 243 1950 562">
    <p class='ocr_par' dir='ltr' id='par_1_1' title="bbox 242 243 1950 562">
     <span class='ocr_line' id='line_1_1' title="bbox 242 243 1369 279; baseline -0.002 0"><span class='ocrx_word' id='word_1_1' title='bbox 242 254 290 279; x_wconf 81' lang='grc' dir='ltr'>Αη.</span> <span class='ocrx_word' id='word_1_2' title='bbox 307 253 333 278; x_wconf 75' lang='grc' dir='ltr'>Γ..</span> <span class='ocrx_word' id='word_1_3' title='bbox 359 253 424 279; x_wconf 57' lang='grc' dir='ltr'>ιιι-ιιι</span> <span class='ocrx_word' id='word_1_4' title='bbox 470 243 511 277; x_wconf 76' lang='lat'>58</span> <span class='ocrx_word' id='word_1_5' title='bbox 1016 253 1195 277; x_wconf 58' lang='lat' dir='ltr'>numanum</span> <span class='ocrx_word' id='word_1_6' title='bbox 1219 253 1369 277; x_wconf 62' lang='lat' dir='ltr'>noitwt&#39;n</span> 
     </span>
     <span class='ocr_line' id='line_1_2' title="bbox 435 299 1946 348; baseline 0.001 -16"><span class='ocrx_word' id='word_1_7' title='bbox 435 306 539 333; x_wconf 84' lang='lat' dir='ltr'>tamen</span> <span class='ocrx_word' id='word_1_8' title='bbox 565 300 789 333; x_wconf 73' lang='lat' dir='ltr'>consessiones</span> <span class='ocrx_word' id='word_1_9' title='bbox 811 299 961 333; x_wconf 79' lang='lat' dir='ltr'>audiendi</span> <span class='ocrx_word' id='word_1_10' title='bbox 984 300 1169 333; x_wconf 79' lang='lat' dir='ltr'>facultatem</span> <span class='ocrx_word' id='word_1_11' title='bbox 1189 327 1191 348; x_wconf 36' lang='lat' dir='ltr'>y</span> <span class='ocrx_word' id='word_1_12' title='bbox 1212 311 1281 332; x_wconf 83' lang='lat' dir='ltr'>esse</span> <span class='ocrx_word' id='word_1_13' title='bbox 1308 301 1345 332; x_wconf 87' lang='grc' dir='ltr'>ιιιι</span> <span class='ocrx_word' id='word_1_14' title='bbox 1372 302 1658 344; x_wconf 87' lang='lat' dir='ltr'>metropolitanum</span> <span class='ocrx_word' id='word_1_15' title='bbox 1690 301 1946 346; x_wconf 77' lang='lat' dir='ltr'>provocandum,</span> 
     </span>
     <span class='ocr_line' id='line_1_3' title="bbox 433 352 1949 397; baseline -0.001 -10"><span class='ocrx_word' id='word_1_16' title='bbox 433 354 582 387; x_wconf 86' lang='lat' dir='ltr'>omnibus</span> <span class='ocrx_word' id='word_1_17' title='bbox 608 353 703 386; x_wconf 82' lang='lat' dir='ltr'>simul</span> <span class='ocrx_word' id='word_1_18' title='bbox 730 354 822 386; x_wconf 86' lang='lat' dir='ltr'>unius</span> <span class='ocrx_word' id='word_1_19' title='bbox 848 358 1023 386; x_wconf 85' lang='lat' dir='ltr'>conventus</span> <span class='ocrx_word' id='word_1_20' title='bbox 1049 353 1169 393; x_wconf 68' lang='lat' dir='ltr'>regula·</span> <span class='ocrx_word' id='word_1_21' title='bbox 1189 353 1190 357; x_wconf 77' lang='grc'>’</span> <span class='ocrx_word' id='word_1_22' title='bbox 1212 352 1278 391; x_wconf 88' lang='lat' dir='ltr'>scd,</span> <span class='ocrx_word' id='word_1_23' title='bbox 1296 363 1365 384; x_wconf 89' lang='lat' dir='ltr'>cum</span> <span class='ocrx_word' id='word_1_24' title='bbox 1387 353 1455 385; x_wconf 83' lang='lat' dir='ltr'>eius</span> <span class='ocrx_word' id='word_1_25' title='bbox 1479 354 1520 386; x_wconf 91' lang='lat' dir='ltr'>sit</span> <span class='ocrx_word' id='word_1_26' title='bbox 1543 354 1763 397; x_wconf 83' lang='lat' dir='ltr'>interpretari,</span> <span class='ocrx_word' id='word_1_27' title='bbox 1783 354 1873 386; x_wconf 85' lang='lat' dir='ltr'>cuius</span> <span class='ocrx_word' id='word_1_28' title='bbox 1899 358 1949 386; x_wconf 84' lang='lat' dir='ltr'>cst</span> 
     </span>
     <span class='ocr_line' id='line_1_4' title="bbox 433 403 1950 451; baseline 0.001 -14"><span class='ocrx_word' id='word_1_29' title='bbox 433 406 521 437; x_wconf 79' lang='lat' dir='ltr'>ribus</span> <span class='ocrx_word' id='word_1_30' title='bbox 547 406 789 438; x_wconf 74' lang='lat' dir='ltr'>confessoribus</span> <span class='ocrx_word' id='word_1_31' title='bbox 822 405 917 437; x_wconf 67' lang='lat' dir='ltr'>ailimi</span> <span class='ocrx_word' id='word_1_32' title='bbox 951 405 989 436; x_wconf 88' lang='lat' dir='ltr'>ab</span> <span class='ocrx_word' id='word_1_33' title='bbox 1015 403 1169 446; x_wconf 84' lang='lat' dir='ltr'>episeopo</span> <span class='ocrx_word' id='word_1_34' title='bbox 1189 442 1191 451; x_wconf 33' lang='lat'><strong>⁴</strong></span> <span class='ocrx_word' id='word_1_35' title='bbox 1211 404 1370 445; x_wconf 81' lang='lat' dir='ltr'>condere,</span> <span class='ocrx_word' id='word_1_36' title='bbox 1397 405 1557 438; x_wconf 84' lang='lat' dir='ltr'>dictorum</span> <span class='ocrx_word' id='word_1_37' title='bbox 1579 407 1823 449; x_wconf 78' lang='lat' dir='ltr'>privilegiorum</span> <span class='ocrx_word' id='word_1_38' title='bbox 1848 406 1950 439; x_wconf 87' lang='lat' dir='ltr'>inter-</span> 
     </span>
     <span class='ocr_line' id='line_1_5' title="bbox 431 457 1947 503; baseline 0 -12"><span class='ocrx_word' id='word_1_39' title='bbox 431 459 611 491; x_wconf 68' lang='lat' dir='ltr'>inconsulta</span> <span class='ocrx_word' id='word_1_40' title='bbox 648 458 728 491; x_wconf 79' lang='lat' dir='ltr'>Sede</span> <span class='ocrx_word' id='word_1_41' title='bbox 766 458 948 502; x_wconf 76' lang='lat' dir='ltr'>Apostolica</span> <span class='ocrx_word' id='word_1_42' title='bbox 984 457 1168 489; x_wconf 82' lang='lat' dir='ltr'>nullatenus</span> <span class='ocrx_word' id='word_1_43' title='bbox 1213 457 1424 498; x_wconf 84' lang='lat' dir='ltr'>pretationem</span> <span class='ocrx_word' id='word_1_44' title='bbox 1457 458 1549 491; x_wconf 85' lang='lat' dir='ltr'>Sedis</span> <span class='ocrx_word' id='word_1_45' title='bbox 1580 459 1783 503; x_wconf 82' lang='lat' dir='ltr'>Apostolicae</span> <span class='ocrx_word' id='word_1_46' title='bbox 1817 458 1947 499; x_wconf 85' lang='lat' dir='ltr'>iudicio,</span> 
     </span>
     <span class='ocr_line' id='line_1_6' title="bbox 431 492 1947 562; baseline 0 -19"><span class='ocrx_word' id='word_1_47' title='bbox 431 522 537 554; x_wconf 74' lang='lat' dir='ltr'>posse.</span> <span class='ocrx_word' id='word_1_48' title='bbox 554 511 594 543; x_wconf 76' lang='lat' dir='ltr'>Ex</span> <span class='ocrx_word' id='word_1_49' title='bbox 613 511 822 549; x_wconf 78' lang='lat' dir='ltr'>sacultatibus,</span> <span class='ocrx_word' id='word_1_50' title='bbox 838 521 897 553; x_wconf 74' lang='lat' dir='ltr'>per</span> <span class='ocrx_word' id='word_1_51' title='bbox 911 519 999 541; x_wconf 76' lang='lat' dir='ltr'>mare</span> <span class='ocrx_word' id='word_1_52' title='bbox 1013 518 1168 551; x_wconf 73' lang='lat' dir='ltr'>maynum</span> <span class='ocrx_word' id='word_1_53' title='bbox 1188 492 1192 562; x_wconf 59' lang='grc' dir='ltr'>ι</span> <span class='ocrx_word' id='word_1_54' title='bbox 1211 513 1306 550; x_wconf 88' lang='lat' dir='ltr'>prout</span> <span class='ocrx_word' id='word_1_55' title='bbox 1331 509 1408 541; x_wconf 75' lang='lat' dir='ltr'>alias</span> <span class='ocrx_word' id='word_1_56' title='bbox 1431 510 1662 544; x_wconf 83' lang='lat' dir='ltr'>constitutione</span> <span class='ocrx_word' id='word_1_57' title='bbox 1688 511 1947 555; x_wconf 76' lang='lat' dir='ltr'>praedecessoris</span> 
     </span>
    </p>
   </div>
   <div class='ocr_carea' id='block_1_2' title="bbox 1956 253 2140 282">
    <p class='ocr_par' dir='ltr' id='par_1_2' title="bbox 1956 253 2140 282">
     <span class='ocr_line' id='line_1_7' title="bbox 1956 253 2140 282; baseline 0.011 -2"><span class='ocrx_word' id='word_1_58' title='bbox 1956 253 2006 280; x_wconf 80' lang='lat' dir='ltr'>An.</span> <span class='ocrx_word' id='word_1_59' title='bbox 2019 253 2048 280; x_wconf 87' lang='lat' dir='ltr'>G.</span> <span class='ocrx_word' id='word_1_60' title='bbox 2074 253 2140 282; x_wconf 70' lang='lat'><strong>1670</strong></span> 
     </span>
    </p>
   </div>
   <div class='ocr_carea' id='block_1_3' title="bbox 238 1256 421 1304">
    <p class='ocr_par' dir='ltr' id='par_1_3' title="bbox 238 1256 421 1304">
     <span class='ocr_line' id='line_1_8' title="bbox 281 1256 421 1277; baseline 0 -1"><span class='ocrx_word' id='word_1_61' title='bbox 281 1257 309 1277; x_wconf 75' lang='lat' dir='ltr'>De</span> <span class='ocrx_word' id='word_1_62' title='bbox 335 1256 421 1277; x_wconf 70' lang='lat' dir='ltr'>casibus</span> 
     </span>
     <span class='ocr_line' id='line_1_9' title="bbox 238 1286 361 1304; baseline 0 0"><span class='ocrx_word' id='word_1_63' title='bbox 238 1286 361 1304; x_wconf 63' lang='lat' dir='ltr'>reservam.</span> 
     </span>
    </p>
   </div>
   <div class='ocr_carea' id='block_1_4' title="bbox 428 561 1190 1339">
    <p class='ocr_par' dir='ltr' id='par_1_4' title="bbox 428 561 1169 1236">
     <span class='ocr_line' id='line_1_10' title="bbox 431 561 1169 606; baseline -0.005 -10"><span class='ocrx_word' id='word_1_64' title='bbox 431 564 531 597; x_wconf 77' lang='lat' dir='ltr'>aliave</span> <span class='ocrx_word' id='word_1_65' title='bbox 558 564 726 606; x_wconf 75' lang='lat' dir='ltr'>privilegia</span> <span class='ocrx_word' id='word_1_66' title='bbox 753 563 955 604; x_wconf 51' lang='lat' dir='ltr'>regularibus</span> <span class='ocrx_word' id='word_1_67' title='bbox 988 561 1169 593; x_wconf 77' lang='lat' dir='ltr'>cuiuscum-</span> 
     </span>
     <span class='ocr_line' id='line_1_11' title="bbox 432 613 1168 659; baseline -0.001 -13"><span class='ocrx_word' id='word_1_68' title='bbox 432 628 494 659; x_wconf 79' lang='lat' dir='ltr'>que</span> <span class='ocrx_word' id='word_1_69' title='bbox 508 616 646 655; x_wconf 77' lang='lat' dir='ltr'>Ordinis,</span> <span class='ocrx_word' id='word_1_70' title='bbox 661 615 793 648; x_wconf 81' lang='lat' dir='ltr'>instituti</span> <span class='ocrx_word' id='word_1_71' title='bbox 814 620 864 647; x_wconf 79' lang='lat' dir='ltr'>aut</span> <span class='ocrx_word' id='word_1_72' title='bbox 883 613 1053 653; x_wconf 82' lang='lat' dir='ltr'>societatis,</span> <span class='ocrx_word' id='word_1_73' title='bbox 1073 613 1168 645; x_wconf 88' lang='lat' dir='ltr'>etiam</span> 
     </span>
     <span class='ocr_line' id='line_1_12' title="bbox 432 667 1169 709; baseline -0.006 -8"><span class='ocrx_word' id='word_1_74' title='bbox 432 669 514 709; x_wconf 90' lang='lat' dir='ltr'>lesu,</span> <span class='ocrx_word' id='word_1_75' title='bbox 540 668 712 708; x_wconf 74' lang='lat' dir='ltr'>concessis,</span> <span class='ocrx_word' id='word_1_76' title='bbox 734 668 779 699; x_wconf 67' lang='lat' dir='ltr'>sa«-</span> <span class='ocrx_word' id='word_1_77' title='bbox 785 673 847 699; x_wconf 89' lang='lat' dir='ltr'>tam</span> <span class='ocrx_word' id='word_1_78' title='bbox 867 667 912 698; x_wconf 85' lang='lat' dir='ltr'>eis</span> <span class='ocrx_word' id='word_1_79' title='bbox 931 676 996 698; x_wconf 89' lang='lat' dir='ltr'>non</span> <span class='ocrx_word' id='word_1_80' title='bbox 1015 676 1087 698; x_wconf 83' lang='lat' dir='ltr'>esse</span> <span class='ocrx_word' id='word_1_81' title='bbox 1113 675 1169 708; x_wconf 87' lang='lat' dir='ltr'>po·</span> 
     </span>
     <span class='ocr_line' id='line_1_13' title="bbox 433 717 1190 770; baseline -0.005 -17"><span class='ocrx_word' id='word_1_82' title='bbox 433 727 576 755; x_wconf 82' lang='lat' dir='ltr'>testatem</span> <span class='ocrx_word' id='word_1_83' title='bbox 604 721 654 753; x_wconf 71' lang='grc' dir='ltr'>ι-ιι)</span> <span class='ocrx_word' id='word_1_84' title='bbox 664 722 731 753; x_wconf 79' lang='grc' dir='ltr'>οιιι</span> <span class='ocrx_word' id='word_1_85' title='bbox 727 720 789 752; x_wconf 79' lang='lat' dir='ltr'>ndi</span> <span class='ocrx_word' id='word_1_86' title='bbox 826 720 857 751; x_wconf 87' lang='grc' dir='ltr'>ιιι</span> <span class='ocrx_word' id='word_1_87' title='bbox 883 719 1011 751; x_wconf 83' lang='lat' dir='ltr'>casibus</span> <span class='ocrx_word' id='word_1_88' title='bbox 1036 718 1074 750; x_wconf 87' lang='lat' dir='ltr'>ab</span> <span class='ocrx_word' id='word_1_89' title='bbox 1099 717 1190 770; x_wconf 81' lang='lat' dir='ltr'>epi-</span> 
     </span>
     <span class='ocr_line' id='line_1_14' title="bbox 430 769 1168 817; baseline -0.006 -11"><span class='ocrx_word' id='word_1_90' title='bbox 430 784 530 817; x_wconf 79' lang='lat' dir='ltr'>scopo</span> <span class='ocrx_word' id='word_1_91' title='bbox 548 773 608 806; x_wconf 78' lang='lat' dir='ltr'>sibi</span> <span class='ocrx_word' id='word_1_92' title='bbox 625 782 730 805; x_wconf 71' lang='lat' dir='ltr'>1ese1i</span> <span class='ocrx_word' id='word_1_93' title='bbox 735 772 804 804; x_wconf 77' lang='lat' dir='ltr'>atis.</span> <span class='ocrx_word' id='word_1_94' title='bbox 826 772 861 803; x_wconf 89' lang='lat' dir='ltr'>Et</span> <span class='ocrx_word' id='word_1_95' title='bbox 880 782 938 814; x_wconf 89' lang='lat' dir='ltr'>pe1</span> <span class='ocrx_word' id='word_1_96' title='bbox 955 769 1168 803; x_wconf 80' lang='lat' dir='ltr'>confirmatio-</span> 
     </span>
     <span class='ocr_line' id='line_1_15' title="bbox 430 823 1168 867; baseline -0.006 -8"><span class='ocrx_word' id='word_1_97' title='bbox 430 837 486 859; x_wconf 89' lang='lat' dir='ltr'>nes</span> <span class='ocrx_word' id='word_1_98' title='bbox 505 826 662 859; x_wconf 85' lang='lat' dir='ltr'>dictorum</span> <span class='ocrx_word' id='word_1_99' title='bbox 692 823 946 867; x_wconf 60' lang='grc' dir='ltr'>ιιι-ιιιιῡςιοιιιιιι,</span> <span class='ocrx_word' id='word_1_100' title='bbox 969 833 1047 866; x_wconf 79' lang='lat' dir='ltr'>quas</span> <span class='ocrx_word' id='word_1_101' title='bbox 1076 833 1168 865; x_wconf 80' lang='lat' dir='ltr'>regu-</span> 
     </span>
     <span class='ocr_line' id='line_1_16' title="bbox 428 876 1167 919; baseline -0.007 -8"><span class='ocrx_word' id='word_1_102' title='bbox 428 880 513 912; x_wconf 85' lang='lat' dir='ltr'>lares</span> <span class='ocrx_word' id='word_1_103' title='bbox 551 889 568 911; x_wconf 89' lang='lat' dir='ltr'>a</span> <span class='ocrx_word' id='word_1_104' title='bbox 600 878 681 910; x_wconf 75' lang='lat' dir='ltr'>Sede</span> <span class='ocrx_word' id='word_1_105' title='bbox 716 876 900 919; x_wconf 70' lang='lat' dir='ltr'>Apostolica</span> <span class='ocrx_word' id='word_1_106' title='bbox 934 882 1006 919; x_wconf 83' lang='lat' dir='ltr'>post</span> <span class='ocrx_word' id='word_1_107' title='bbox 1041 885 1167 907; x_wconf 89' lang='lat' dir='ltr'>sacrum</span> 
     </span>
     <span class='ocr_line' id='line_1_17' title="bbox 429 928 1168 968; baseline -0.007 -4"><span class='ocrx_word' id='word_1_108' title='bbox 429 931 605 964; x_wconf 84' lang='lat' dir='ltr'>Concilium</span> <span class='ocrx_word' id='word_1_109' title='bbox 624 929 847 962; x_wconf 73' lang='lat' dir='ltr'>&#39;l&#39;ritleutiuum</span> <span class='ocrx_word' id='word_1_110' title='bbox 867 928 1096 968; x_wconf 87' lang='lat' dir='ltr'>obtinuerunt,</span> <span class='ocrx_word' id='word_1_111' title='bbox 1115 938 1168 959; x_wconf 84' lang='lat' dir='ltr'>ne-</span> 
     </span>
     <span class='ocr_line' id='line_1_18' title="bbox 429 980 1166 1028; baseline -0.005 -12"><span class='ocrx_word' id='word_1_112' title='bbox 429 995 586 1028; x_wconf 78' lang='lat' dir='ltr'>quaquam</span> <span class='ocrx_word' id='word_1_113' title='bbox 619 982 772 1015; x_wconf 77' lang='lat' dir='ltr'>revixisse</span> <span class='ocrx_word' id='word_1_114' title='bbox 809 981 977 1025; x_wconf 79' lang='lat' dir='ltr'>privilegia</span> <span class='ocrx_word' id='word_1_115' title='bbox 1008 981 1095 1024; x_wconf 87' lang='lat' dir='ltr'>prius</span> <span class='ocrx_word' id='word_1_116' title='bbox 1127 980 1166 1013; x_wconf 85' lang='lat' dir='ltr'>ab</span> 
     </span>
     <span class='ocr_line' id='line_1_19' title="bbox 430 1032 1167 1075; baseline -0.004 -7"><span class='ocrx_word' id='word_1_117' title='bbox 430 1036 544 1068; x_wconf 86' lang='lat' dir='ltr'>eodeni</span> <span class='ocrx_word' id='word_1_118' title='bbox 575 1034 711 1067; x_wconf 80' lang='lat' dir='ltr'>coneilio</span> <span class='ocrx_word' id='word_1_119' title='bbox 748 1039 802 1066; x_wconf 89' lang='lat' dir='ltr'>aut</span> <span class='ocrx_word' id='word_1_120' title='bbox 832 1033 948 1065; x_wconf 81' lang='lat' dir='ltr'>deinde</span> <span class='ocrx_word' id='word_1_121' title='bbox 981 1032 1167 1075; x_wconf 79' lang='lat' dir='ltr'>apostolicis</span> 
     </span>
     <span class='ocr_line' id='line_1_20' title="bbox 431 1085 1165 1128; baseline -0.007 -7"><span class='ocrx_word' id='word_1_122' title='bbox 431 1088 526 1121; x_wconf 86' lang='lat' dir='ltr'>ctiam</span> <span class='ocrx_word' id='word_1_123' title='bbox 554 1087 692 1119; x_wconf 73' lang='lat' dir='ltr'>decretis</span> <span class='ocrx_word' id='word_1_124' title='bbox 717 1087 844 1118; x_wconf 78' lang='lat' dir='ltr'>sublata</span> <span class='ocrx_word' id='word_1_125' title='bbox 880 1090 976 1128; x_wconf 73' lang='lat' dir='ltr'>atque</span> <span class='ocrx_word' id='word_1_126' title='bbox 1003 1085 1165 1125; x_wconf 75' lang='lat' dir='ltr'>extincta,</span> 
     </span>
     <span class='ocr_line' id='line_1_21' title="bbox 431 1137 1166 1184; baseline -0.004 -12"><span class='ocrx_word' id='word_1_127' title='bbox 431 1141 456 1173; x_wconf 88' lang='lat' dir='ltr'>si</span> <span class='ocrx_word' id='word_1_128' title='bbox 482 1151 561 1184; x_wconf 87' lang='lat' dir='ltr'>quae</span> <span class='ocrx_word' id='word_1_129' title='bbox 587 1140 758 1179; x_wconf 84' lang='lat' dir='ltr'>habebant,</span> <span class='ocrx_word' id='word_1_130' title='bbox 786 1138 974 1172; x_wconf 86' lang='lat' dir='ltr'>absolvendi</span> <span class='ocrx_word' id='word_1_131' title='bbox 1000 1148 1016 1170; x_wconf 90' lang='lat' dir='ltr'>a</span> <span class='ocrx_word' id='word_1_132' title='bbox 1041 1137 1166 1170; x_wconf 76' lang='lat' dir='ltr'>casibus</span> 
     </span>
     <span class='ocr_line' id='line_1_22' title="bbox 433 1191 792 1236; baseline -0.003 -12"><span class='ocrx_word' id='word_1_133' title='bbox 433 1193 584 1236; x_wconf 80' lang='lat' dir='ltr'>episcopo</span> <span class='ocrx_word' id='word_1_134' title='bbox 610 1191 792 1224; x_wconf 83' lang='lat' dir='ltr'>reservatis.</span> 
     </span>
    </p>

    <p class='ocr_par' dir='ltr' id='par_1_5' title="bbox 433 1243 1167 1339">
     <span class='ocr_line' id='line_1_23' title="bbox 476 1243 1166 1288; baseline -0.003 -11"><span class='ocrx_word' id='word_1_135' title='bbox 476 1246 491 1288; x_wconf 62' lang='lat' dir='ltr'>g</span> <span class='ocrx_word' id='word_1_136' title='bbox 506 1246 535 1278; x_wconf 93' lang='lat'>7.</span> <span class='ocrx_word' id='word_1_137' title='bbox 553 1245 589 1277; x_wconf 87' lang='lat' dir='ltr'>Et</span> <span class='ocrx_word' id='word_1_138' title='bbox 607 1245 766 1277; x_wconf 83' lang='lat' dir='ltr'>habentes</span> <span class='ocrx_word' id='word_1_139' title='bbox 781 1244 964 1276; x_wconf 77' lang='lat' dir='ltr'>facultatem</span> <span class='ocrx_word' id='word_1_140' title='bbox 978 1243 1166 1276; x_wconf 87' lang='lat' dir='ltr'>absolvendi</span> 
     </span>
     <span class='ocr_line' id='line_1_24' title="bbox 433 1296 1167 1339; baseline -0.005 -8"><span class='ocrx_word' id='word_1_141' title='bbox 433 1300 472 1332; x_wconf 88' lang='lat' dir='ltr'>ab</span> <span class='ocrx_word' id='word_1_142' title='bbox 504 1298 652 1331; x_wconf 87' lang='lat' dir='ltr'>omnibus</span> <span class='ocrx_word' id='word_1_143' title='bbox 685 1296 812 1329; x_wconf 81' lang='lat' dir='ltr'>casibus</span> <span class='ocrx_word' id='word_1_144' title='bbox 852 1296 926 1329; x_wconf 86' lang='lat' dir='ltr'>Sedi</span> <span class='ocrx_word' id='word_1_145' title='bbox 964 1296 1167 1339; x_wconf 73' lang='lat' dir='ltr'>Apostolicac</span> 
     </span>
    </p>
   </div>
   <div class='ocr_carea' id='block_1_5' title="bbox 432 1336 1188 1391">
    <p class='ocr_par' dir='ltr' id='par_1_6' title="bbox 432 1336 1188 1391">
     <span class='ocr_line' id='line_1_25' title="bbox 432 1336 1188 1391; baseline -0.008 -6"><span class='ocrx_word' id='word_1_146' title='bbox 432 1350 618 1390; x_wconf 74' lang='lat' dir='ltr'>reservatis,</span> <span class='ocrx_word' id='word_1_147' title='bbox 640 1360 704 1382; x_wconf 90' lang='lat' dir='ltr'>non</span> <span class='ocrx_word' id='word_1_148' title='bbox 731 1349 804 1382; x_wconf 86' lang='lat' dir='ltr'>ideo</span> <span class='ocrx_word' id='word_1_149' title='bbox 830 1360 847 1381; x_wconf 85' lang='lat' dir='ltr'>a</span> <span class='ocrx_word' id='word_1_150' title='bbox 872 1348 999 1381; x_wconf 76' lang='lat' dir='ltr'>casibus</span> <span class='ocrx_word' id='word_1_151' title='bbox 1016 1336 1188 1391; x_wconf 47' lang='lat' dir='ltr'>episcopo⁴</span> 
     </span>
    </p>
   </div>
   <div class='ocr_carea' id='block_1_6' title="bbox 430 1401 1170 1814">
    <p class='ocr_par' dir='ltr' id='par_1_7' title="bbox 430 1401 1170 1814">
     <span class='ocr_line' id='line_1_26' title="bbox 432 1401 1167 1445; baseline -0.005 -9"><span class='ocrx_word' id='word_1_152' title='bbox 432 1403 604 1437; x_wconf 76' lang='lat' dir='ltr'>reservatis</span> <span class='ocrx_word' id='word_1_153' title='bbox 623 1412 718 1445; x_wconf 88' lang='lat' dir='ltr'>posse</span> <span class='ocrx_word' id='word_1_154' title='bbox 744 1403 920 1434; x_wconf 84' lang='lat' dir='ltr'>absolvere.</span> <span class='ocrx_word' id='word_1_155' title='bbox 940 1401 1037 1433; x_wconf 82' lang='lat' dir='ltr'>Posse</span> <span class='ocrx_word' id='word_1_156' title='bbox 1062 1406 1167 1433; x_wconf 82' lang='lat' dir='ltr'>autern</span> 
     </span>
     <span class='ocr_line' id='line_1_27' title="bbox 431 1454 1166 1499; baseline -0.005 -10"><span class='ocrx_word' id='word_1_157' title='bbox 431 1457 614 1499; x_wconf 72' lang='lat' dir='ltr'>regularem</span> <span class='ocrx_word' id='word_1_158' title='bbox 639 1455 859 1488; x_wconf 81' lang='lat' dir='ltr'>consessorem</span> <span class='ocrx_word' id='word_1_159' title='bbox 895 1455 925 1486; x_wconf 89' lang='lat' dir='ltr'>in</span> <span class='ocrx_word' id='word_1_160' title='bbox 952 1456 988 1486; x_wconf 76' lang='lat' dir='ltr'>ea</span> <span class='ocrx_word' id='word_1_161' title='bbox 1013 1454 1166 1493; x_wconf 87' lang='lat' dir='ltr'>dioecesi,</span> 
     </span>
     <span class='ocr_line' id='line_1_28' title="bbox 432 1507 1167 1552; baseline -0.005 -10"><span class='ocrx_word' id='word_1_162' title='bbox 432 1510 464 1542; x_wconf 89' lang='lat' dir='ltr'>iu</span> <span class='ocrx_word' id='word_1_163' title='bbox 490 1520 552 1552; x_wconf 87' lang='lat' dir='ltr'>qua</span> <span class='ocrx_word' id='word_1_164' title='bbox 577 1513 626 1540; x_wconf 75' lang='lat' dir='ltr'>est</span> <span class='ocrx_word' id='word_1_165' title='bbox 651 1507 872 1550; x_wconf 86' lang='lat' dir='ltr'>approbatus,</span> <span class='ocrx_word' id='word_1_166' title='bbox 905 1507 1104 1539; x_wconf 76' lang='lat' dir='ltr'>confluentes</span> <span class='ocrx_word' id='word_1_167' title='bbox 1131 1517 1167 1538; x_wconf 78' lang='lat' dir='ltr'>ex</span> 
     </span>
     <span class='ocr_line' id='line_1_29' title="bbox 431 1559 1169 1603; baseline -0.005 -8"><span class='ocrx_word' id='word_1_168' title='bbox 431 1562 493 1595; x_wconf 78' lang='lat' dir='ltr'>alia</span> <span class='ocrx_word' id='word_1_169' title='bbox 519 1561 659 1594; x_wconf 90' lang='lat' dir='ltr'>dioecesi</span> <span class='ocrx_word' id='word_1_170' title='bbox 691 1571 709 1592; x_wconf 87' lang='lat' dir='ltr'>a</span> <span class='ocrx_word' id='word_1_171' title='bbox 733 1560 871 1603; x_wconf 81' lang='lat' dir='ltr'>peccatis</span> <span class='ocrx_word' id='word_1_172' title='bbox 903 1560 936 1592; x_wconf 89' lang='lat' dir='ltr'>in</span> <span class='ocrx_word' id='word_1_173' title='bbox 971 1559 1040 1602; x_wconf 81' lang='lat' dir='ltr'>ipsa</span> <span class='ocrx_word' id='word_1_174' title='bbox 1065 1569 1169 1591; x_wconf 85' lang='lat' dir='ltr'>reser-</span> 
     </span>
     <span class='ocr_line' id='line_1_30' title="bbox 431 1612 1170 1655; baseline -0.004 -8"><span class='ocrx_word' id='word_1_175' title='bbox 431 1615 520 1655; x_wconf 82' lang='lat' dir='ltr'>vatis,</span> <span class='ocrx_word' id='word_1_176' title='bbox 545 1624 610 1646; x_wconf 89' lang='lat' dir='ltr'>non</span> <span class='ocrx_word' id='word_1_177' title='bbox 631 1618 739 1645; x_wconf 84' lang='lat' dir='ltr'>autem</span> <span class='ocrx_word' id='word_1_178' title='bbox 765 1612 796 1644; x_wconf 92' lang='lat' dir='ltr'>in</span> <span class='ocrx_word' id='word_1_179' title='bbox 822 1613 884 1653; x_wconf 80' lang='lat' dir='ltr'>illa,</span> <span class='ocrx_word' id='word_1_180' title='bbox 910 1613 965 1645; x_wconf 90' lang='lat' dir='ltr'>ubi</span> <span class='ocrx_word' id='word_1_181' title='bbox 991 1612 1077 1645; x_wconf 87' lang='lat' dir='ltr'>idem</span> <span class='ocrx_word' id='word_1_182' title='bbox 1098 1622 1170 1645; x_wconf 88' lang='lat' dir='ltr'>con-</span> 
     </span>
     <span class='ocr_line' id='line_1_31' title="bbox 430 1666 1169 1710; baseline -0.004 -9"><span class='ocrx_word' id='word_1_183' title='bbox 430 1670 536 1701; x_wconf 77' lang='lat' dir='ltr'>sessor</span> <span class='ocrx_word' id='word_1_184' title='bbox 568 1673 615 1701; x_wconf 89' lang='lat' dir='ltr'>est</span> <span class='ocrx_word' id='word_1_185' title='bbox 650 1668 847 1710; x_wconf 86' lang='lat' dir='ltr'>approbatus</span> <span class='ocrx_word' id='word_1_186' title='bbox 865 1693 872 1706; x_wconf 85' lang='lat'><em>,</em></span> <span class='ocrx_word' id='word_1_187' title='bbox 899 1667 1082 1705; x_wconf 88' lang='lat' dir='ltr'>absolvere,</span> <span class='ocrx_word' id='word_1_188' title='bbox 1108 1666 1169 1698; x_wconf 74' lang='lat' dir='ltr'>nisi</span> 
     </span>
     <span class='ocr_line' id='line_1_32' title="bbox 432 1719 1169 1763; baseline -0.004 -9"><span class='ocrx_word' id='word_1_189' title='bbox 432 1721 562 1754; x_wconf 87' lang='lat' dir='ltr'>eosdem</span> <span class='ocrx_word' id='word_1_190' title='bbox 589 1720 793 1763; x_wconf 83' lang='lat' dir='ltr'>poenitentes</span> <span class='ocrx_word' id='word_1_191' title='bbox 819 1719 945 1752; x_wconf 87' lang='lat' dir='ltr'>noverit.</span> <span class='ocrx_word' id='word_1_192' title='bbox 968 1719 1001 1751; x_wconf 90' lang='lat' dir='ltr'>in</span> <span class='ocrx_word' id='word_1_193' title='bbox 1026 1719 1169 1751; x_wconf 75' lang='lat' dir='ltr'>fraudem</span> 
     </span>
     <span class='ocr_line' id='line_1_33' title="bbox 431 1771 1169 1814; baseline -0.005 -7"><span class='ocrx_word' id='word_1_194' title='bbox 431 1773 661 1807; x_wconf 67' lang='lat' dir='ltr'>reservationis</span> <span class='ocrx_word' id='word_1_195' title='bbox 687 1773 726 1804; x_wconf 90' lang='lat' dir='ltr'>ad</span> <span class='ocrx_word' id='word_1_196' title='bbox 752 1772 889 1804; x_wconf 85' lang='lat' dir='ltr'>alienam</span> <span class='ocrx_word' id='word_1_197' title='bbox 914 1771 1089 1804; x_wconf 86' lang='lat' dir='ltr'>dioecesim</span> <span class='ocrx_word' id='word_1_198' title='bbox 1111 1782 1169 1814; x_wconf 89' lang='lat' dir='ltr'>pro</span> 
     </span>
    </p>
   </div>
   <div class='ocr_carea' id='block_1_7' title="bbox 433 1966 1193 2077">
    <p class='ocr_par' dir='ltr' id='par_1_8' title="bbox 433 1966 1193 2069">
     <span class='ocr_line' id='line_1_34' title="bbox 433 1966 1193 2026; baseline -0.001 -9.962"><span class='ocrx_word' id='word_1_199' title='bbox 433 1985 599 2016; x_wconf 82' lang='lat' dir='ltr'>absolvcie</span> <span class='ocrx_word' id='word_1_200' title='bbox 624 1983 828 2026; x_wconf 82' lang='lat' dir='ltr'>poenitentes</span> <span class='ocrx_word' id='word_1_201' title='bbox 853 1994 870 2015; x_wconf 87' lang='lat' dir='ltr'>a</span> <span class='ocrx_word' id='word_1_202' title='bbox 895 1984 1039 2015; x_wconf 83' lang='lat' dir='ltr'>censuiis</span> <span class='ocrx_word' id='word_1_203' title='bbox 1064 1966 1193 2026; x_wconf 54' lang='lat' dir='ltr'>quoad}</span> 
     </span>
     <span class='ocr_line' id='line_1_35' title="bbox 434 2031 1193 2077; baseline 0 -8"><span class='ocrx_word' id='word_1_204' title='bbox 434 2043 601 2069; x_wconf 71' lang='lat' dir='ltr'>externum</span> <span class='ocrx_word' id='word_1_205' title='bbox 615 2042 646 2069; x_wconf 87' lang='lat' dir='ltr'>et</span> <span class='ocrx_word' id='word_1_206' title='bbox 664 2035 812 2069; x_wconf 83' lang='lat' dir='ltr'>iudiciale</span> <span class='ocrx_word' id='word_1_207' title='bbox 829 2036 941 2077; x_wconf 78' lang='lat' dir='ltr'>seium,</span> <span class='ocrx_word' id='word_1_208' title='bbox 958 2042 989 2069; x_wconf 84' lang='lat' dir='ltr'>et</span> <span class='ocrx_word' id='word_1_209' title='bbox 1006 2031 1193 2069; x_wconf 81' lang='lat' dir='ltr'>absolutos&#39;</span> 
     </span>
    </p>
   </div>
   <div class='ocr_carea' id='block_1_8' title="bbox 434 2089 1193 2191">
    <p class='ocr_par' dir='ltr' id='par_1_9' title="bbox 434 2089 1193 2191">
     <span class='ocr_line' id='line_1_36' title="bbox 434 2089 1193 2132; baseline 0.001 -11.001"><span class='ocrx_word' id='word_1_210' title='bbox 434 2091 472 2122; x_wconf 87' lang='lat' dir='ltr'>ab</span> <span class='ocrx_word' id='word_1_211' title='bbox 495 2090 539 2121; x_wconf 84' lang='lat' dir='ltr'>eis</span> <span class='ocrx_word' id='word_1_212' title='bbox 564 2089 597 2121; x_wconf 90' lang='lat' dir='ltr'>in</span> <span class='ocrx_word' id='word_1_213' title='bbox 623 2089 692 2121; x_wconf 86' lang='lat' dir='ltr'>f010</span> <span class='ocrx_word' id='word_1_214' title='bbox 718 2089 939 2132; x_wconf 74' lang='lat' dir='ltr'>poenitentiali</span> <span class='ocrx_word' id='word_1_215' title='bbox 969 2089 1080 2132; x_wconf 84' lang='lat' dir='ltr'>utique</span> <span class='ocrx_word' id='word_1_216' title='bbox 1104 2100 1171 2122; x_wconf 89' lang='lat' dir='ltr'>non</span> <span class='ocrx_word' id='word_1_217' title='bbox 1192 2128 1193 2131; x_wconf 11' lang='grc' dir='ltr'><strong>Ἴ</strong></span> 
     </span>
     <span class='ocr_line' id='line_1_37' title="bbox 434 2135 1193 2191; baseline 0 -18"><span class='ocrx_word' id='word_1_218' title='bbox 434 2141 559 2173; x_wconf 82' lang='lat' dir='ltr'>censeri</span> <span class='ocrx_word' id='word_1_219' title='bbox 586 2141 775 2174; x_wconf 79' lang='lat' dir='ltr'>absolutos</span> <span class='ocrx_word' id='word_1_220' title='bbox 769 2152 800 2173; x_wconf 89' lang='lat' dir='ltr'>in</span> <span class='ocrx_word' id='word_1_221' title='bbox 827 2141 976 2174; x_wconf 74' lang='lat' dir='ltr'>exteriori</span> <span class='ocrx_word' id='word_1_222' title='bbox 1001 2141 1121 2174; x_wconf 90' lang='lat' dir='ltr'>iudicio</span> <span class='ocrx_word' id='word_1_223' title='bbox 1142 2135 1193 2191; x_wconf 51' lang='lat' dir='ltr'>et:</span> 
     </span>
    </p>
   </div>
   <div class='ocr_carea' id='block_1_9' title="bbox 435 2193 1173 2343">
    <p class='ocr_par' dir='ltr' id='par_1_10' title="bbox 435 2193 1173 2343">
     <span class='ocr_line' id='line_1_38' title="bbox 435 2193 1173 2231; baseline 0.001 -4"><span class='ocrx_word' id='word_1_224' title='bbox 435 2194 654 2227; x_wconf 86' lang='lat' dir='ltr'>contentioso.</span> <span class='ocrx_word' id='word_1_225' title='bbox 682 2193 863 2231; x_wconf 81' lang='lat' dir='ltr'>Quinimmo</span> <span class='ocrx_word' id='word_1_226' title='bbox 892 2195 1037 2227; x_wconf 76' lang='lat' dir='ltr'>censuris</span> <span class='ocrx_word' id='word_1_227' title='bbox 1070 2197 1173 2228; x_wconf 82' lang='lat' dir='ltr'>eccle-</span> 
     </span>
     <span class='ocr_line' id='line_1_39' title="bbox 435 2246 1172 2291; baseline 0.003 -13"><span class='ocrx_word' id='word_1_228' title='bbox 435 2246 576 2279; x_wconf 88' lang='lat' dir='ltr'>siasticis</span> <span class='ocrx_word' id='word_1_229' title='bbox 603 2246 745 2279; x_wconf 86' lang='lat' dir='ltr'>irretitos</span> <span class='ocrx_word' id='word_1_230' title='bbox 767 2251 798 2278; x_wconf 89' lang='lat' dir='ltr'>et</span> <span class='ocrx_word' id='word_1_231' title='bbox 816 2246 1028 2279; x_wconf 86' lang='lat' dir='ltr'>denunciatcs</span> <span class='ocrx_word' id='word_1_232' title='bbox 1047 2247 1085 2279; x_wconf 85' lang='lat' dir='ltr'>ab</span> <span class='ocrx_word' id='word_1_233' title='bbox 1111 2249 1172 2291; x_wconf 83' lang='lat' dir='ltr'>epi-</span> 
     </span>
     <span class='ocr_line' id='line_1_40' title="bbox 436 2299 1172 2343; baseline 0.001 -11"><span class='ocrx_word' id='word_1_234' title='bbox 436 2299 543 2342; x_wconf 76' lang='lat' dir='ltr'>scopis</span> <span class='ocrx_word' id='word_1_235' title='bbox 561 2299 631 2342; x_wconf 72' lang='lat' dir='ltr'>cogi</span> <span class='ocrx_word' id='word_1_236' title='bbox 658 2310 754 2342; x_wconf 83' lang='lat' dir='ltr'>posse</span> <span class='ocrx_word' id='word_1_237' title='bbox 773 2310 884 2341; x_wconf 72' lang='lat' dir='ltr'>gerere</span> <span class='ocrx_word' id='word_1_238' title='bbox 903 2311 936 2332; x_wconf 86' lang='lat' dir='ltr'>se</span> <span class='ocrx_word' id='word_1_239' title='bbox 962 2311 1020 2343; x_wconf 87' lang='lat' dir='ltr'>pro</span> <span class='ocrx_word' id='word_1_240' title='bbox 1045 2301 1172 2341; x_wconf 87' lang='lat' dir='ltr'>talibus,</span> 
     </span>
    </p>
   </div>
   <div class='ocr_carea' id='block_1_10' title="bbox 437 2347 1194 2394">
    <p class='ocr_par' dir='ltr' id='par_1_11' title="bbox 437 2347 1194 2394">
     <span class='ocr_line' id='line_1_41' title="bbox 437 2347 1194 2394; baseline 0.004 -10"><span class='ocrx_word' id='word_1_241' title='bbox 437 2352 561 2385; x_wconf 76' lang='lat' dir='ltr'>etiamsi</span> <span class='ocrx_word' id='word_1_242' title='bbox 596 2363 612 2384; x_wconf 91' lang='lat' dir='ltr'>a</span> <span class='ocrx_word' id='word_1_243' title='bbox 645 2352 848 2394; x_wconf 70' lang='lat' dir='ltr'>regularibus</span> <span class='ocrx_word' id='word_1_244' title='bbox 880 2353 996 2385; x_wconf 89' lang='lat' dir='ltr'>suerint</span> <span class='ocrx_word' id='word_1_245' title='bbox 1020 2347 1194 2386; x_wconf 57' lang='lat' dir='ltr'>atisotiiti.³</span> 
     </span>
    </p>
   </div>
   <div class='ocr_carea' id='block_1_11' title="bbox 1187 588 1191 691">
    <p class='ocr_par' dir='ltr' id='par_1_12' title="bbox 1187 588 1191 691">
     <span class='ocr_line' id='line_1_42' title="bbox 1187 588 1191 691; baseline 0 2569"><span class='ocrx_word' id='word_1_246' title='bbox 1187 588 1191 691; x_wconf 95' lang='lat' dir='ltr'> </span> 
     </span>
    </p>
   </div>
   <div class='ocr_carea' id='block_1_12' title="bbox 1190 1401 1945 1446">
    <p class='ocr_par' dir='ltr' id='par_1_13' title="bbox 1190 1401 1945 1446">
     <span class='ocr_line' id='line_1_43' title="bbox 1190 1401 1945 1446; baseline 0.001 -13"><span class='ocrx_word' id='word_1_247' title='bbox 1190 1401 1428 1446; x_wconf 59' lang='grc' dir='ltr'>ἰιῑιιιιῑιοιιιιιιις</span> <span class='ocrx_word' id='word_1_248' title='bbox 1458 1406 1490 1434; x_wconf 86' lang='lat' dir='ltr'>et</span> <span class='ocrx_word' id='word_1_249' title='bbox 1525 1401 1783 1434; x_wconf 83' lang='lat' dir='ltr'>ordinationibus</span> <span class='ocrx_word' id='word_1_250' title='bbox 1816 1408 1945 1445; x_wconf 83' lang='lat' dir='ltr'>aposto-</span> 
     </span>
    </p>
   </div>
   <div class='ocr_carea' id='block_1_13' title="bbox 1187 1612 1760 1653">
    <p class='ocr_par' dir='ltr' id='par_1_14' title="bbox 1187 1612 1760 1653">
     <span class='ocr_line' id='line_1_44' title="bbox 1187 1612 1760 1653; baseline -0.002 -7"><span class='ocrx_word' id='word_1_251' title='bbox 1187 1613 1415 1653; x_wconf 58' lang='grc' dir='ltr'>ἰιιιιιιῐιιιιίιιιι,</span> <span class='ocrx_word' id='word_1_252' title='bbox 1442 1613 1538 1645; x_wconf 84' lang='lat' dir='ltr'>etiam</span> <span class='ocrx_word' id='word_1_253' title='bbox 1574 1613 1605 1646; x_wconf 85' lang='lat' dir='ltr'>S.</span> <span class='ocrx_word' id='word_1_254' title='bbox 1632 1612 1760 1646; x_wconf 92' lang='lat' dir='ltr'>Ioannis</span> 
     </span>
    </p>
   </div>
   <div class='ocr_carea' id='block_1_14' title="bbox 1193 2249 1472 2292">
    <p class='ocr_par' dir='ltr' id='par_1_15' title="bbox 1193 2249 1472 2292">
     <span class='ocr_line' id='line_1_45' title="bbox 1193 2249 1472 2292; baseline -0.018 -8"><span class='ocrx_word' id='word_1_255' title='bbox 1193 2279 1194 2284; x_wconf 70' lang='grc'>,</span> <span class='ocrx_word' id='word_1_256' title='bbox 1215 2255 1246 2281; x_wconf 84' lang='lat' dir='ltr'>et</span> <span class='ocrx_word' id='word_1_257' title='bbox 1277 2249 1472 2292; x_wconf 72' lang='lat' dir='ltr'>privilegiis,</span> 
     </span>
    </p>
   </div>
   <div class='ocr_carea' id='block_1_15' title="bbox 1186 561 2137 1182">
    <p class='ocr_par' dir='ltr' id='par_1_16' title="bbox 1210 561 1946 659">
     <span class='ocr_line' id='line_1_46' title="bbox 1210 561 1946 598; baseline 0.004 -6"><span class='ocrx_word' id='word_1_258' title='bbox 1210 561 1310 593; x_wconf 82' lang='lat' dir='ltr'>nostri</span> <span class='ocrx_word' id='word_1_259' title='bbox 1337 562 1437 594; x_wconf 84' lang='lat' dir='ltr'>l&#39;clicis</span> <span class='ocrx_word' id='word_1_260' title='bbox 1463 564 1694 597; x_wconf 83' lang='lat' dir='ltr'>recordationis</span> <span class='ocrx_word' id='word_1_261' title='bbox 1718 564 1889 598; x_wconf 80' lang='lat' dir='ltr'>Clementis</span> <span class='ocrx_word' id='word_1_262' title='bbox 1910 564 1946 596; x_wconf 85' lang='lat' dir='ltr'>IV</span> 
     </span>
     <span class='ocr_line' id='line_1_47' title="bbox 1212 615 1814 659; baseline 0.009 -14.148"><span class='ocrx_word' id='word_1_263' title='bbox 1212 618 1360 646; x_wconf 71' lang='lat' dir='ltr'>sztitutum</span> <span class='ocrx_word' id='word_1_264' title='bbox 1385 615 1450 654; x_wconf 79' lang='lat' dir='ltr'>suit,</span> <span class='ocrx_word' id='word_1_265' title='bbox 1476 626 1546 648; x_wconf 84' lang='lat' dir='ltr'>esse</span> <span class='ocrx_word' id='word_1_266' title='bbox 1571 617 1814 659; x_wconf 80' lang='lat' dir='ltr'>lequiiendam.</span> 
     </span>
    </p>

    <p class='ocr_par' dir='ltr' id='par_1_17' title="bbox 1207 665 2137 1182">
     <span class='ocr_line' id='line_1_48' title="bbox 1252 665 2137 712; baseline 0.003 -14"><span class='ocrx_word' id='word_1_267' title='bbox 1252 665 1266 708; x_wconf 61' lang='grc' dir='ltr'><strong>ἓ</strong></span> <span class='ocrx_word' id='word_1_268' title='bbox 1291 665 1322 698; x_wconf 83' lang='grc'>8</span> <span class='ocrx_word' id='word_1_269' title='bbox 1351 666 1565 699; x_wconf 79' lang='lat' dir='ltr'>Deceineiites</span> <span class='ocrx_word' id='word_1_270' title='bbox 1584 668 1629 700; x_wconf 88' lang='lat' dir='ltr'>sic</span> <span class='ocrx_word' id='word_1_271' title='bbox 1654 673 1685 700; x_wconf 81' lang='lat' dir='ltr'>et</span> <span class='ocrx_word' id='word_1_272' title='bbox 1708 679 1773 701; x_wconf 88' lang='lat' dir='ltr'>non</span> <span class='ocrx_word' id='word_1_273' title='bbox 1791 669 1870 701; x_wconf 73' lang='lat' dir='ltr'>alias</span> <span class='ocrx_word' id='word_1_274' title='bbox 1887 679 1946 712; x_wconf 90' lang='lat' dir='ltr'>per</span> <span class='ocrx_word' id='word_1_275' title='bbox 1981 680 2092 701; x_wconf 64' lang='lat' dir='ltr'>namium</span> <span class='ocrx_word' id='word_1_276' title='bbox 2111 682 2137 701; x_wconf 78' lang='grc' dir='ltr'>ιι</span> 
     </span>
     <span class='ocr_line' id='line_1_49' title="bbox 1209 709 2027 761; baseline 0.008 -13"><span class='ocrx_word' id='word_1_277' title='bbox 1209 726 1430 761; x_wconf 84' lang='lat' dir='ltr'>quoscumque</span> <span class='ocrx_word' id='word_1_278' title='bbox 1455 718 1580 751; x_wconf 86' lang='lat' dir='ltr'>iudices</span> <span class='ocrx_word' id='word_1_279' title='bbox 1607 720 1788 754; x_wconf 77' lang='lat' dir='ltr'>oidinarios</span> <span class='ocrx_word' id='word_1_280' title='bbox 1810 722 1858 753; x_wconf 89' lang='lat' dir='ltr'>vel</span> <span class='ocrx_word' id='word_1_281' title='bbox 1890 709 2027 753; x_wconf 44' lang='grc' dir='ltr'>(ιε-ΝΜ</span> 
     </span>
     <span class='ocr_line' id='line_1_50' title="bbox 1186 749 1945 815; baseline 0.005 -13.119"><span class='ocrx_word' id='word_1_282' title='bbox 1186 749 1257 802; x_wconf 85' lang='lat' dir='ltr'>leo</span> <span class='ocrx_word' id='word_1_283' title='bbox 1242 775 1350 812; x_wconf 80' lang='lat' dir='ltr'>gatos,</span> <span class='ocrx_word' id='word_1_284' title='bbox 1383 770 1492 813; x_wconf 86' lang='lat' dir='ltr'>quavis</span> <span class='ocrx_word' id='word_1_285' title='bbox 1518 772 1708 805; x_wconf 83' lang='lat' dir='ltr'>auctoiitate</span> <span class='ocrx_word' id='word_1_286' title='bbox 1733 777 1764 805; x_wconf 87' lang='lat' dir='ltr'>et</span> <span class='ocrx_word' id='word_1_287' title='bbox 1788 773 1945 815; x_wconf 81' lang='lat' dir='ltr'>dignitate</span> 
     </span>
     <span class='ocr_line' id='line_1_51' title="bbox 1186 822 1948 869; baseline 0.007 -16.163"><span class='ocrx_word' id='word_1_288' title='bbox 1186 822 1388 864; x_wconf 77' lang='lat' dir='ltr'>fungentes,</span> <span class='ocrx_word' id='word_1_289' title='bbox 1415 823 1511 855; x_wconf 87' lang='lat' dir='ltr'>etiam</span> <span class='ocrx_word' id='word_1_290' title='bbox 1540 834 1708 857; x_wconf 84' lang='lat' dir='ltr'>causarum</span> <span class='ocrx_word' id='word_1_291' title='bbox 1735 825 1846 868; x_wconf 87' lang='lat' dir='ltr'>palatii</span> <span class='ocrx_word' id='word_1_292' title='bbox 1871 836 1948 869; x_wconf 85' lang='lat' dir='ltr'>apo-</span> 
     </span>
     <span class='ocr_line' id='line_1_52' title="bbox 1207 874 1945 918; baseline 0.005 -12"><span class='ocrx_word' id='word_1_293' title='bbox 1207 874 1313 907; x_wconf 79' lang='lat' dir='ltr'>stolici</span> <span class='ocrx_word' id='word_1_294' title='bbox 1332 875 1496 908; x_wconf 81' lang='lat' dir='ltr'>auditores</span> <span class='ocrx_word' id='word_1_295' title='bbox 1509 902 1516 916; x_wconf 92' lang='lat'><em>,</em></span> <span class='ocrx_word' id='word_1_296' title='bbox 1535 887 1571 909; x_wconf 85' lang='lat' dir='ltr'>ac</span> <span class='ocrx_word' id='word_1_297' title='bbox 1589 876 1619 909; x_wconf 90' lang='lat' dir='ltr'>S.</span> <span class='ocrx_word' id='word_1_298' title='bbox 1640 877 1676 908; x_wconf 87' lang='lat' dir='ltr'>R.</span> <span class='ocrx_word' id='word_1_299' title='bbox 1695 876 1729 909; x_wconf 92' lang='lat' dir='ltr'>E.</span> <span class='ocrx_word' id='word_1_300' title='bbox 1750 877 1945 918; x_wconf 77' lang='lat' dir='ltr'>cardinales,</span> 
     </span>
     <span class='ocr_line' id='line_1_53' title="bbox 1209 927 1948 972; baseline 0.005 -14"><span class='ocrx_word' id='word_1_301' title='bbox 1209 927 1302 959; x_wconf 84' lang='lat' dir='ltr'>etiarn</span> <span class='ocrx_word' id='word_1_302' title='bbox 1331 928 1370 960; x_wconf 88' lang='lat' dir='ltr'>de</span> <span class='ocrx_word' id='word_1_303' title='bbox 1398 929 1498 960; x_wconf 88' lang='lat' dir='ltr'>latere</span> <span class='ocrx_word' id='word_1_304' title='bbox 1530 929 1664 971; x_wconf 81' lang='lat' dir='ltr'>legatos,</span> <span class='ocrx_word' id='word_1_305' title='bbox 1695 929 1895 972; x_wconf 79' lang='lat' dir='ltr'>vicelegatos</span> <span class='ocrx_word' id='word_1_306' title='bbox 1915 935 1948 962; x_wconf 83' lang='lat' dir='ltr'>et</span> 
     </span>
     <span class='ocr_line' id='line_1_54' title="bbox 1210 979 1948 1024; baseline 0.005 -13"><span class='ocrx_word' id='word_1_307' title='bbox 1210 979 1353 1019; x_wconf 78' lang='lat' dir='ltr'>nuncios,</span> <span class='ocrx_word' id='word_1_308' title='bbox 1381 985 1413 1013; x_wconf 85' lang='lat' dir='ltr'>et</span> <span class='ocrx_word' id='word_1_309' title='bbox 1438 981 1567 1024; x_wconf 85' lang='lat' dir='ltr'>quosvis</span> <span class='ocrx_word' id='word_1_310' title='bbox 1591 981 1680 1022; x_wconf 82' lang='lat' dir='ltr'>alios,</span> <span class='ocrx_word' id='word_1_311' title='bbox 1699 982 1826 1015; x_wconf 75' lang='lat' dir='ltr'>sublata</span> <span class='ocrx_word' id='word_1_312' title='bbox 1851 981 1896 1015; x_wconf 90' lang='lat' dir='ltr'>eis</span> <span class='ocrx_word' id='word_1_313' title='bbox 1915 987 1948 1015; x_wconf 88' lang='lat' dir='ltr'>et</span> 
     </span>
     <span class='ocr_line' id='line_1_55' title="bbox 1209 1033 1948 1076; baseline 0.005 -13"><span class='ocrx_word' id='word_1_314' title='bbox 1209 1041 1320 1064; x_wconf 86' lang='lat' dir='ltr'>eorum</span> <span class='ocrx_word' id='word_1_315' title='bbox 1339 1033 1471 1066; x_wconf 81' lang='lat' dir='ltr'>cuilibet</span> <span class='ocrx_word' id='word_1_316' title='bbox 1487 1033 1599 1076; x_wconf 87' lang='lat' dir='ltr'>quavis</span> <span class='ocrx_word' id='word_1_317' title='bbox 1625 1033 1719 1066; x_wconf 83' lang='lat' dir='ltr'>aliter</span> <span class='ocrx_word' id='word_1_318' title='bbox 1735 1033 1900 1067; x_wconf 84' lang='lat' dir='ltr'>iudicandi</span> <span class='ocrx_word' id='word_1_319' title='bbox 1916 1040 1948 1067; x_wconf 88' lang='lat' dir='ltr'>et</span> 
     </span>
     <span class='ocr_line' id='line_1_56' title="bbox 1209 1084 1947 1128; baseline 0.004 -13"><span class='ocrx_word' id='word_1_320' title='bbox 1209 1084 1445 1128; x_wconf 83' lang='lat' dir='ltr'>interpretandi</span> <span class='ocrx_word' id='word_1_321' title='bbox 1466 1086 1616 1118; x_wconf 75' lang='lat' dir='ltr'>facultate</span> <span class='ocrx_word' id='word_1_322' title='bbox 1629 1085 1877 1126; x_wconf 86' lang='lat' dir='ltr'>etauctoritate,</span> <span class='ocrx_word' id='word_1_323' title='bbox 1898 1086 1947 1118; x_wconf 89' lang='lat' dir='ltr'>iu-</span> 
     </span>
     <span class='ocr_line' id='line_1_57' title="bbox 1209 1137 1945 1182; baseline 0.003 -13"><span class='ocrx_word' id='word_1_324' title='bbox 1209 1137 1310 1169; x_wconf 83' lang='lat' dir='ltr'>dicari</span> <span class='ocrx_word' id='word_1_325' title='bbox 1327 1143 1359 1170; x_wconf 88' lang='lat' dir='ltr'>et</span> <span class='ocrx_word' id='word_1_326' title='bbox 1383 1138 1511 1170; x_wconf 75' lang='lat' dir='ltr'>definiri</span> <span class='ocrx_word' id='word_1_327' title='bbox 1530 1138 1663 1179; x_wconf 86' lang='lat' dir='ltr'>debere,</span> <span class='ocrx_word' id='word_1_328' title='bbox 1675 1138 1802 1171; x_wconf 84' lang='lat' dir='ltr'>irritum</span> <span class='ocrx_word' id='word_1_329' title='bbox 1817 1149 1945 1182; x_wconf 85' lang='lat' dir='ltr'>quoque</span> 
     </span>
    </p>
   </div>
   <div class='ocr_carea' id='block_1_16' title="bbox 1186 1190 1946 1234">
    <p class='ocr_par' dir='ltr' id='par_1_18' title="bbox 1186 1190 1946 1234">
     <span class='ocr_line' id='line_1_58' title="bbox 1186 1190 1946 1234; baseline 0.001 -12"><span class='ocrx_word' id='word_1_330' title='bbox 1186 1218 1187 1233; x_wconf 43' lang='lat'>3</span> <span class='ocrx_word' id='word_1_331' title='bbox 1209 1194 1240 1222; x_wconf 85' lang='lat' dir='ltr'>et</span> <span class='ocrx_word' id='word_1_332' title='bbox 1257 1190 1351 1222; x_wconf 86' lang='lat' dir='ltr'>inane</span> <span class='ocrx_word' id='word_1_333' title='bbox 1370 1190 1524 1233; x_wconf 83' lang='lat' dir='ltr'>quidquid</span> <span class='ocrx_word' id='word_1_334' title='bbox 1546 1201 1636 1223; x_wconf 85' lang='lat' dir='ltr'>secus</span> <span class='ocrx_word' id='word_1_335' title='bbox 1654 1201 1752 1234; x_wconf 87' lang='lat' dir='ltr'>super</span> <span class='ocrx_word' id='word_1_336' title='bbox 1769 1191 1819 1223; x_wconf 90' lang='lat' dir='ltr'>his</span> <span class='ocrx_word' id='word_1_337' title='bbox 1835 1201 1852 1223; x_wconf 88' lang='lat' dir='ltr'>a</span> <span class='ocrx_word' id='word_1_338' title='bbox 1870 1201 1946 1234; x_wconf 89' lang='lat' dir='ltr'>quo-</span> 
     </span>
    </p>
   </div>
   <div class='ocr_carea' id='block_1_17' title="bbox 1208 1243 2128 1759">
    <p class='ocr_par' dir='ltr' id='par_1_19' title="bbox 1208 1243 2128 1414">
     <span class='ocr_line' id='line_1_59' title="bbox 1209 1243 1945 1286; baseline 0.003 -12"><span class='ocrx_word' id='word_1_339' title='bbox 1209 1253 1322 1285; x_wconf 85' lang='lat' dir='ltr'>quam,</span> <span class='ocrx_word' id='word_1_340' title='bbox 1353 1243 1463 1286; x_wconf 84' lang='lat' dir='ltr'>quavis</span> <span class='ocrx_word' id='word_1_341' title='bbox 1490 1243 1679 1275; x_wconf 86' lang='lat' dir='ltr'>auctoritate</span> <span class='ocrx_word' id='word_1_342' title='bbox 1695 1270 1702 1283; x_wconf 95' lang='lat'>‚</span> <span class='ocrx_word' id='word_1_343' title='bbox 1730 1243 1872 1276; x_wconf 84' lang='lat' dir='ltr'>scienter</span> <span class='ocrx_word' id='word_1_344' title='bbox 1895 1244 1945 1276; x_wconf 91' lang='lat' dir='ltr'>vel</span> 
     </span>
     <span class='ocr_line' id='line_1_60' title="bbox 1208 1295 1788 1338; baseline 0.004 -12"><span class='ocrx_word' id='word_1_345' title='bbox 1208 1295 1406 1337; x_wconf 71' lang='lat' dir='ltr'>ignoranter,</span> <span class='ocrx_word' id='word_1_346' title='bbox 1429 1296 1601 1338; x_wconf 83' lang='lat' dir='ltr'>contigerit</span> <span class='ocrx_word' id='word_1_347' title='bbox 1625 1296 1788 1328; x_wconf 82' lang='lat' dir='ltr'>attentali.</span> 
     </span>
     <span class='ocr_line' id='line_1_61' title="bbox 1252 1347 2128 1414; baseline 0.006 -35"><span class='ocrx_word' id='word_1_348' title='bbox 1252 1348 1266 1391; x_wconf 64' lang='grc' dir='ltr'>ξ,</span> <span class='ocrx_word' id='word_1_349' title='bbox 1290 1347 1321 1380; x_wconf 80' lang='grc'>9.</span> <span class='ocrx_word' id='word_1_350' title='bbox 1358 1348 1427 1380; x_wconf 89' lang='lat' dir='ltr'>Non</span> <span class='ocrx_word' id='word_1_351' title='bbox 1453 1348 1656 1381; x_wconf 85' lang='lat' dir='ltr'>obstantibus</span> <span class='ocrx_word' id='word_1_352' title='bbox 1683 1349 1847 1392; x_wconf 87' lang='lat' dir='ltr'>quibusvis</span> <span class='ocrx_word' id='word_1_353' title='bbox 1874 1359 1945 1382; x_wconf 85' lang='lat' dir='ltr'>con·</span> <span class='ocrx_word' id='word_1_354' title='bbox 1955 1361 2128 1414; x_wconf 38' lang='lat' dir='ltr'>magnumm-</span> 
     </span>
    </p>

    <p class='ocr_par' dir='ltr' id='par_1_20' title="bbox 1210 1454 1947 1759">
     <span class='ocr_line' id='line_1_62' title="bbox 1210 1454 1945 1498; baseline 0.001 -12"><span class='ocrx_word' id='word_1_355' title='bbox 1210 1454 1279 1487; x_wconf 79' lang='lat' dir='ltr'>licis</span> <span class='ocrx_word' id='word_1_356' title='bbox 1303 1454 1336 1486; x_wconf 92' lang='lat' dir='ltr'>in</span> <span class='ocrx_word' id='word_1_357' title='bbox 1361 1455 1502 1487; x_wconf 84' lang='lat' dir='ltr'>savorem</span> <span class='ocrx_word' id='word_1_358' title='bbox 1532 1465 1807 1498; x_wconf 86' lang='lat' dir='ltr'>quarumcumque</span> <span class='ocrx_word' id='word_1_359' title='bbox 1834 1465 1945 1498; x_wconf 87' lang='lat' dir='ltr'>perso-</span> 
     </span>
     <span class='ocr_line' id='line_1_63' title="bbox 1212 1507 1945 1550; baseline 0.003 -11"><span class='ocrx_word' id='word_1_360' title='bbox 1212 1518 1333 1548; x_wconf 86' lang='lat' dir='ltr'>narum,</span> <span class='ocrx_word' id='word_1_361' title='bbox 1359 1514 1452 1550; x_wconf 80' lang='lat' dir='ltr'>atque</span> <span class='ocrx_word' id='word_1_362' title='bbox 1479 1508 1664 1550; x_wconf 87' lang='lat' dir='ltr'>quorumvis</span> <span class='ocrx_word' id='word_1_363' title='bbox 1688 1507 1855 1547; x_wconf 87' lang='lat' dir='ltr'>Ordinum,</span> <span class='ocrx_word' id='word_1_364' title='bbox 1881 1513 1945 1541; x_wconf 86' lang='lat' dir='ltr'>tam</span> 
     </span>
     <span class='ocr_line' id='line_1_64' title="bbox 1211 1560 1944 1603; baseline 0 -11"><span class='ocrx_word' id='word_1_365' title='bbox 1211 1560 1461 1593; x_wconf 78' lang='lat' dir='ltr'>Mendicantium</span> <span class='ocrx_word' id='word_1_366' title='bbox 1480 1571 1574 1603; x_wconf 88' lang='lat' dir='ltr'>quam</span> <span class='ocrx_word' id='word_1_367' title='bbox 1592 1571 1656 1593; x_wconf 89' lang='lat' dir='ltr'>non</span> <span class='ocrx_word' id='word_1_368' title='bbox 1680 1560 1944 1601; x_wconf 83' lang='lat' dir='ltr'>Mendicautium,</span> 
     </span>
     <span class='ocr_line' id='line_1_65' title="bbox 1795 1613 1947 1646; baseline 0.007 -1"><span class='ocrx_word' id='word_1_369' title='bbox 1795 1613 1947 1646; x_wconf 84' lang='lat' dir='ltr'>Hieroso-</span> 
     </span>
     <span class='ocr_line' id='line_1_66' title="bbox 1211 1665 1944 1710; baseline 0.001 -12"><span class='ocrx_word' id='word_1_370' title='bbox 1211 1666 1374 1710; x_wconf 75' lang='lat' dir='ltr'>lymitani,</span> <span class='ocrx_word' id='word_1_371' title='bbox 1401 1666 1706 1709; x_wconf 73' lang='lat' dir='ltr'>congregationum,</span> <span class='ocrx_word' id='word_1_372' title='bbox 1735 1665 1944 1707; x_wconf 84' lang='lat' dir='ltr'>Societatum,</span> 
     </span>
     <span class='ocr_line' id='line_1_67' title="bbox 1211 1719 1946 1759; baseline 0.001 -8"><span class='ocrx_word' id='word_1_373' title='bbox 1211 1719 1306 1751; x_wconf 89' lang='lat' dir='ltr'>etiam</span> <span class='ocrx_word' id='word_1_374' title='bbox 1326 1719 1405 1759; x_wconf 90' lang='lat' dir='ltr'>Iesu,</span> <span class='ocrx_word' id='word_1_375' title='bbox 1432 1730 1467 1751; x_wconf 88' lang='lat' dir='ltr'>ac</span> <span class='ocrx_word' id='word_1_376' title='bbox 1492 1719 1628 1751; x_wconf 86' lang='lat' dir='ltr'>cuiusvis</span> <span class='ocrx_word' id='word_1_377' title='bbox 1653 1719 1784 1752; x_wconf 83' lang='lat' dir='ltr'>alterius</span> <span class='ocrx_word' id='word_1_378' title='bbox 1808 1719 1946 1752; x_wconf 84' lang='lat' dir='ltr'>instituti</span> 
     </span>
    </p>
   </div>
   <div class='ocr_carea' id='block_1_18' title="bbox 432 1771 1947 1974">
    <p class='ocr_par' dir='ltr' id='par_1_21' title="bbox 432 1771 1947 1974">
     <span class='ocr_line' id='line_1_68' title="bbox 1189 1771 1947 1818; baseline 0 -14"><span class='ocrx_word' id='word_1_379' title='bbox 1189 1816 1191 1818; x_wconf 12' lang='grc' dir='ltr'>η</span> <span class='ocrx_word' id='word_1_380' title='bbox 1211 1772 1306 1805; x_wconf 83' lang='lat' dir='ltr'>etiam</span> <span class='ocrx_word' id='word_1_381' title='bbox 1332 1771 1514 1805; x_wconf 81' lang='lat' dir='ltr'>necessario</span> <span class='ocrx_word' id='word_1_382' title='bbox 1540 1777 1572 1803; x_wconf 84' lang='lat' dir='ltr'>et</span> <span class='ocrx_word' id='word_1_383' title='bbox 1595 1771 1628 1803; x_wconf 89' lang='lat' dir='ltr'>in</span> <span class='ocrx_word' id='word_1_384' title='bbox 1653 1771 1820 1804; x_wconf 88' lang='lat' dir='ltr'>individuo</span> <span class='ocrx_word' id='word_1_385' title='bbox 1842 1772 1947 1815; x_wconf 83' lang='lat' dir='ltr'>expri-</span> 
     </span>
     <span class='ocr_line' id='line_1_69' title="bbox 432 1823 1190 1867; baseline -0.003 -7.997"><span class='ocrx_word' id='word_1_386' title='bbox 432 1827 637 1859; x_wconf 88' lang='lat' dir='ltr'>absolutione</span> <span class='ocrx_word' id='word_1_387' title='bbox 662 1826 839 1858; x_wconf 78' lang='lat' dir='ltr'>obtinenda</span> <span class='ocrx_word' id='word_1_388' title='bbox 869 1825 1019 1867; x_wconf 68' lang='lat' dir='ltr'>mimate</span> <span class='ocrx_word' id='word_1_389' title='bbox 1053 1823 1190 1867; x_wconf 51' lang='lat' dir='ltr'>&amp;ig-ote*</span> 
     </span>
     <span class='ocr_line' id='line_1_70' title="bbox 432 1877 1193 1922; baseline 0 -12"><span class='ocrx_word' id='word_1_390' title='bbox 432 1878 691 1922; x_wconf 84' lang='lat' dir='ltr'>supradictoiuni</span> <span class='ocrx_word' id='word_1_391' title='bbox 706 1878 841 1921; x_wconf 68' lang='lat' dir='ltr'>plivilet&gt;</span> <span class='ocrx_word' id='word_1_392' title='bbox 825 1878 951 1910; x_wconf 77' lang='lat' dir='ltr'>‹riorum</span> <span class='ocrx_word' id='word_1_393' title='bbox 964 1888 1048 1921; x_wconf 85' lang='lat' dir='ltr'>nequ</span> <span class='ocrx_word' id='word_1_394' title='bbox 1054 1888 1171 1921; x_wconf 85' lang='lat' dir='ltr'>aquam</span> <span class='ocrx_word' id='word_1_395' title='bbox 1190 1877 1193 1892; x_wconf 78' lang='lat'>³&#39;</span> 
     </span>
     <span class='ocr_line' id='line_1_71' title="bbox 432 1915 1192 1974; baseline -0.004 -10"><span class='ocrx_word' id='word_1_396' title='bbox 432 1932 529 1964; x_wconf 85' lang='lat' dir='ltr'>licere</span> <span class='ocrx_word' id='word_1_397' title='bbox 547 1930 759 1974; x_wconf 76' lang='lat' dir='ltr'>regularibus,</span> <span class='ocrx_word' id='word_1_398' title='bbox 778 1930 831 1963; x_wconf 63' lang='lat' dir='ltr'>etia</span> <span class='ocrx_word' id='word_1_399' title='bbox 833 1941 874 1962; x_wconf 83' lang='grc' dir='ltr'>ιιιι</span> <span class='ocrx_word' id='word_1_400' title='bbox 892 1931 1052 1963; x_wconf 74' lang='lat' dir='ltr'>satisfacta</span> <span class='ocrx_word' id='word_1_401' title='bbox 1068 1935 1168 1974; x_wconf 74' lang='lat' dir='ltr'>pmte,</span> <span class='ocrx_word' id='word_1_402' title='bbox 1190 1915 1192 1961; x_wconf 80' lang='grc' dir='ltr'>ι</span> 
     </span>
    </p>
   </div>
   <div class='ocr_carea' id='block_1_19' title="bbox 1191 1824 1950 2393">
    <p class='ocr_par' dir='ltr' id='par_1_22' title="bbox 1211 1824 1950 2393">
     <span class='ocr_line' id='line_1_72' title="bbox 1211 1824 1948 1865; baseline 0 -8"><span class='ocrx_word' id='word_1_403' title='bbox 1211 1825 1331 1864; x_wconf 81' lang='lat' dir='ltr'>mendi,</span> <span class='ocrx_word' id='word_1_404' title='bbox 1348 1824 1628 1864; x_wconf 84' lang='lat' dir='ltr'>monasteriorum,</span> <span class='ocrx_word' id='word_1_405' title='bbox 1647 1830 1872 1865; x_wconf 78' lang='lat' dir='ltr'>conventuum,</span> <span class='ocrx_word' id='word_1_406' title='bbox 1898 1835 1948 1857; x_wconf 91' lang='lat' dir='ltr'>ca-</span> 
     </span>
     <span class='ocr_line' id='line_1_73' title="bbox 1212 1877 1947 1922; baseline 0.001 -12"><span class='ocrx_word' id='word_1_407' title='bbox 1212 1879 1401 1922; x_wconf 82' lang='lat' dir='ltr'>pitulorum,</span> <span class='ocrx_word' id='word_1_408' title='bbox 1424 1878 1645 1917; x_wconf 86' lang='lat' dir='ltr'>ecclesiarum,</span> <span class='ocrx_word' id='word_1_409' title='bbox 1664 1882 1695 1910; x_wconf 88' lang='lat' dir='ltr'>et</span> <span class='ocrx_word' id='word_1_410' title='bbox 1715 1877 1852 1910; x_wconf 87' lang='lat' dir='ltr'>aliorum</span> <span class='ocrx_word' id='word_1_411' title='bbox 1873 1889 1947 1921; x_wconf 86' lang='lat' dir='ltr'>quo-</span> 
     </span>
     <span class='ocr_line' id='line_1_74' title="bbox 1213 1930 1947 1974; baseline 0 -11"><span class='ocrx_word' id='word_1_412' title='bbox 1213 1941 1421 1974; x_wconf 75' lang='lat' dir='ltr'>iumcumquc</span> <span class='ocrx_word' id='word_1_413' title='bbox 1440 1935 1502 1962; x_wconf 80' lang='lat' dir='ltr'>tam</span> <span class='ocrx_word' id='word_1_414' title='bbox 1520 1930 1733 1963; x_wconf 84' lang='lat' dir='ltr'>saecularium</span> <span class='ocrx_word' id='word_1_415' title='bbox 1747 1941 1839 1973; x_wconf 87' lang='lat' dir='ltr'>quam</span> <span class='ocrx_word' id='word_1_416' title='bbox 1857 1942 1947 1973; x_wconf 80' lang='lat' dir='ltr'>regu-</span> 
     </span>
     <span class='ocr_line' id='line_1_75' title="bbox 1191 1983 1947 2023; baseline 0.001 -8.03"><span class='ocrx_word' id='word_1_417' title='bbox 1191 1984 1327 2016; x_wconf 67' lang='lat' dir='ltr'>·zlirium</span> <span class='ocrx_word' id='word_1_418' title='bbox 1353 1984 1506 2021; x_wconf 75' lang='lat' dir='ltr'>locorum,</span> <span class='ocrx_word' id='word_1_419' title='bbox 1533 1993 1660 2015; x_wconf 85' lang='lat' dir='ltr'>necnon</span> <span class='ocrx_word' id='word_1_420' title='bbox 1684 1983 1827 2023; x_wconf 89' lang='lat' dir='ltr'>illorum,</span> <span class='ocrx_word' id='word_1_421' title='bbox 1853 1984 1947 2016; x_wconf 85' lang='lat' dir='ltr'>etiam</span> 
     </span>
     <span class='ocr_line' id='line_1_76' title="bbox 1191 2035 1947 2078; baseline 0.001 -10.03"><span class='ocrx_word' id='word_1_422' title='bbox 1191 2036 1406 2078; x_wconf 81' lang='lat' dir='ltr'>iuramento,</span> <span class='ocrx_word' id='word_1_423' title='bbox 1427 2035 1673 2068; x_wconf 77' lang='lat' dir='ltr'>confirmatione</span> <span class='ocrx_word' id='word_1_424' title='bbox 1695 2036 1881 2078; x_wconf 75' lang='lat' dir='ltr'>apostolica,</span> <span class='ocrx_word' id='word_1_425' title='bbox 1897 2037 1947 2069; x_wconf 86' lang='lat' dir='ltr'>vel</span> 
     </span>
     <span class='ocr_line' id='line_1_77' title="bbox 1191 2079 1948 2132; baseline 0 -11"><span class='ocrx_word' id='word_1_426' title='bbox 1191 2079 1323 2132; x_wconf 82' lang='lat' dir='ltr'>quavis</span> <span class='ocrx_word' id='word_1_427' title='bbox 1345 2088 1494 2120; x_wconf 82' lang='lat' dir='ltr'>firmitate</span> <span class='ocrx_word' id='word_1_428' title='bbox 1527 2088 1588 2120; x_wconf 75' lang='lat' dir='ltr'>alia</span> <span class='ocrx_word' id='word_1_429' title='bbox 1613 2088 1793 2127; x_wconf 73' lang='lat' dir='ltr'>roboratis,</span> <span class='ocrx_word' id='word_1_430' title='bbox 1821 2088 1948 2122; x_wconf 80' lang='lat' dir='ltr'>statutis</span> 
     </span>
     <span class='ocr_line' id='line_1_78' title="bbox 1215 2141 1950 2181; baseline 0 -6"><span class='ocrx_word' id='word_1_431' title='bbox 1215 2144 1262 2176; x_wconf 87' lang='lat' dir='ltr'>vel</span> <span class='ocrx_word' id='word_1_432' title='bbox 1295 2142 1599 2180; x_wconf 81' lang='lat' dir='ltr'>consuetudinilms,</span> <span class='ocrx_word' id='word_1_433' title='bbox 1623 2141 1719 2173; x_wconf 81' lang='lat' dir='ltr'>ctiam</span> <span class='ocrx_word' id='word_1_434' title='bbox 1733 2142 1950 2181; x_wconf 59' lang='lat' dir='ltr'>,immemora-</span> 
     </span>
     <span class='ocr_line' id='line_1_79' title="bbox 1215 2194 1950 2238; baseline 0 -9"><span class='ocrx_word' id='word_1_435' title='bbox 1215 2196 1340 2235; x_wconf 73' lang='lat' dir='ltr'>bilibus,</span> <span class='ocrx_word' id='word_1_436' title='bbox 1367 2194 1627 2238; x_wconf 70' lang='lat' dir='ltr'>exemptionibus</span> <span class='ocrx_word' id='word_1_437' title='bbox 1652 2205 1792 2237; x_wconf 80' lang='lat' dir='ltr'>quoque,</span> <span class='ocrx_word' id='word_1_438' title='bbox 1818 2195 1950 2229; x_wconf 82' lang='lat' dir='ltr'>indultis</span> 
     </span>
     <span class='ocr_line' id='line_1_80' title="bbox 1504 2248 1948 2291; baseline 0.005 -12"><span class='ocrx_word' id='word_1_439' title='bbox 1504 2248 1600 2280; x_wconf 82' lang='lat' dir='ltr'>etiam</span> <span class='ocrx_word' id='word_1_440' title='bbox 1635 2248 1668 2280; x_wconf 89' lang='lat' dir='ltr'>iu</span> <span class='ocrx_word' id='word_1_441' title='bbox 1700 2259 1834 2291; x_wconf 82' lang='lat' dir='ltr'>corpore</span> <span class='ocrx_word' id='word_1_442' title='bbox 1871 2248 1948 2281; x_wconf 89' lang='lat' dir='ltr'>iuris</span> 
     </span>
     <span class='ocr_line' id='line_1_81' title="bbox 1215 2301 1948 2341; baseline 0.001 -8"><span class='ocrx_word' id='word_1_443' title='bbox 1215 2302 1346 2341; x_wconf 79' lang='lat' dir='ltr'>clausis,</span> <span class='ocrx_word' id='word_1_444' title='bbox 1373 2307 1427 2333; x_wconf 84' lang='lat' dir='ltr'>aut</span> <span class='ocrx_word' id='word_1_445' title='bbox 1451 2311 1487 2332; x_wconf 83' lang='lat' dir='ltr'>ex</span> <span class='ocrx_word' id='word_1_446' title='bbox 1514 2303 1609 2333; x_wconf 76' lang='lat' dir='ltr'>causa</span> <span class='ocrx_word' id='word_1_447' title='bbox 1634 2306 1662 2332; x_wconf 89' lang='lat' dir='ltr'>et</span> <span class='ocrx_word' id='word_1_448' title='bbox 1694 2301 1785 2333; x_wconf 79' lang='lat' dir='ltr'>titulo</span> <span class='ocrx_word' id='word_1_449' title='bbox 1810 2312 1948 2334; x_wconf 87' lang='lat' dir='ltr'>oneroso</span> 
     </span>
     <span class='ocr_line' id='line_1_82' title="bbox 1217 2352 1949 2393; baseline 0 -7"><span class='ocrx_word' id='word_1_450' title='bbox 1217 2355 1263 2386; x_wconf 87' lang='lat' dir='ltr'>vel</span> <span class='ocrx_word' id='word_1_451' title='bbox 1275 2354 1306 2386; x_wconf 90' lang='lat' dir='ltr'>iu</span> <span class='ocrx_word' id='word_1_452' title='bbox 1325 2353 1435 2386; x_wconf 89' lang='lat' dir='ltr'>limine</span> <span class='ocrx_word' id='word_1_453' title='bbox 1452 2352 1647 2385; x_wconf 75' lang='lat' dir='ltr'>fundationis</span> <span class='ocrx_word' id='word_1_454' title='bbox 1665 2353 1838 2393; x_wconf 83' lang='lat' dir='ltr'>concessis,</span> <span class='ocrx_word' id='word_1_455' title='bbox 1854 2353 1949 2386; x_wconf 85' lang='lat' dir='ltr'>ctiam</span> 
     </span>
    </p>
   </div>
   <div class='ocr_carea' id='block_1_20' title="bbox 436 2405 1950 2517">
    <p class='ocr_par' dir='ltr' id='par_1_23' title="bbox 436 2405 1950 2517">
     <span class='ocr_line' id='line_1_83' title="bbox 436 2405 1950 2449; baseline 0.001 -13"><span class='ocrx_word' id='word_1_456' title='bbox 436 2405 581 2445; x_wconf 32' lang='lat' dir='ltr'>Quom&amp;</span> <span class='ocrx_word' id='word_1_457' title='bbox 608 2405 761 2437; x_wconf 76' lang='lat' dir='ltr'>exhibitis</span> <span class='ocrx_word' id='word_1_458' title='bbox 794 2405 953 2448; x_wconf 84' lang='lat' dir='ltr'>aliquibus</span> <span class='ocrx_word' id='word_1_459' title='bbox 978 2407 1172 2449; x_wconf 74' lang='lat' dir='ltr'>regularium</span> <span class='ocrx_word' id='word_1_460' title='bbox 1218 2406 1445 2449; x_wconf 62' lang='lat' dir='ltr'>nimiumque),</span> <span class='ocrx_word' id='word_1_461' title='bbox 1467 2416 1520 2437; x_wconf 90' lang='lat' dir='ltr'>seu</span> <span class='ocrx_word' id='word_1_462' title='bbox 1543 2405 1632 2437; x_wconf 66' lang='lat' dir='ltr'>bulla</span> <span class='ocrx_word' id='word_1_463' title='bbox 1651 2416 1763 2445; x_wconf 76' lang='lat' dir='ltr'>aurea,</span> <span class='ocrx_word' id='word_1_464' title='bbox 1792 2411 1845 2437; x_wconf 87' lang='lat' dir='ltr'>aut</span> <span class='ocrx_word' id='word_1_465' title='bbox 1872 2406 1950 2438; x_wconf 66' lang='lat' dir='ltr'>alias·</span> 
     </span>
     <span class='ocr_line' id='line_1_84' title="bbox 437 2444 1950 2517; baseline 0 -27"><span class='ocrx_word' id='word_1_466' title='bbox 437 2458 622 2501; x_wconf 84' lang='lat' dir='ltr'>apostolicis</span> <span class='ocrx_word' id='word_1_467' title='bbox 653 2457 829 2501; x_wconf 70' lang='lat' dir='ltr'>privilegiis</span> <span class='ocrx_word' id='word_1_468' title='bbox 859 2468 965 2490; x_wconf 87' lang='lat' dir='ltr'>coram</span> <span class='ocrx_word' id='word_1_469' title='bbox 992 2459 1170 2503; x_wconf 81' lang='lat' dir='ltr'>episcopo,</span> <span class='ocrx_word' id='word_1_470' title='bbox 1193 2444 1198 2517; x_wconf 56' lang='grc' dir='ltr'>ι</span> <span class='ocrx_word' id='word_1_471' title='bbox 1219 2459 1418 2502; x_wconf 73' lang='lat' dir='ltr'>nuncupatis,</span> <span class='ocrx_word' id='word_1_472' title='bbox 1445 2463 1708 2490; x_wconf 83' lang='lat' dir='ltr'>conservatorum</span> <span class='ocrx_word' id='word_1_473' title='bbox 1733 2459 1950 2501; x_wconf 82' lang='lat' dir='ltr'>deputationi-</span> 
     </span>
    </p>
   </div>
   <div class='ocr_carea' id='block_1_21' title="bbox 438 2511 1175 2661">
    <p class='ocr_par' dir='ltr' id='par_1_24' title="bbox 438 2511 1175 2661">
     <span class='ocr_line' id='line_1_85' title="bbox 438 2511 1172 2554; baseline 0.001 -11"><span class='ocrx_word' id='word_1_474' title='bbox 438 2513 476 2543; x_wconf 81' lang='grc' dir='ltr'>ιιιι</span> <span class='ocrx_word' id='word_1_475' title='bbox 500 2522 536 2542; x_wconf 66' lang='lat' dir='ltr'>co</span> <span class='ocrx_word' id='word_1_476' title='bbox 554 2511 711 2543; x_wconf 84' lang='lat' dir='ltr'>iudicetur</span> <span class='ocrx_word' id='word_1_477' title='bbox 728 2511 797 2554; x_wconf 86' lang='lat' dir='ltr'>ipsa</span> <span class='ocrx_word' id='word_1_478' title='bbox 814 2522 878 2544; x_wconf 92' lang='lat' dir='ltr'>non</span> <span class='ocrx_word' id='word_1_479' title='bbox 892 2511 1057 2554; x_wconf 72' lang='lat' dir='ltr'>sull&#39;ragari</span> <span class='ocrx_word' id='word_1_480' title='bbox 1075 2513 1172 2553; x_wconf 81' lang='lat' dir='ltr'>casui,</span> 
     </span>
     <span class='ocr_line' id='line_1_86' title="bbox 439 2565 1175 2609; baseline 0.001 -12"><span class='ocrx_word' id='word_1_481' title='bbox 439 2566 476 2597; x_wconf 67' lang='grc' dir='ltr'>ιιι·</span> <span class='ocrx_word' id='word_1_482' title='bbox 503 2576 566 2608; x_wconf 69' lang='lat' dir='ltr'>quo</span> <span class='ocrx_word' id='word_1_483' title='bbox 593 2565 713 2607; x_wconf 75' lang='lat' dir='ltr'>agitur,</span> <span class='ocrx_word' id='word_1_484' title='bbox 740 2565 764 2596; x_wconf 91' lang='lat' dir='ltr'>si</span> <span class='ocrx_word' id='word_1_485' title='bbox 798 2565 958 2597; x_wconf 85' lang='lat' dir='ltr'>dictorum</span> <span class='ocrx_word' id='word_1_486' title='bbox 991 2565 1175 2609; x_wconf 76' lang='lat' dir='ltr'>privilegio-</span> 
     </span>
     <span class='ocr_line' id='line_1_87' title="bbox 438 2618 1174 2661; baseline 0 -10"><span class='ocrx_word' id='word_1_487' title='bbox 438 2629 507 2651; x_wconf 82' lang='lat' dir='ltr'>rum</span> <span class='ocrx_word' id='word_1_488' title='bbox 530 2619 627 2651; x_wconf 84' lang='lat' dir='ltr'>verba</span> <span class='ocrx_word' id='word_1_489' title='bbox 644 2618 779 2651; x_wconf 86' lang='lat' dir='ltr'>obscura</span> <span class='ocrx_word' id='word_1_490' title='bbox 797 2618 859 2650; x_wconf 91' lang='lat' dir='ltr'>sint</span> <span class='ocrx_word' id='word_1_491' title='bbox 877 2623 909 2650; x_wconf 91' lang='lat' dir='ltr'>et</span> <span class='ocrx_word' id='word_1_492' title='bbox 925 2618 1088 2661; x_wconf 75' lang='lat' dir='ltr'>ambigua,</span> <span class='ocrx_word' id='word_1_493' title='bbox 1108 2629 1174 2652; x_wconf 91' lang='lat' dir='ltr'>non</span> 
     </span>
    </p>
   </div>
   <div class='ocr_carea' id='block_1_22' title="bbox 1194 2549 1197 2662">
    <p class='ocr_par' dir='ltr' id='par_1_25' title="bbox 1194 2549 1197 2662">
     <span class='ocr_line' id='line_1_88' title="bbox 1194 2549 1197 2662; baseline 0 0"><span class='ocrx_word' id='word_1_494' title='bbox 1194 2549 1197 2662; x_wconf 95' lang='lat' dir='ltr'> </span> 
     </span>
    </p>
   </div>
   <div class='ocr_carea' id='block_1_23' title="bbox 1194 2511 1947 2555">
    <p class='ocr_par' dir='ltr' id='par_1_26' title="bbox 1194 2511 1947 2555">
     <span class='ocr_line' id='line_1_89' title="bbox 1194 2511 1947 2555; baseline -0.007 -8"><span class='ocrx_word' id='word_1_495' title='bbox 1194 2520 1197 2547; x_wconf 83' lang='lat'>!</span> <span class='ocrx_word' id='word_1_496' title='bbox 1218 2514 1285 2551; x_wconf 80' lang='lat' dir='ltr'>bus,</span> <span class='ocrx_word' id='word_1_497' title='bbox 1297 2522 1472 2555; x_wconf 80' lang='lat' dir='ltr'>eorumque</span> <span class='ocrx_word' id='word_1_498' title='bbox 1488 2516 1581 2554; x_wconf 78' lang='lat' dir='ltr'>atque</span> <span class='ocrx_word' id='word_1_499' title='bbox 1600 2511 1670 2543; x_wconf 82' lang='lat' dir='ltr'>aliis</span> <span class='ocrx_word' id='word_1_500' title='bbox 1687 2511 1947 2552; x_wconf 82' lang='lat' dir='ltr'>inhibitionibus,</span> 
     </span>
    </p>
   </div>
   <div class='ocr_carea' id='block_1_24' title="bbox 1218 2564 1950 2662">
    <p class='ocr_par' dir='ltr' id='par_1_27' title="bbox 1218 2564 1950 2662">
     <span class='ocr_line' id='line_1_90' title="bbox 1218 2564 1950 2609; baseline -0.003 -11"><span class='ocrx_word' id='word_1_501' title='bbox 1218 2566 1334 2609; x_wconf 83' lang='lat' dir='ltr'>quibus</span> <span class='ocrx_word' id='word_1_502' title='bbox 1356 2565 1499 2608; x_wconf 61' lang='lat' dir='ltr'>eliisei-pi</span> <span class='ocrx_word' id='word_1_503' title='bbox 1523 2564 1649 2596; x_wconf 74' lang='lat' dir='ltr'>deferre</span> <span class='ocrx_word' id='word_1_504' title='bbox 1669 2564 1798 2597; x_wconf 88' lang='lat' dir='ltr'>minime</span> <span class='ocrx_word' id='word_1_505' title='bbox 1821 2569 1950 2597; x_wconf 85' lang='lat' dir='ltr'>tenean-</span> 
     </span>
     <span class='ocr_line' id='line_1_91' title="bbox 1220 2616 1950 2662; baseline 0.001 -12"><span class='ocrx_word' id='word_1_506' title='bbox 1220 2624 1277 2659; x_wconf 87' lang='lat' dir='ltr'>tur,</span> <span class='ocrx_word' id='word_1_507' title='bbox 1297 2623 1327 2651; x_wconf 87' lang='lat' dir='ltr'>et</span> <span class='ocrx_word' id='word_1_508' title='bbox 1345 2617 1509 2662; x_wconf 87' lang='lat' dir='ltr'>quibusvis</span> <span class='ocrx_word' id='word_1_509' title='bbox 1525 2616 1603 2658; x_wconf 84' lang='lat' dir='ltr'>aliis,</span> <span class='ocrx_word' id='word_1_510' title='bbox 1619 2616 1678 2649; x_wconf 89' lang='lat' dir='ltr'>sub</span> <span class='ocrx_word' id='word_1_511' title='bbox 1693 2617 1950 2661; x_wconf 84' lang='lat' dir='ltr'>quibuscumque</span> 
     </span>
    </p>
   </div>
  </div>
 </body>
</html>
