2279 3260
136 233 183 258 An.
201 231 229 257 C.
253 230 321 258 ¹670

155 1127 315 1152 Expodinonem

133 1156 247 1200 gratiosam
258 1159 314 1174 mau-

148 1183 176 1200 at.

156 2177 271 2199 contrariis
282 2178 316 2199 de-

135 2208 202 2231 rogat.

951 228 1093 252 cmvi-:NS
1117 230 1133 251 X
1160 230 1205 252 ΓΡ.

329 279 397 318 mis,
416 278 509 311 etiam
535 277 566 309 in
593 277 690 309 divini
717 277 820 310 cultus
842 283 1060 318 augmentum,

329 332 424 364 etiarn
449 330 736 369 consistorialiter,
763 331 812 363 vel
848 329 926 362 alias
952 329 1061 371 qriavis
1082 321 1083 324 ¹

328 383 517 416 auctoritate
529 384 682 415 hactenus
696 384 743 415 vel
758 383 967 425 impostorum
983 392 1061 413 ema-

328 435 485 474 naverint,
499 434 630 467 minime
644 434 889 477 comprehendi,
905 434 973 472 sed,
988 445 1061 476 ‹pio-
1083 452 1084 466 t

327 487 386 519 ties
410 486 483 519 illae
509 487 713 526 emanabant,
731 486 824 519 toties
840 486 871 518 in
892 485 1061 529 pristinum
1083 491 1084 501 ¹

326 544 442 573 statum
466 540 625 582 repositas
651 544 683 572 et
707 539 919 581 reintegratus
944 549 1013 570 esse
1033 543 1061 569 et

327 592 469 634 censeri,
488 592 596 635 sicque
618 602 676 635 per
693 601 914 634 ‹pioscumque
939 591 1061 623 iudices

328 643 423 676 etiam
454 643 694 676 commissarios
730 643 840 686 quavis
871 642 1061 675 auctoritate

329 696 510 738 fungentes,
528 696 559 728 in
586 696 696 739 quavis
722 698 813 729 causa
839 700 872 729 et
895 696 1059 735 instantia,

328 749 453 781 sublata
478 748 523 781 eis
542 754 570 781 et
590 759 699 781 eorum
718 749 851 781 cuilibet
876 749 983 791 quavis
1007 748 1063 781 ali-

329 807 377 835 ter
400 801 563 835 iudicandi
590 807 620 834 et
650 801 885 845 interpretandi
916 802 1061 834 facultate

327 859 359 886 et
382 854 581 893 auctoritate,
596 854 716 896 ubique
734 854 867 885 iudicari
886 859 916 885 et
934 853 1061 886 definiri

326 906 457 946 debere,
482 906 607 938 irritum
635 916 763 948 quoquo
790 911 822 937 et
845 906 940 938 inane
967 906 992 937 si
1013 915 1062 938 se-

326 969 382 991 cus
400 969 501 1002 super
525 959 574 991 his
599 969 615 990 a
641 969 810 1002 quoquam,
830 959 939 1001 quavis
958 963 1063 991 aucto-

327 1011 431 1051 ritate,
451 1011 589 1044 scienter
607 1012 655 1044 vel
673 1011 871 1053 ignoranter,
893 1011 1063 1053 contigerit

326 1063 488 1096 attentari.

371 1117 385 1159 ἓ
410 1115 463 1148 10.
490 1116 527 1148 Et
552 1116 685 1159 insuper
702 1116 827 1149 dilectis
853 1115 925 1149 siliis
941 1116 1063 1158 {rescri-

326 1169 485 1202 bendario
502 1174 534 1201 et
550 1168 763 1212 computatori
782 1169 910 1211 collegii
932 1168 1064 1211 scripto·
1084 1190 1085 1198 η

326 1233 398 1254 rum
423 1222 605 1254 litterarum
635 1222 902 1265 apostolicarum,
929 1227 961 1254 et
992 1222 1062 1254 aliis

326 1275 365 1307 ad
387 1285 467 1318 quos
494 1275 678 1307 earumdem
703 1275 878 1307 litterarum
900 1275 1062 1318 expeditio

326 1332 458 1371 spectat,
484 1327 517 1359 in
542 1327 659 1360 virtute
685 1333 813 1359 sanctae
839 1327 1061 1368 obedientiae,

326 1385 358 1413 et
370 1380 429 1412 sub
444 1381 547 1422 poena
561 1380 794 1422 indignationis
809 1385 948 1419 nostrae,
963 1384 1061 1419 motu,

326 1432 463 1466 scientia
489 1438 520 1465 et
545 1433 714 1475 potestatis
742 1432 944 1475 plenitudine
977 1433 1064 1464 simi-

325 1485 419 1526 libus,
447 1486 635 1518 mandamus
665 1490 700 1517 ut
724 1486 851 1518 easdem
876 1491 1063 1528 praesentes

327 1543 358 1571 et
383 1538 491 1571 forsan
517 1538 594 1570 alias
619 1538 740 1571 litteras
761 1549 862 1581 super
878 1538 1063 1581 praemissis

327 1590 485 1631 omnibus,
508 1596 571 1623 tam
588 1591 784 1623 coniunctim
810 1602 905 1634 quam
927 1591 1061 1631 divisim,

327 1654 363 1676 ac
379 1654 439 1688 pro
457 1643 592 1686 singulis
611 1644 865 1687 quibuscumque
888 1645 1064 1687 derogatio-

327 1696 431 1735 nibus,
458 1696 595 1729 decretis
622 1701 653 1729 et
676 1697 829 1729 clausulis
855 1696 887 1728 in
913 1696 958 1729 eis
989 1707 1086 1729 con-·

329 1749 434 1789 tentis,
461 1748 559 1790 gratis
577 1749 615 1781 de
634 1749 785 1781 mandato
812 1753 921 1782 nostro
944 1749 1062 1793 ubique

326 1801 360 1834 in
378 1801 527 1835 omnibus
545 1801 657 1834 officiis
678 1801 774 1834 etiam
793 1801 1061 1843 abbreviatoruin,

326 1854 589 1894 sollicitatorum‚
617 1855 865 1887 secretariorum
888 1855 1011 1898 plumbi
1032 1860 1064 1888 et
1084 1865 1086 1894 t

327 1907 454 1949 registri
480 1908 602 1950 absque
629 1908 736 1951 aliqua
761 1907 971 1951 pecuniarum
995 1919 1063 1941 exa-

325 1959 457 2000 ctione,
486 1959 582 1993 etiam
615 1971 675 2003 per
707 1960 787 1992 viam
819 1961 1063 2004 compositionis

326 2013 482 2052 facienda,
508 2013 595 2045 omni
629 2013 887 2046 contradictione
925 2019 956 2046 et
985 2014 1064 2047 dila-

327 2065 414 2098 tione
439 2065 649 2105 cessantibus,
675 2066 811 2108 signent,
837 2066 1008 2109 expediant
1033 2072 1064 2100 et

329 2117 475 2162 expediri
500 2118 627 2150 saciant.

372 2171 386 2214 ἓ
410 2170 464 2203 11.
491 2170 561 2203 Non
586 2170 788 2204 obstantibus
814 2171 938 2204 eisdem
969 2183 1063 2215 prae-

329 2223 446 2264 missis,
468 2234 503 2256 ac
528 2223 566 2256 de
585 2229 672 2256 certo
694 2224 892 2257 notariorum
917 2235 1062 2266 numero,

329 2277 453 2310 etiamsi
477 2277 514 2309 ad
540 2276 632 2310 illum
651 2287 716 2309 non
734 2276 775 2309 sit
795 2277 975 2317 deventum,
995 2279 1064 2322 qui-

329 2330 388 2363 bus
406 2329 483 2362 alias
503 2340 561 2373 per
577 2335 765 2373 praesentes
784 2341 848 2364 non
865 2331 1062 2365 intendimus

328 2383 495 2426 derogare,
511 2393 547 2416 ac
565 2384 676 2426 regula
689 2385 798 2416 nostra
814 2384 852 2417 de
869 2385 1063 2427 praestando

328 2446 491 2469 consensu
514 2436 549 2468 in
573 2436 802 2479 pensionibus,
827 2448 862 2470 ac
886 2438 989 2472 felicis
1014 2450 1063 2472 re-

328 2488 526 2522 cordationis
552 2488 597 2521 Pii
624 2489 726 2532 Papae
748 2490 783 2523 IV
803 2491 1061 2533 praedecessoris

328 2540 431 2573 nostri
451 2541 489 2573 de
507 2540 664 2574 similibus
686 2543 735 2575 vel
757 2542 968 2576 dissimilibus
998 2554 1064 2586 gra-

330 2593 381 2626 tiis
405 2593 438 2626 in
455 2596 581 2626 camera
604 2594 780 2638 apostolica
798 2595 879 2629 infra
897 2600 959 2629 tres
978 2607 1063 2630 men-

1105 287 1153 308 ses
1171 276 1414 318 praesentandis
1441 286 1474 307 ac
1496 276 1717 316 registranslis,
1737 286 1773 307 ac
1794 286 1839 306 rc-

1105 329 1256 360 colcudae
1291 328 1463 360 momoriae
1500 327 1542 359 Pii
1570 328 1670 370 Papae
1700 328 1718 359 V
1744 328 1839 360 etiarn

1106 380 1363 422 praedecessoris
1381 380 1479 413 nostri
1505 386 1615 412 contra
1641 380 1836 422 illegitimos,

1106 444 1140 465 ac
1158 433 1353 466 Pictarensis
1380 433 1519 471 concilii,
1538 438 1570 464 et
1591 432 1661 464 aliis
1687 433 1840 475 apostoli-

1106 485 1162 525 cis,
1179 497 1214 518 ac
1233 486 1327 518 etium
1354 486 1385 517 in
1408 485 1641 517 universalibus
1659 484 1840 527 provincia-

1107 538 1253 580 libusqut¹
1273 538 1417 570 conciliis
1443 537 1548 577 editis,
1571 536 1766 579 specialibus
1792 538 1839 569 vel

1106 590 1323 631 generalibus,
1351 589 1635 622 constitutionibus
1660 593 1691 621 et
1715 589 1842 621 ordina-

1107 642 1259 679 tionibus,
1281 647 1311 674 ct
1327 641 1600 681 monasteriorum,
1624 640 1840 679 ecclesiarum,

1083 696 1085 724 ἰ
1105 694 1273 734 Ordinum,
1294 695 1389 727 etiam
1416 695 1444 727 S.
1466 694 1592 727 loannis
1618 693 1842 736 Hierosolymi-

1106 747 1182 787 tani,
1211 758 1246 779 ac
1271 747 1365 780 ctiam
1390 747 1477 779 urbis
1500 747 1628 788 Romae,
1655 752 1685 779 ct
1709 747 1843 780 aliarum

1106 799 1283 839 civitatum,
1310 800 1504 842 oppidorum
1530 804 1562 832 et
1588 804 1761 840 terrarum,
1790 803 1843 831 aut

1107 863 1251 884 camerae
1277 853 1474 895 praedictae,
1504 864 1538 885 ac
1563 851 1745 895 quarumvis
1771 851 1843 884 uni-

1105 905 1302 944 versitatum,
1330 905 1425 937 etiam
1451 905 1645 945 iuran'iento,
1670 905 1843 938 confirma-

1108 957 1203 996 tione,
1219 958 1268 989 vel
1288 957 1399 999 quavis
1418 956 1568 989 firmitate
1589 957 1651 990 alia
1669 957 1841 996 roboratis,

1107 1009 1244 1049 statutis,
1262 1010 1501 1050 stabilimentis,
1522 1010 1633 1043 usibus
1658 1015 1689 1042 et
1706 1010 1840 1049 naturis,

1107 1062 1250 1102 decretis,
1269 1073 1303 1095 ac
1321 1063 1415 1095 etiam
1436 1063 1526 1095 novis
1546 1062 1843 1101 reformationibus,

1107 1126 1141 1147 ac
1173 1115 1267 1147 etiam
1300 1116 1424 1157 legibus
1458 1121 1520 1147 tam
1550 1115 1722 1158 pontificiis
1747 1126 1842 1158 quain

1108 1167 1338 1211 imperialibus,
1360 1168 1455 1210 regiis
1480 1173 1512 1200 ct
1537 1168 1716 1209 ducalibus,
1746 1169 1843 1200 etiam

1107 1221 1203 1253 sacris
1221 1221 1410 1260 canonibus,
1431 1220 1610 1264 privilegiis
1637 1231 1776 1264 quoque,
1795 1221 1844 1253 in-

1107 1273 1203 1306 dultis
1228 1278 1258 1306 et
1283 1273 1397 1306 litteris
1431 1273 1635 1316 apostolicis,
1669 1273 1845 1316 superiori-

1106 1326 1165 1358 bus
1191 1337 1226 1358 ac
1250 1326 1396 1368 personis
1421 1331 1452 1357 et
1474 1325 1550 1358 locis
1577 1325 1842 1368 quibuscumque,

1107 1379 1139 1410 in
1159 1389 1276 1421 genere
1302 1379 1351 1410 vel
1370 1378 1399 1409 in
1427 1378 1543 1421 specie,
1562 1379 1619 1410 sub
1642 1378 1845 1421 quibuscum-

1107 1442 1168 1474 que
1195 1431 1361 1463 tenoribus
1386 1437 1415 1463 et
1443 1431 1575 1471 formis,
1602 1442 1638 1463 ac
1669 1441 1741 1463 cum
1773 1431 1845 1474 qui-

1107 1484 1214 1516 busvis
1232 1484 1508 1526 dcrogatoriarum
1527 1483 1747 1526 derogatoriis,
1763 1483 1846 1517 aliis·

1108 1548 1169 1579 que
1184 1536 1428 1576 efficacioribus,
1448 1536 1677 1569 efficacissimis
1691 1541 1723 1569 et
1736 1536 1845 1569 insoli-

1109 1590 1146 1623 tis
1164 1590 1312 1623 clausulis
1333 1590 1532 1622 irritautibus
1552 1595 1582 1622 et
1604 1590 1675 1623 aliis
1696 1590 1842 1629 decretis,

1107 1642 1202 1675 ctiam
1222 1642 1284 1674 vim
1310 1647 1504 1682 contractus,
1523 1647 1553 1675 et
1570 1643 1679 1675 statuti
1697 1642 1845 1686 perpetui

1107 1696 1368 1735 continentibus,
1395 1696 1488 1728 etiam
1514 1701 1623 1735 motu,
1654 1696 1789 1728 scientia
1815 1700 1847 1728 et

1107 1749 1276 1792 potestatis
1296 1749 1496 1792 plenitudine
1512 1749 1683 1788 similibus,
1697 1760 1733 1781 ac
1751 1748 1845 1781 etiam

1108 1802 1383 1841 consistorialiter,
1406 1813 1440 1834 ac
1454 1802 1531 1835 alias
1548 1802 1655 1835 forsan
1673 1802 1705 1834 in
1719 1807 1846 1834 contra-

1108 1855 1191 1888 rium
1211 1855 1457 1898 quomodolibet
1481 1856 1659 1896 concessis,
1685 1856 1846 1899 approba-

1108 1909 1146 1941 tis
1166 1914 1196 1942 et
1214 1908 1385 1948 innovatis,
1410 1908 1493 1941 inter
1513 1908 1574 1942 alia
1595 1909 1845 1952 disponentibus

1108 1962 1194 2005 quod
1223 1961 1383 1994 beneficia
1408 1961 1502 1994 Urbis
1539 1962 1670 1994 nonnisi
1695 1962 1845 2005 personis

1107 2014 1204 2047 certis
1219 2015 1315 2047 modo
1331 2020 1361 2046 et
1375 2015 1474 2047 forma
1489 2014 1679 2057 qualificatis
1693 2020 1725 2047 et
1741 2015 1846 2048 oriun-

1108 2067 1155 2099 dis
1188 2077 1225 2099 ex
1252 2066 1347 2099 certis
1382 2067 1461 2099 locis
1493 2077 1529 2099 ae
1563 2066 1658 2099 trium
1689 2067 1846 2099 Ordinuni

1106 2119 1313 2153 militiarum¹
1340 2130 1489 2163 expresse
1520 2120 1675 2163 professis
1703 2119 1845 2153 conferri

1107 2179 1138 2206 et
1155 2173 1373 2206 commendari
1391 2174 1534 2214 soleant;
1550 2174 1666 2216 quibus
1681 2173 1843 2212 omnibus,

1107 2225 1233 2259 etiamsi
1258 2226 1337 2258 alias
1372 2236 1432 2268 pro
1459 2236 1570 2258 eorum
1596 2225 1766 2258 sufficienti
1792 2226 1846 2258 de-

1107 2278 1276 2321 rogatione
1303 2279 1341 2311 de
1367 2278 1430 2311 illis
1457 2288 1634 2321 eorumque
1654 2278 1728 2310 totis
1754 2283 1845 2310 teno-

1108 2332 1197 2364 ribus
1223 2331 1381 2374 specialis‚
1401 2330 1561 2374 specifica,
1580 2341 1733 2374 expressa
1750 2335 1781 2363 et
1798 2330 1844 2363 in-

1108 2385 1256 2425 dividua,
1282 2395 1317 2417 ac
1342 2385 1381 2417 de
1406 2385 1505 2417 verbo
1531 2384 1568 2417 ad
1594 2384 1751 2425 verbum,
1777 2394 1843 2417 non

1108 2444 1213 2471 autem
1231 2449 1290 2481 per
1307 2438 1467 2470 clausulas
1492 2438 1659 2480 generales
1683 2437 1769 2470 idem
1784 2437 1843 2470 im-

1108 2496 1284 2534 ponantes,
1315 2489 1438 2523 mentio
1463 2500 1518 2523 seu
1544 2489 1673 2532 quaevis
1703 2489 1764 2522 alia
1792 2499 1844 2522 ex-

1144 2606 1152 2632 1
1176 2605 1275 2633 Forsan
1296 2604 1439 2639 legendum
1462 2604 1638 2632 militarium
1657 2605 1698 2637 (n.
1716 2603 1765 2637 τ.)-

1757 219 1798 251 47
1845 226 1891 252 An.
1915 223 1942 251 c.
1967 224 2034 252 1670
