2279 3260
195 244 243 268 Λιι,
261 241 290 268 c.
314 242 381 270 1675
429 234 494 268 40⁶2

388 293 497 326 mitatc
516 293 577 326 alia
599 293 766 334 roboratis,
789 289 926 333 statutis,
945 292 1042 336 stylis,
1060 291 1123 323 usi-

389 347 446 378 bus
480 351 511 378 ct
546 346 853 388 consuetudinilms,
884 346 978 379 etiam
1011 344 1123 377 imme-

389 399 609 441 morabililius,
635 399 810 443 privilegiis
830 408 967 442 quoque,
988 395 1122 429 indultis

391 457 422 484 ct
450 452 565 485 litteris
591 452 784 495 apostolicis,
803 451 898 484 ctiam
924 450 955 482 in
982 450 1121 482 savorem

390 505 421 538 S.
438 504 536 537 Officii
563 514 734 547 regnorum
754 503 1005 547 praedictorum,
1022 500 1123 533 illius-

391 568 452 601 que
478 557 726 600 inspiisitorum,
763 556 857 588 etiam
892 553 1093 597 generalium
1113 578 1120 592 ‚

391 615 424 643 ct
449 610 634 643 officialium
666 615 697 642 et
725 609 947 641 ministrorum
973 616 1123 650 quorum·

390 663 484 701 libet,
511 673 570 706 per
600 672 822 705 quoscumque
855 660 1016 701 Romanos
1041 658 1124 691 Pon-

392 714 491 746 tifices
515 714 782 757 praedecessores
803 717 931 745 nostros
956 716 988 744 et
1009 710 1123 744 Sedem

390 767 597 809 praedictam,
613 766 670 797 sul)
683 765 941 808 quibuscumque
956 763 1124 796 verborum

391 819 555 851 tenoribus
581 824 613 851 ct
638 818 770 857 sormiS,
798 827 834 849 ac
863 826 935 848 cum
960 815 1124 858 quibusvis

390 871 485 904 etiam
504 870 783 913 derogatoriarum
797 868 1024 911 derogatoriis,
1040 867 1126 908 aliis-

390 934 451 966 que
477 922 731 962 efficacioribus,
762 920 993 955 efficacissimis
1021 924 1052 953 et
1077 919 1125 951 in-

390 977 494 1009 solitis
523 975 688 1014 clausulis,
714 974 982 1017 irritantibusque
1004 977 1036 1005 et
1056 971 1126 1004 aliis

390 1028 540 1069 decretis,
560 1027 682 1060 etiamsi
709 1032 818 1067 motu,
845 1025 981 1059 scientia
1010 1030 1041 1057 et
1068 1035 1126 1067 po—

391 1081 514 1114 testatis
549 1080 754 1124 plenitudine
779 1079 933 1123 paribus,
959 1089 995 1111 ae
1020 1078 1126 1110 consi-

391 1134 578 1175 storialiter,
597 1139 628 1166 et
642 1134 720 1166 alias
733 1132 989 1176 quomodolibet,
1004 1130 1037 1163 in
1054 1140 1127 1163 con-

391 1186 525 1219 trarium
550 1186 798 1230 praemissorum
819 1183 992 1224 concessiS,
1009 1193 1127 1226 appro-

390 1239 472 1272 batis
503 1244 535 1272 et
558 1239 829 1282 quantiscumque
861 1236 985 1269 vicibus
1011 1235 1127 1268 contir-

392 1292 485 1324 matis
518 1297 549 1324 et
575 1291 758 1331 innovatis;
786 1290 901 1334 quibus
926 1288 1075 1321 omnibus
1097 1292 1127 1320 et

393 1344 542 1388 singulis,
562 1344 688 1377 etiamsi
714 1354 773 1386 pro
798 1343 929 1375 illorum
954 1340 1125 1373 sufficienti

392 1398 603 1440 derogatione
629 1397 668 1429 dc
689 1396 752 1429 illis
778 1404 955 1438 eorumque
981 1394 1055 1426 totis
1080 1397 1125 1425 te-

392 1451 526 1483 noribus
552 1448 722 1494 specialis,
741 1447 903 1490 specifica,
929 1456 1079 1489 expressa
1097 1450 1129 1478 et

392 1503 568 1542 individua,
590 1513 626 1534 ac
647 1502 685 1534 de
704 1501 801 1534 verbo
829 1501 867 1533 ad
893 1500 1038 1539 verbum,
1063 1509 1128 1531 non

393 1562 499 1590 autem
517 1567 576 1600 per
593 1556 752 1588 clausulas
771 1554 939 1596 generales
964 1553 1049 1585 idem
1077 1552 1129 1584 im—

393 1615 573 1653 portantes,
600 1607 721 1640 mentio
749 1617 807 1639 seu
833 1605 965 1649 quaevis
989 1605 1051 1638 alia
1077 1616 1127 1637 ex-

393 1662 520 1706 pressio
545 1661 696 1693 habenda
721 1664 776 1692 aut
799 1659 908 1701 aliqua
937 1658 999 1690 alia
1022 1657 1129 1700 exqui-

393 1715 452 1748 sita
468 1716 568 1747 forma
582 1714 621 1746 ad
636 1714 699 1746 hoe
712 1712 868 1745 servanda
883 1712 978 1751 soret,
1001 1711 1129 1744 illorum

394 1773 522 1800 tenores
538 1795 545 1808 ,
581 1764 697 1799 formas
713 1792 720 1806 ,
752 1776 861 1798 causas
887 1770 918 1797 et
942 1764 1129 1797 occasiones

393 1820 618 1864 pnaesentibus
650 1830 708 1862 pro
739 1820 836 1862 plene
873 1824 903 1851 et
935 1818 1132 1850 sufficienter

395 1873 557 1917 expressis
597 1883 632 1905 ac
657 1871 859 1905 exactissime
896 1877 927 1904 et
951 1871 1127 1904 accuratis-

395 1926 476 1959 sime
506 1926 641 1958 servatis
674 1928 704 1958 et
728 1924 920 1968 specificatis
952 1924 1131 1967 respective

395 1979 565 2018 habentes,
585 1978 648 2011 illis
673 1977 751 2010 alias
776 1977 808 2009 in
834 1988 890 2009 suo
917 1977 1035 2009 robore
1058 1986 1132 2019 per-

395 2031 565 2071 mansuris,
580 2031 617 2063 ad
633 2030 885 2073 praemissorum
900 2029 1058 2069 effectum,
1073 2029 1134 2061 hae

396 2085 465 2117 vice
497 2084 677 2123 dumtaxat,
704 2082 890 2125 specialiter
922 2087 953 2115 ct
981 2093 1133 2125 expresse

397 2138 605 2180 derogamus,
621 2147 655 2168 ac
673 2137 863 2179 derogatum
883 2146 953 2169 esse
974 2136 1132 2177 volumus,
1150 2174 1152 2178 ὗ

397 2190 577 2232 ceterisque
613 2189 787 2221 contrariis
811 2189 1080 2231 quibuscumque.

441 2243 554 2275 Datum
580 2242 718 2282 Romae,
751 2240 835 2285 apud
861 2242 892 2274 S.
919 2241 1047 2274 Mariam
1072 2241 1132 2274 Ma-

397 2295 511 2336 iorem,
528 2296 586 2327 suh
605 2296 725 2328 annulo
746 2295 928 2335 Piscatoris,
948 2295 998 2327 die
1017 2295 1131 2328 1v·iulii

397 2358 570 2389 MDchj-nv,
586 2348 792 2392 pontificatus
816 2348 917 2380 nostri
935 2358 1018 2381 anno
1035 2358 1065 2381 v.

800 2400 823 2433 Ι.
845 2400 880 2433 G.
904 2400 1042 2434 SLnans.

433 2463 490 2489 Lmt
516 2463 558 2488 die
579 2462 596 2489 4
614 2461 670 2489 iulii
694 2462 772 2496 1674,
795 2461 891 2497 pontif.
915 2470 986 2488 anno
1001 2469 1026 2488 v.

432 2525 596 2560 Iteyz'scraca
613 2525 642 2551 ίη
658 2524 763 2552 Secret.
780 2525 862 2552 Brev.
880 2524 929 2552 lib.
945 2532 970 2560 v,
985 2525 1034 2559 sol.
1050 2524 1111 2551 227.

970 243 1149 269 anLaan
1171 242 1322 268 ROMANUM

1905 242 1958 270 An.
1973 241 2002 270 C.
2022 242 2091 270 1674

1482 292 1580 326 CLXI.

1166 360 1396 403 [mlithcntiae
1415 367 1450 395 ut
1475 364 1603 405 gyrati'ae
1630 363 1818 406 spirituales
1835 373 1900 405 per-

1207 419 1321 455 petuae
1356 415 1479 447 coronis
1518 415 1652 448 Domini
1690 416 1793 448 nostri
1828 415 1902 447 Iesu

1211 466 1334 499 Clavi-isti
1356 477 1413 509 per
1436 468 1608 499 monachos
1625 472 1654 500 ct
1678 469 1823 500 eremitas
1841 467 1901 500 Ca-

1210 518 1425 551 i›1.aldulenscs
1449 519 1633 561 dispensari
1652 519 1766 553 solitis.

1388 597 1525 624 clemens
1546 598 1626 631 Papa
1645 598 1682 630 X,

1294 642 1330 668 ad
1349 644 1522 674 perpetuam
1542 642 1586 668 rei
1605 642 1783 669 memoriam.

1211 710 1253 741 De
1267 710 1368 742 salute
1387 709 1494 752 gregis
1508 709 1660 742 dominici
1675 709 1781 742 divina
1794 710 1902 753 dispo·
1940 722 2061 744 Exordium.

1168 761 1285 794 sitione
1304 761 1396 794 nobis
1419 761 1579 794 connnissi
1599 761 1738 794 sollicite
1763 762 1903 804 cogitan-

1170 813 1466 854 tcs‚cliristit“1dclcs
1479 814 1703 857 spiritualibus
1717 814 1905 847 muneribus

1169 866 1319 899 adiuvare
1345 877 1409 899 non
1436 877 1610 907 cessamus,
1632 871 1664 898 ut
1682 877 1793 899 eorum
1812 866 1906 899 devo-

1170 919 1213 952 tio
1239 920 1277 952 ad
1303 919 1536 962 omnipotentis
1561 919 1615 951 Dei
1641 920 1760 951 cultum
1786 924 1818 951 et
1838 919 1906 962 pie-

1170 973 1241 1005 tatis
1268 983 1367 1015 opera
1393 972 1423 1004 in
1450 972 1517 1005 dies
1542 972 1643 1014 magis
1668 976 1833 1014 augeatur.

1213 1026 1227 1069 ξ
1247 1026 1275 1058 1.
1296 1025 1372 1058 Cum
1392 1025 1513 1068 itaque,
1534 1024 1616 1057 sicut
1640 1024 1837 1068 accepimus,
1858 1024 1904 1057 di·
1937 1036 2100 1062 Approhatcon-

1170 1078 1243 1111 lecti
1275 1078 1330 1111 filii
1364 1078 1515 1111 monachi
1548 1076 1817 1121 Congregationis
1848 1063 2099 1121 Ca-istiiiiiii'ti‘ss'i'i'iissil

1170 1130 1377 1164 maldulensis
1402 1129 1530 1162 Ordinis
1556 1129 1655 1162 sancti
1681 1129 1846 1162 Benedicti
1873 1115 2099 1172 0t11¹l23¹ss¹0¹221¹1¹33⁰5¹05

1170 1183 1327 1216 Eremitae
1345 1183 1606 1216 Camaldulenses
1625 1192 1762 1214 coronas
1778 1167 2100 1214 Domini{2‘3}t¹s³11031“31¹1¹1¹-l¹.

1171 1237 1271 1269 nestri
1297 1236 1367 1268 Iesu
1385 1235 1502 1268 Christi
1524 1234 1587 1266 iam
1612 1234 1739 1277 pridem
1756 1222 1950 1266 fidelilms²²¹·

1171 1289 1358 1331 dispensare
1376 1287 1614 1320 consueverint:
1628 1296 1697 1325 nos,
1714 1285 1905 1318 laudabilem

1172 1340 1359 1373 huiusmodi
1381 1351 1470 1372 usum
1489 1339 1602 1371 harum
1620 1338 1703 1370 serie
1725 1338 1910 1381 approban—

1172 1398 1229 1433 tes,
1259 1393 1387 1425 easdem
1413 1401 1549 1424 coronas
1575 1390 1787 1432 indulgentiis
1813 1395 1909 1432 atque

1172 1446 1242 1478 aliis
1266 1444 1486 1489 spiritualibus
1512 1444 1711 1485 muneribus,
1729 1454 1810 1486 quae
1829 1443 1911 1475 infra

1171 1504 1364 1542 sequuntur,
1383 1499 1421 1531 ad
1439 1497 1640 1541 spiritualem
1665 1496 1809 1529 fidelium
1835 1507 1912 1529 con-

1172 1552 1363 1585 solationem
1393 1556 1424 1584 ct
1448 1551 1627 1583 animarum
1660 1550 1796 1583 salutem
1822 1549 1911 1583 duxi-

1172 1616 1243 1638 mus
1268 1616 1336 1638 esse
1363 1604 1588 1637 decorandas:

1216 1670 1237 1691 ι.
1265 1657 1321 1696 Qui
1354 1668 1429 1690 vere
1454 1657 1627 1700 poenitens
1659 1661 1691 1689 ct
1718 1656 1905 1696 consessus,
1960 1666 2102 1696 antummum

1172 1723 1226 1744 seu
1259 1711 1385 1743 firmum
1418 1709 1592 1743 confitendi
1625 1709 1828 1752 propositum
1853 1693 2103 1753 had-filfl‘ssliilsstglg

1173 1765 1261 1805 bens,
1276 1774 1372 1795 unam
1391 1774 1426 1796 ex
1446 1762 1538 1795 dictis
1556 1763 1695 1802 coronis,
1711 1761 1771 1794 sibi
1786 1773 1802 1794 a
1816 1746 2043 1805 p1*ae-‘⁰¹⁰¹⁰'¹¹⁰''

1174 1817 1244 1850 satis
1271 1816 1440 1849 monachis
1459 1817 1507 1848 vel
1529 1815 1673 1848 eremitis
1690 1814 1911 1848 Gamaldulen-

1174 1870 1264 1903 sibus
1284 1869 1468 1902 immediate
1493 1870 1542 1902 vel
1567 1868 1729 1901 mediante
1758 1868 1820 1901 alia
1838 1879 1911 1911 per-

1174 1926 1251 1961 sona
1266 1924 1424 1964 traditam,
1435 1922 1626 1961 recitaverit,
1643 1921 1910 1965 quotiescumque

1174 1977 1207 2010 id
1224 1976 1345 2017 feeerit,
1362 1976 1573 2008 ducentorum
1588 1984 1747 2007 annorum
1762 1985 1769 2014 ;
1784 1984 1910 2006 necnon

1175 2029 1380 2073 quicumque,
1407 2038 1559 2061 coronam
1586 2026 1772 2059 huiusmodi
1798 2036 1909 2059 secum

1176 2082 1339 2121 deserens,
1366 2081 1502 2123 singulis
1529 2079 1699 2119 secundis,
1729 2078 1854 2122 quartis
1878 2084 1910 2111 et

1175 2134 1272 2168 sextis
1288 2133 1388 2174 seriis,
1404 2144 1440 2166 ae
1460 2133 1582 2165 festivis
1603 2133 1640 2164 de
1659 2137 1835 2175 praecepto
1852 2131 1910 2163 Ec-

1175 2187 1291 2220 clesiae
1317 2186 1436 2219 servari
1454 2186 1558 2218 solitis
1576 2185 1691 2217 diebus
1716 2185 1909 2224 recitaverit,

1177 2240 1349 2273 dummodo
1383 2239 1550 2272 consessus
1589 2243 1621 2270 et
1659 2237 1912 2271 communicatus

1176 2293 1282 2333 fuerit,
1305 2297 1434 2325 centum
1466 2291 1701 2335 quinquaginta
1726 2301 1910 2331 annormn3

1176 2347 1231 2391 qui
1258 2352 1365 2379 autem
1401 2345 1515 2378 solitus
1546 2344 1643 2377 suerit
1675 2355 1745 2377 cam
1776 2344 1913 2377 recitare

1176 2404 1290 2443 quater
1304 2398 1336 2431 in
1350 2397 1564 2438 hebdomada,
1584 2398 1683 2431 semel
1703 2397 1734 2430 in
1750 2407 1845 2438 anno,
1861 2397 1913 2430 die

1175 2463 1234 2495 per
1258 2462 1331 2485 eum
1357 2451 1529 2493 eligenda,
1558 2450 1583 2483 si
1610 2452 1646 2483 ea
1671 2450 1723 2483 die
1748 2450 1912 2483 consessus

1175 2504 1409 2537 sanctissimum
1429 2503 1651 2536 Eucharistiae
1673 2508 1915 2539 sacramentum,

1175 2557 1370 2600 sumpserit,
1396 2561 1428 2589 et
1453 2556 1569 2589 (lictam
1606 2567 1761 2590 coronam
1787 2556 1911 2600 pariter

1176 2609 1366 2651 recitaverit,
1394 2610 1593 2653 plenariam;
