2279 3260
172 232 222 258 An.
243 233 272 259 C.
296 233 362 261 1672

198 398 318 419 Concessio.

188 1825 300 1846 Decretum
318 1825 345 1845 ir·

158 1853 234 1872 ritans.

224 2561 341 2587 Derogatio

157 2591 320 2610 contrariorum.

999 230 1141 254 CLEMFNS
1163 231 1181 254 X
1206 231 1254 254 1⁷1³.

318 314 321 316 .
366 283 475 316 videre
505 288 537 315 et
562 287 598 314 ut
627 281 709 313 infra
746 281 915 322 indulgere
942 279 981 311 fle
1013 279 1103 311 beni-

366 335 485 377 gnitate
507 334 687 378 apostolica
705 333 922 374 dignaremur.

409 389 423 431 ἓ
447 388 479 421 3.
506 387 569 420 Nos
593 386 701 429 igitur,
721 385 821 428 ipsius
843 385 994 417 Matihaoi
1020 384 1102 427 prio-

364 440 408 472 ris
436 439 597 482 generalis
621 438 700 471 votis
726 439 788 471 hae
809 438 841 470 in
866 448 919 477 re,
946 443 1100 480 qnantum

364 503 437 526 cum
453 493 590 526 Domino
608 503 792 535 possumus,
812 492 1031 524 favorabiliter
1048 503 1102 524 an-
1118 523 1137 535 ,¹

363 556 463 579 nuere
488 545 644 585 volentes,
670 555 807 587 eumque
827 555 843 577 a
867 544 1031 587 quibusvis
1049 554 1102 577 ex-

363 598 674 640 communicationis,
700 597 922 640 suspensionis
946 602 977 629 et
1006 597 1102 629 inter-

363 651 450 689 dicti,
483 651 620 694 aliisque
657 651 881 684 ecclesiasticis
921 651 1100 690 sententiis,

365 704 510 737 censuris
536 709 567 736 et
590 704 727 747 poenis,
753 716 769 737 a
798 704 866 737 iure
900 706 947 737 vel
980 704 1019 736 ab
1045 704 1102 736 ho-

361 756 457 797 mine,
484 757 596 800 quavis
621 757 792 790 occasione
817 758 866 790 vel
900 758 992 789 causa
1017 757 1100 796 latis,

361 809 387 842 si
407 810 524 852 quibus
539 810 783 852 quomodolibet
798 810 969 843 innodatus
983 809 1099 849 existit,

361 862 401 895 ad
427 862 576 895 ess'ectum
600 863 820 905 praesentium
850 863 1012 895 dumtaxat
1031 873 1101 895 con-

360 916 583 958 sequendum,
622 916 735 948 harum
772 916 858 948 serie
897 916 1100 948 absolventes

361 972 393 1000 et
417 968 600 1000 absolutum
626 967 693 1000 sore
714 972 907 1007 censentes,
938 967 1100 999 huiusmo-

360 1019 390 1053 di
416 1020 708 1063 supplicationibus
746 1020 814 1052 eius
849 1020 979 1052 nomine
1006 1020 1099 1052 nobis

359 1083 456 1115 super
482 1073 544 1105 hoc
562 1073 729 1105 humiliter
756 1073 916 1116 porrectis
940 1073 1096 1114 inclinati,

358 1126 505 1170 praefato
523 1126 683 1159 Matthaeo
699 1127 866 1166 moderno,
885 1127 1017 1169 eiusque
1033 1137 1098 1160 suc-

359 1179 542 1212 cessoribus
567 1179 732 1222 prioribus
753 1179 957 1222 generalibus
972 1179 1099 1212 Ordinis

357 1232 513 1276 praedicti
532 1243 591 1275 pro
606 1238 751 1276 tempore
767 1233 988 1271 existentibus,
1004 1244 1100 1276 quan-

359 1286 398 1318 do
420 1285 538 1318 suerint
555 1285 588 1318 in
606 1286 819 1318 conventibus
845 1286 991 1319 eiusdem
1009 1286 1100 1318 Ordi-

357 1338 408 1370 nis
430 1338 484 1370 ubi
509 1338 684 1381 collegium
711 1349 766 1371 seu
792 1339 931 1371 studium
956 1350 1015 1382 pro
1034 1345 1098 1372 stu-

358 1390 511 1424 dentibus
537 1391 707 1434 religionis
732 1392 914 1424 institutum
939 1392 1002 1431 sit,
1029 1393 1097 1425 lau-

356 1454 446 1477 ream
472 1444 656 1476 doctoratus
682 1445 899 1487 praenarratis
936 1445 1095 1488 magistrIs

355 1496 458 1540 ipsius
491 1496 646 1536 Ordinis,
679 1497 813 1530 servatis
847 1502 954 1530 tamen
991 1500 1095 1541 quoad

355 1549 485 1592 reliqua
517 1549 666 1582 omnibus
697 1560 734 1582 ex
770 1556 944 1593 praecepto
977 1552 1096 1583 consti-

360 1601 521 1634 tutionum
541 1601 669 1634 Ordinis
696 1601 883 1635 huiusmodi
920 1603 1101 1643 servandis,

356 1653 545 1686 auctoritate
570 1655 679 1686 nostra
705 1654 879 1697 apostolica
907 1655 1093 1688 conferendi

357 1707 561 1747 facultatem,
589 1707 701 1739 eadem
734 1707 945 1747 auctoritate,
979 1712 1093 1741 tenore

355 1759 584 1803 praesentium,
606 1759 814 1792 concedimus
835 1766 865 1792 et
882 1760 1091 1803 impartimur.

399 1814 415 1855 ἓ
439 1812 470 1844 4.
497 1812 716 1844 Decerncntes
744 1813 874 1845 casdem
905 1820 1092 1856 praesentes

355 1866 480 1898 litteras
496 1875 623 1907 semper
642 1865 757 1905 firmas,
777 1865 907 1905 validas,
933 1871 963 1899 et
988 1867 1092 1899 effica-

355 1929 407 1951 ces
430 1918 570 1950 existere
602 1922 634 1950 et
658 1917 739 1958 sore,
766 1928 906 1961 suosque
926 1920 1090 1961 plenarios

354 1976 385 2004 et
408 1971 552 2013 integros
578 1970 710 2004 eflectus
735 1971 843 2004 sortiri
869 1977 901 2004 et
925 1972 1089 2013 obtinere,

353 2036 390 2058 ac
414 2023 511 2064 illis¹‚
537 2024 576 2057 ad
602 2035 683 2068 quos
709 2030 832 2068 spectat
857 2030 889 2058 et
921 2036 979 2068 pro
1011 2031 1090 2059 tem-

353 2088 433 2121 pore
454 2077 625 2120 spectabit,
650 2078 838 2120 plenissime
860 2078 1037 2121 suffiagari,
1059 2085 1090 2113 et

354 2132 394 2164 ab
409 2131 453 2164 eis
470 2131 649 2174 respective
667 2131 899 2164 inviolabiliter
912 2132 1085 2173 observari,

353 2185 462 2227 sicque
487 2184 519 2215 in
555 2183 740 2226 praemissis
775 2195 836 2228 per
867 2195 1086 2229 quoscumque

352 2237 476 2270 iudices
510 2237 691 2270 ordinarios
717 2242 749 2270 et
774 2238 939 2280 delegatos
955 2266 962 2279 ,
991 2240 1086 2272 etiam

350 2300 516 2323 causarum
553 2290 661 2332 palatii
696 2291 865 2334 apostolici
909 2291 1084 2333 auditores,

350 2341 487 2375 iudicari
510 2347 542 2374 et
567 2342 693 2375 definiri
719 2343 857 2384 debere,
896 2355 932 2376 ac
959 2345 1087 2378 irritum

351 2403 383 2430 et
402 2396 497 2428 inane
519 2395 542 2427 si
571 2405 664 2428 secus
691 2406 790 2439 super
810 2397 859 2428 his
878 2408 894 2430 a
911 2408 1087 2441 quoquam,

351 2449 464 2493 quavis
489 2448 688 2488 auctoritate,
708 2449 847 2482 scienter
871 2451 920 2482 vel
937 2450 1088 2493 ignoran-

350 2508 407 2543 ter,
429 2500 602 2543 contigerit
624 2502 786 2534 attentari.

396 2557 410 2599 g
441 2555 472 2587 5.
510 2553 579 2586 Non
616 2553 820 2587 obstantibus
851 2556 987 2598 praefati
1020 2556 1089 2590 Cle-

389 2621 399 2645 1
423 2617 492 2643 Edit.
515 2616 593 2642 Main.
614 2615 677 2650 legit
698 2616 763 2642 illos
781 2616 819 2650 (a.
834 2618 880 2649 T.).

436 2671 513 2700 Bull.
536 2670 615 2697 Rom.
636 2685 668 2688 -
693 2670 750 2697 Vol.
772 2670 870 2697 XVII]
1011 2671 1045 2697 40

1145 279 1262 310 mentis
1292 278 1553 321 praedecessoris
1583 281 1681 312 nostri
1708 281 1833 317 litteris,
1854 293 1884 312 a·

1146 330 1263 373 liisque
1289 331 1551 363 ordinationibus
1587 337 1615 363 et
1643 333 1883 365 constitutioni-

1145 383 1204 415 hus
1229 384 1426 425 apostolicis,
1454 394 1580 417 necnon
1606 386 1753 417 onmibns
1772 391 1801 417 et
1820 386 1883 417 sin-

1145 435 1227 477 gulis
1253 436 1327 475 illis,
1364 447 1446 479 quae
1482 436 1514 468 in
1551 437 1673 469 eisdem
1709 437 1882 469 Clen'icntis

1144 489 1406 531 praedecessoris
1426 489 1541 522 litteris
1559 500 1710 522 concessa
1727 496 1800 522 sunt
1817 501 1880 522 non

1144 540 1286 581 obstare,
1327 542 1509 585 ceterisque
1547 542 1716 575 contrariis
1752 542 1882 585 quibus-

1144 603 1294 636 cumque.

1186 646 1300 679 Datum
1330 648 1467 687 Romae,
1498 648 1583 690 apud
1613 648 1643 679 S.
1677 647 1801 679 Mariam
1823 648 1884 680 Illa-

1143 698 1253 739 iorem,
1270 701 1329 732 sub
1345 702 1466 733 annulo
1481 701 1667 741 Piscatoris,
1681 701 1731 733 die
1749 712 1785 734 xx
1804 701 1882 733 iunii

1143 761 1303 793 MDCLxxn,
1321 753 1532 796 pontificatus
1551 754 1651 786 nostri
1671 765 1754 786 anno
1776 765 1823 787 111.

1584 807 1605 839 I.
1629 807 1666 839 G.
1694 808 1833 840 §Lusit-s.

1179 865 1237 892 Dat.
1255 866 1298 893 die
1313 866 1348 893 20
1364 867 1430 893 iunii
1450 868 1527 901 tow,
1546 868 1646 902 pontif.
1665 875 1738 895 anno
1760 875 1795 894 111⁴

1177 928 1341 962 Reyz‘strata
1357 929 1387 955 in
1410 929 1483 956 libro
1505 929 1637 957 Brevz'um
1661 930 1767 957 mensis
1791 930 1879 964 iunii,

1139 975 1218 1007 part.
1235 974 1369 1007 utraque,
1390 974 1440 1007 fol.
1457 973 1518 999 585.

1472 1116 1545 1149 Clll.

1140 1195 1356 1239 Indulyentia
1376 1196 1529 1239 plenaria
1551 1201 1708 1240 perpetua
1725 1208 1785 1240 pro
1806 1198 1879 1230 visi-

1186 1250 1330 1282 tantibus
1354 1249 1500 1281 ccclesias
1527 1254 1593 1282 lam
1617 1251 1760 1292 fratrum
1780 1262 1878 1293 quam

1184 1303 1379 1335 monialium
1406 1302 1538 1336 Ordinis
1556 1304 1728 1336 Servorum
1745 1304 1785 1336 B.
1805 1304 1877 1336 Μα-

1184 1356 1254 1388 riae
1291 1356 1435 1398 Vz'rgyim‘s
1466 1357 1655 1400 ubicumque
1688 1357 1873 1397 existentes,

1186 1412 1250 1441 tam
1275 1409 1429 1441 hactenus
1446 1413 1562 1442 erectas
1580 1420 1679 1452 qnam
1696 1409 1875 1452 erz'yendas,

1183 1471 1259 1494 xxm
1286 1462 1437 1504 anqusti,
1468 1462 1546 1504 festo
1571 1461 1603 1494 S.
1635 1461 1789 1505 Philippi
1817 1462 1877 1494 Be-

1183 1512 1294 1546 uitii&

1358 1594 1492 1621 Clemens
1513 1595 1591 1627 Papa
1611 1595 1652 1627 X,
1696 1613 1701 1615 -

1262 1638 1298 1664 ad
1318 1642 1493 1671 perpetuam
1513 1640 1558 1665 rei
1578 1639 1758 1665 memoriam.

1182 1708 1409 1751 Redemptoris
1443 1714 1475 1741 et
1511 1708 1636 1740 Domini
1669 1708 1770 1741 nostri
1802 1709 1871 1741 lesu

1136 1760 1262 1799 Christi,
1297 1761 1350 1803 qui
1372 1761 1529 1803 gloriosos
1555 1760 1844 1793 saluberrimorum
1864 1788 1870 1801 ,

1113 1817 1114 1826 ¹
1136 1824 1217 1856 quae
1242 1813 1335 1845 nobis
1362 1813 1504 1856 reliquit,
1526 1815 1749 1856 exen'iplorum
1772 1819 1873 1846 secta-

1137 1871 1221 1898 tores
1247 1866 1318 1898 altis
1345 1865 1509 1898 decoravit
1534 1866 1728 1905 honoribus,
1755 1870 1784 1897 et
1803 1876 1873 1897 cae—

1135 1919 1223 1951 lestis
1248 1918 1456 1951 beatitudinis
1489 1923 1658 1951 consortes
1693 1917 1806 1958 effecit,
1832 1918 1871 1950 vi-

1133 1983 1194 2011 ces,
1210 1972 1283 2004 licet
1299 1971 1461 2010 immeriti,
1476 1976 1628 2013 gerentes
1645 1970 1676 2003 in
1691 1971 1795 2010 terris,
1808 1971 1871 2014 spi-

1133 2025 1296 2058 ritualium
1320 2035 1487 2057 munerum
1514 2025 1698 2063 thesauros,
1731 2034 1867 2067 quorum

1133 2077 1226 2110 nobis
1259 2077 1379 2110 credita
1411 2083 1459 2110 est
1490 2077 1700 2120 dispensatio,
1729 2077 1869 2109 libenter

1133 2140 1325 2173 erogamus,
1352 2130 1433 2162 sicut
1459 2130 1496 2162 ad
1529 2129 1730 2162 excitandam
1764 2135 1796 2161 et
1825 2130 1870 2161 so-

1132 2184 1268 2216 vendam
1293 2194 1369 2225 erga
1395 2183 1527 2216 eosdem
1560 2183 1672 2215 beatos
1710 2181 1790 2215 caeli
1821 2182 1870 2214 in-

1132 2238 1218 2270 colas
1241 2236 1385 2269 fidelium
1406 2235 1527 2268 devotis
1566 2246 1610 2267 Ἧι
1628 2234 1802 2267 salubriter
1821 2245 1869 2267 ex-

1131 2289 1241 2333 pedire
1262 2289 1295 2321 in
1320 2288 1456 2321 Domino
1482 2288 1688 2321 arbitramur.

1175 2344 1189 2385 g
1212 2343 1244 2375 sl,
1279 2341 1357 2375 Cum
1393 2342 1502 2385 itaque
1528 2352 1609 2381 nos,
1636 2341 1676 2373 ad
1707 2341 1867 2374 honorem

1132 2451 1253 2483 tionem
1287 2448 1465 2482 catholicae
1501 2447 1576 2480 fidei
1608 2453 1640 2480 et
1671 2447 1866 2481 christianae

1167 2530 1178 2555 1
1197 2527 1315 2563 Philippi
1331 2527 1427 2554 Benitii
1442 2527 1543 2554 cultum
1559 2526 1718 2562 approbavit
1729 2526 1781 2553 Leo
1793 2525 1821 2559 Χ,
1839 2530 1866 2552 et

1132 2573 1229 2600 deinde
1243 2572 1363 2599 extendit
1379 2572 1476 2599 Paulus
1490 2573 1523 2605 V,
1540 2576 1568 2599 nt
1585 2572 1675 2599 videre
1691 2575 1732 2599 est
1747 2571 1772 2597 in
1792 2571 1864 2598 Bul·

1132 2618 1205 2646 lario
1219 2621 1283 2644 tom.
1300 2622 1346 2651 xn,
1362 2624 1424 2652 pag.
1440 2617 1490 2643 427
1507 2619 1545 2652 (a.
1561 2617 1610 2650 T.).

1773 223 1837 255 315³
1885 232 1934 258 An.
1956 231 1985 257 c,
2007 232 2077 258 1072

1909 1716 2030 1739 Exordium,

1927 2348 2062 2370 stinonizatio

1879 2374 1901 2395 S.
1919 2375 2008 2401 Philippi
2022 2375 2061 2396 Be-

1131 2395 1182 2428 SS.
1212 2400 1243 2428 et
1270 2394 1453 2427 individuae
1480 2394 1652 2434 Trinitatis,
1681 2394 1719 2426 ad
1749 2395 1931 2426 exalta-nutu.
