2279 3260
224 238 275 264 An.
293 236 320 263 C.
345 236 410 263 law

455 227 519 259 65ss

460 296 521 318 xiv,
551 282 722 316 Praedictis
754 282 850 324 igitur
875 278 1092 325 praeambulis
1118 276 1173 308 {L}

416 337 501 378 nitis,
528 337 682 380 procedat
706 335 881 378 capitulum
906 333 943 365 ad
965 330 1150 368 electiones,

418 396 448 424 et
472 390 652 434 procedant
676 399 800 426 omnes,
828 386 945 428 fiatque
963 388 1036 416 ante
1061 392 1151 425 pran-

418 444 505 476 dium
531 443 647 476 electio
673 441 772 485 patris
791 437 964 481 generalis,
983 436 1006 467 si
1035 434 1152 468 sacien-

419 497 458 528 ‹la
483 500 530 528 est
555 496 585 527 in
612 495 667 527 illo
684 493 837 536 capitulo;
865 488 1027 532 generalis
1047 492 1152 519 autem

421 557 532 581 recens
558 548 688 586 electus,
710 546 733 577 si
753 553 880 587 praeses
897 543 948 582 sit,
969 541 1079 573 sedeat
1097 539 1153 571 ini-

420 601 559 634 mediate
604 604 677 643 post
715 603 839 641 putrem
876 594 1062 637 generalem
1099 591 1151 634 qui

421 655 561 697 expirat,
588 653 652 685 sire
687 656 760 694 post
785 648 969 692 praesidem
995 644 1151 689 capituli,

421 717 486 739 non
503 712 607 738 tamen
625 703 815 747 praesideat,
836 711 894 733 nec
913 699 1051 732 officium
1070 707 1155 729 exer-

422 764 493 793 ceat
527 766 693 800 usquequo
729 755 857 787 liniatur
882 752 1077 795 capitulum,
1110 749 1157 782 ni-

421 810 598 845 hilominus
619 819 743 848 onmes,
764 813 826 839 tam
850 805 1043 848 capitulares
1060 812 1156 846 quam

423 864 519 898 ceteri
556 862 699 905 religiosi
743 864 943 898 conventus,
980 856 1086 889 statim
1121 865 1156 887 ac

423 917 538 950 electio
556 916 638 948 saeta
655 915 702 955 sit,
721 918 860 957 pergant
872 908 1158 955 processionaliter

423 981 497 1003 cuni
522 970 625 1002 electo
644 968 675 1001 in
693 966 863 1000 ecclesiam
884 968 1049 997 cantantes
1071 962 1154 1004 hym>

424 1033 499 1055 num
532 1021 570 1054 Te
594 1021 697 1054 Deum
724 1019 914 1057 laudamus,
941 1022 972 1049 et
1002 1015 1043 1048 ibi
1075 1008 1161 1047 acciss

424 1076 515 1119 piant
539 1074 578 1107 ab
612 1083 649 1106 eo
684 1071 964 1108 benedictionem,
991 1074 1022 1101 et
1051 1066 1159 1100 omnia

425 1128 502 1160 fiant
526 1126 611 1158 iuxta
637 1126 772 1157 sormam
790 1122 979 1166 dispositam
997 1121 1029 1152 in
1050 1124 1159 1152 nostro

426 1179 589 1219 manuali3
630 1183 736 1211 tamen
773 1176 799 1209 si
836 1173 997 1218 generalis
1038 1173 1160 1205 electus

426 1243 580 1277 praesens
598 1241 662 1265 non
689 1229 793 1269 suerit,
812 1229 903 1260 illum
928 1236 993 1259 non
1011 1228 1161 1268 expectet

427 1286 614 1330 capitulum,
635 1283 693 1316 sed
714 1286 940 1325 prosequatur.

470 1348 520 1371 xv.
547 1338 578 1370 Si
603 1337 635 1369 in
661 1335 804 1379 capitulo
829 1334 885 1366 illo
904 1343 969 1366 non
987 1332 1027 1364 sit
1044 1328 1162 1363 facien-

429 1392 468 1425 da
506 1390 622 1423 electio
665 1386 804 1421 ministri
845 1384 1019 1428 generalis,
1047 1383 1163 1416 eodem

428 1444 561 1477 sabbato
597 1446 670 1474 ante
694 1438 867 1483 prandium
900 1436 1058 1479 incipiant
1091 1434 1162 1467 sieri

428 1501 607 1529 ceterorum
646 1494 864 1536 praelatorum
901 1489 1089 1529 electiones,
1133 1493 1165 1521 et

427 1553 671 1593 prosequantur
684 1546 717 1578 in
730 1544 864 1588 reliquis
878 1542 1085 1581 sessionibus,
1099 1547 1163 1575 tani

428 1600 584 1646 vespere¹
609 1600 756 1633 eiusdem
781 1597 923 1638 sabbati,
953 1607 1047 1640 quam
1072 1606 1163 1629 mane

430 1660 463 1688 et
486 1664 621 1697 vespere
647 1651 854 1695 sequentium
868 1650 1004 1689 dierum,
1025 1649 1088 1682 hoc
1113 1658 1165 1681 or-

431 1709 520 1742 dine:
544 1707 633 1751 prius
658 1706 818 1747 eligantur
843 1703 1035 1736 definitores
1068 1712 1165 1744 gene-

430 1762 526 1802 rales,
542 1769 679 1804 quorum
694 1757 782 1801 prior
799 1757 928 1795 electus,
944 1756 983 1788 sit
1002 1754 1164 1794 delinitor,

432 1813 575 1847 secundo
601 1813 732 1850 electus,
748 1809 916 1848 secundus,
944 1813 975 1840 et
999 1808 1044 1840 sic
1062 1807 1100 1840 de
1116 1817 1166 1840 ce-

434 1866 517 1907 teris,
543 1866 668 1899 servata
697 1863 865 1906 prioritate
896 1861 1084 1901 electionis;
1112 1861 1167 1893 de-

432 1919 508 1952 inde
525 1919 684 1960 eligantur
701 1915 840 1949 ministri
853 1914 1066 1958 provinciales
1081 1914 1168 1946 iuxta

434 1970 659 2014 antiquitatem
680 1978 811 2000 suarum
834 1966 1092 2010 provinciarum3
1114 1977 1168 2010 po-
1188 1971 1189 1983 ¹

435 2029 504 2058 stea
521 2021 658 2055 ministri
676 2021 903 2053 conventuales
917 2020 1092 2052 seeundum
1103 2029 1169 2061 gra-

436 2076 622 2110 duationem
658 2075 827 2107 domorum
856 2084 872 2105 a
906 2072 1089 2106 definitorio
1125 2073 1169 2104 sa-

435 2136 517 2163 etam
552 2135 584 2162 et
607 2127 773 2161 vocalibus
806 2127 870 2159 iam
894 2125 1109 2165 manifestam,
1135 2131 1190 2157 ut*

435 2193 523 2216 num.
552 2192 562 2214 1
587 2181 706 2214 dictum
731 2185 786 2219 est,
811 2184 948 2222 propter
974 2189 1069 2222 qnam
1098 2174 1190 2223 gra-l

437 2234 627 2268 duationem
661 2243 727 2266 non
763 2231 964 2274 intelligatur
994 2229 1191 2264 conventus*

437 2287 583 2322 amittere
609 2285 816 2328 antiquitates
840 2294 922 2317 suas.
955 2283 1086 2322 Quando
1118 2295 1171 2317 au-

437 2346 502 2374 tem
526 2341 608 2372 sacta
632 2338 691 2371 fuit
713 2338 829 2371 electio
854 2337 993 2370 ministri
1011 2338 1170 2379 generalis
1191 2361 1193 2377 ἱ

438 2393 551 2426 eodem
574 2402 669 2424 mane
693 2392 801 2423 nullae
827 2391 908 2422 aliae
927 2390 1013 2428 fiant,
1041 2391 1096 2423 sed
1125 2401 1171 2423 re·
1191 2385 1194 2389 ’

439 2456 532 2490 spere
557 2450 632 2488 post
655 2443 824 2487 prandium
841 2443 910 2475 sieri
927 2443 1061 2486 incipiat
1085 2443 1171 2476 ordi-

439 2510 480 2532 ne
506 2499 605 2532 dicto.

476 2614 487 2640 1
509 2612 581 2640 Edit.
601 2611 683 2639 Main.
705 2611 769 2647 legit
788 2619 915 2646 vesperae
935 2614 975 2646 (n.
990 2613 1040 2645 Τ.).

997 229 1177 255 numanum
1200 229 1266 253 ROB!
1273 230 1352 255 mm(

1236 287 1298 311 xv1.
1325 277 1436 310 Finitis
1467 278 1692 319 electionibus,
1726 288 1926 322 prosequan-

1194 333 1245 360 tur
1276 329 1435 363 sessiones
1466 331 1666 364 necessariae
1699 332 1737 365 ad
1767 331 1926 374 agendum

1194 382 1233 414 de
1251 381 1463 424 observantia,
1480 394 1666 427 progressu,
1681 384 1831 428 bonoque
1846 394 1927 416 com-

1194 434 1283 466 muni
1308 440 1438 468 nostrae
1463 436 1640 479 religionis,
1666 443 1696 469 et
1722 442 1795 469 ante
1821 437 1927 469 onmia

1195 499 1230 520 ac
1253 488 1428 532 praecipue
1458 489 1496 522 de
1522 490 1591 522 eius
1617 489 1778 530 instituto,
1802 490 1928 523 redem-

1195 541 1307 584 ptione
1322 541 1472 574 nimirum
1490 542 1702 585 captivorum.
1725 542 1844 580 Quibus
1858 553 1928 575 con-

1196 594 1302 634 clusis,
1329 594 1503 637 capitulum
1535 605 1594 637 per
1625 599 1750 628 secreta
1780 594 1928 638 suffragia

1197 647 1295 689 eligat
1319 652 1390 679 octo
1423 658 1458 679 ex
1490 647 1607 680 nostris
1638 647 1764 680 noviter
1790 647 1926 686 electis,

1197 700 1236 732 ad
1261 700 1324 732 hoc
1348 705 1382 732 ut
1405 699 1533 743 priores
1555 705 1695 743 quatuor
1722 700 1772 732 vel
1790 700 1930 743 quinque

1198 757 1391 785 concurrant
1414 752 1510 785 simul
1535 762 1606 784 cum
1631 751 1856 785 definitoribus
1877 752 1932 794 (si-

1199 810 1250 838 cut
1282 805 1440 848 praecipit
1474 805 1598 848 regula)
1624 804 1662 837 ad
1698 804 1932 838 correctionem

1199 859 1249 890 vel
1270 858 1508 900 depositionem
1535 856 1634 900 patris
1660 857 1829 899 generalis,
1857 856 1883 889 si
1901 856 1932 889 in

1200 912 1256 944 illo
1282 911 1421 944 triennio
1446 921 1526 953 opus
1560 910 1673 950 suerit,
1709 910 1827 952 reliqui
1858 920 1934 942 vero

1200 963 1339 1008 ministri
1365 963 1403 995 ad
1429 963 1491 996 hoc
1516 962 1659 1006 deputati
1677 962 1763 994 iuxta
1787 961 1934 994 ordinem

1201 1026 1276 1049 suae
1302 1015 1471 1049 electionis
1496 1015 1671 1047 succedant
1695 1013 1819 1057 primiS,
1847 1013 1872 1046 si
1898 1023 1935 1046 ex

1201 1070 1269 1102 istis
1293 1068 1410 1112 aliquis
1435 1068 1590 1101 defecerit
1614 1067 1736 1107 mortis,
1764 1067 1937 1100 renuncia-

1203 1124 1298 1156 tionis
1330 1128 1384 1155 aut
1415 1122 1475 1155 alia
1512 1122 1622 1165 quavis
1656 1122 1760 1154 causa.
1789 1121 1937 1153 Declara-

1202 1187 1271 1209 mus
1289 1182 1394 1208 autem
1412 1175 1497 1218 quod
1526 1175 1564 1207 ad
1583 1174 1676 1207 istam
1697 1174 1937 1207 correctionem

1203 1230 1253 1262 vel
1278 1228 1512 1272 depositionem
1543 1227 1668 1270 possint
1691 1226 1767 1269 eligi
1801 1226 1937 1259 ministri

1204 1281 1431 1324 provinciales.

1247 1344 1323 1367 xv11.
1350 1333 1486 1375 Insuper
1514 1331 1601 1364 idem
1634 1330 1813 1374 capitulum
1842 1331 1942 1374 eligat

1205 1397 1259 1419 sex
1276 1391 1383 1429 patres
1398 1396 1433 1417 ex
1453 1384 1652 1427 gravioribus
1669 1383 1848 1426 religionis,
1863 1394 1942 1427 quo-

1205 1450 1276 1472 rum
1300 1437 1436 1471 consilio
1470 1443 1502 1471 et
1529 1447 1661 1470 assensu
1690 1442 1782 1480 pater
1806 1447 1942 1479 genera-

1183 1537 1185 1541 ·
1206 1492 1244 1525 lis
1269 1491 1417 1535 (quando
1438 1500 1530 1523 casus
1551 1490 1748 1532 occurrerit)
1775 1489 1883 1522 eiiciat
1902 1490 1941 1521 ab

1206 1545 1324 1578 Ordine
1361 1544 1501 1587 aliquem
1531 1544 1580 1576 vel
1611 1542 1747 1586 aliquos,
1784 1543 1941 1575 instructo

1206 1608 1361 1642 processu
1387 1602 1419 1629 et
1450 1597 1545 1640 plene
1577 1595 1719 1639 probatis
1752 1595 1857 1628 causis
1891 1606 1943 1628 ex-

1207 1650 1367 1695 pulsionis
1392 1649 1478 1681 iuxta
1495 1644 1658 1681 decretum
1675 1659 1785 1681 sacrae
1803 1647 1943 1690 Congre-

1208 1704 1345 1748 gationis
1376 1703 1534 1741 Concilii‚
1573 1707 1604 1734 et
1638 1707 1814 1745 propterea
1844 1702 1945 1744 eligat

1208 1768 1338 1801 quoque
1363 1756 1539 1799 capitulum
1558 1755 1596 1788 ad
1617 1755 1768 1788 eumdem
1794 1754 1943 1787 effectum

1209 1810 1288 1844 alios
1313 1814 1451 1853 quatuor
1475 1810 1524 1841 vel
1550 1818 1604 1840 sex
1630 1813 1739 1850 patres
1765 1808 1945 1849 subrogan-

1210 1864 1268 1896 dos
1293 1862 1407 1895 ordine
1433 1871 1508 1894 suae
1533 1859 1700 1892 electionis
1725 1859 1757 1891 in
1783 1859 1943 1892 desectum

1210 1917 1345 1950 alicuius
1380 1916 1429 1948 vel
1466 1914 1649 1957 aliquorum
1687 1923 1723 1946 ex
1759 1924 1812 1946 sex
1853 1912 1943 1955 prius

1211 1970 1336 2004 electis.

1251 2033 1343 2056 xvnl.
1370 2021 1491 2054 Deinde
1524 2020 1687 2062 eligantur
1711 2019 1790 2052 socii
1816 2019 1943 2062 provin-

1211 2076 1331 2109 ciarum
1356 2084 1415 2117 pro
1440 2073 1581 2116 capitulo
1616 2072 1800 2105 immediate
1825 2072 1944 2109 futuro.

1211 2128 1298 2161 iuxta
1322 2126 1506 2170 supradicta
1529 2125 1562 2157 in
1588 2124 1648 2157 isto
1673 2135 1744 2168 cap.
1771 2125 1786 2168 ξ
1810 2124 1842 2165 3,
1861 2135 1891 2157 n.
1910 2136 1943 2158 11.

1212 2180 1331 2219 Quibus
1353 2178 1568 2212 electionibus
1595 2177 1697 2217 sactis,
1721 2178 1870 2220 legantur
1894 2189 1945 2211 co-

1212 2244 1278 2266 ram
1300 2237 1367 2267 toto
1392 2231 1534 2274 capitulo
1565 2230 1696 2263 decreta
1725 2236 1853 2263 sanctae
1882 2231 1944 2264 Ro-

1212 2296 1323 2319 manae
1341 2291 1372 2318 et
1388 2283 1549 2327 generalis
1562 2282 1795 2325 Inquisitionis‚
1813 2288 1844 2316 et
1859 2294 1947 2327 prae-

1214 2350 1263 2372 ses
1287 2337 1421 2381 capituli
1446 2337 1596 2369 hortetur
1620 2335 1790 2377 gremiales
1816 2336 1855 2369 ad
1875 2337 1948 2370 illo-

1214 2402 1284 2424 rum
1309 2390 1453 2423 strictam
1477 2387 1697 2421 obedientiam
1722 2394 1753 2421 et
1777 2388 1946 2422 observan-

1216 2444 1301 2477 tiam.

1256 2506 1320 2530 x1x.
1347 2494 1491 2528 Decretis
1517 2494 1618 2536 lectis,
1633 2495 1718 2528 idem
1743 2506 1875 2538 praeses
1902 2505 1948 2528 ca-

1214 2549 1305 2593 pituli
1327 2548 1481 2582 continuo
1502 2547 1648 2591 imponat
1664 2554 1872 2592 praeceptum
1894 2559 1948 2583 vo-

1215 2603 1338 2636 calibus
1371 2602 1519 2635 omnibus
1548 2607 1579 2635 et
1603 2602 1758 2646 singulis,
1793 2607 1829 2635 ut
1863 2602 1949 2636 intra

1936 229 1985 257 Αη.
2002 230 2031 257 C.
2055 230 2122 257 ¹676
