2279 3260
958 234 1051 259 mnax
1079 234 1182 258 RERUM
1727 226 1790 258 705

295 289 480 324 Franciscns
504 288 601 321 Maria
625 287 719 321 Rhini
752 297 769 319 a
800 286 934 327 Pontio,
961 286 1102 321 minister
1133 287 1288 331 generalis
1313 286 1439 320 Ordinis
1465 286 1623 320 Minorum
1649 287 1688 321 de
1713 287 1833 323 Obser-

385 342 500 382 vanua,
527 340 591 374 30&
616 341 645 381 b,
673 339 737 374 309
762 340 789 374 b.

295 395 482 429 Franciscus
507 393 601 427 Maria
626 392 804 426 Sarubbius
819 393 857 427 cle
875 393 1024 437 Neapolis
1050 394 1146 427 abbas
1163 393 1427 437 Congregationis
1444 394 1556 427 Montis
1578 394 1703 434 Oliveti,
1722 393 1785 427 422
1804 394 1829 428 b.

297 448 485 482 Franciscus
510 446 610 486 Pallu,
638 447 808 490 episcopus
835 446 1081 490 Eliopolitanus‚
1109 447 1174 479 444
1197 458 1229 487 α,
1255 445 1320 480 460
1345 457 1375 479 α.

298 500 488 534 Franciseus
521 498 647 533 Perinet
677 499 851 533 canonieus
883 498 1037 533 ecclesiae
1068 498 1253 533 Bisuntinae
1284 499 1457 533 absolvitur
1488 510 1505 532 a
1537 500 1691 541 censum,
1724 499 1786 533 575
1817 500 1834 533 b

386 558 417 586 et
440 563 502 596 seq.
1120 586 1130 595 ¹

297 606 486 640 Franciseus
512 605 746 650 Scannapiecus
766 606 854 651 prior
877 606 1033 650 generalis
1057 605 1184 640 Ordinis
1207 605 1321 639 Beatae
1343 605 1458 639 Mariae
1483 604 1523 638 de
1547 605 1652 639 Monte
1677 605 1832 646 Carmelo,

387 658 453 692 494
476 660 503 693 b.

299 712 422 747 Fratres
448 712 645 747 diversorum
670 712 837 753 ordinum,
863 712 935 745 vide
959 712 1055 752 Ordo,
1074 713 1121 745 vel
1144 712 1300 753 Monachi,
1320 712 1368 745 vel
1387 712 1515 756 propria
1532 711 1675 756 ipsorum
1691 713 1832 746 nomina.

298 766 423 800 Fratres
448 766 543 799 Tertii
570 766 696 799 Ordinis
721 766 982 809 Congregationis
1008 766 1190 799 Gallicanae
1214 766 1312 799 oblati
1347 771 1418 809 post
1444 771 1515 799 octo
1540 776 1642 799 annos
1667 766 1706 799 ad
1732 777 1832 810 capu-

387 819 465 852 tium
490 825 520 852 et
545 825 663 853 statum
689 819 833 852 laicalem
859 826 992 863 possunt
1010 818 1149 859 admitti,
1168 817 1265 852 3061>
1290 824 1320 852 et
1344 830 1415 863 seq.;
1444 819 1575 852 fratrum
1601 819 1834 863 praedictorum

385 872 435 906 ius
466 873 651 907 conferendi
683 872 828 906 habitum
859 872 955 905 Tertii
986 872 1115 905 Ordinis
1148 871 1291 915 personis
1324 872 1543 905 saecularibus
1579 873 1836 907 communicatur

383 926 479 959 etiam
513 926 739 970 Cappueciffls,
774 930 805 959 et
839 931 1032 959 revocantur
1063 925 1223 958 contraria
1252 924 1396 965 decreta,
1428 924 1492 958 540
1527 925 1544 957 b
1580 933 1610 959 et
1642 936 1725 970 seq.;
1763 926 1834 959 vide

386 979 482 1012 Tertii
508 979 644 1012 Ordinis.

298 1031 443 1065 Fratrum
469 1032 625 1064 Minorum
648 1031 687 1064 de
711 1031 917 1064 Observantia
942 1031 1183 1065 recollectorum
1203 1041 1260 1073 pro
1277 1030 1430 1064 electione
1454 1030 1684 1073 praesectarum
1703 1037 1733 1064 et
1749 1032 1834 1076 prio-

385 1084 538 1117 rissarum
563 1084 594 1116 in
619 1084 792 1127 provinciis
818 1084 1129 1127 Germano-Belgicis
1154 1083 1346 1124 iurisdictio,
1368 1083 1433 1117 2822
1458 1095 1478 1116 a
1503 1089 1533 1117 et
1557 1095 1635 1128 seq.;
1660 1085 1732 1117 vide
1749 1085 1833 1119 Ordo

386 1137 540 1170 Minorum
566 1137 604 1170 de
628 1136 842 1170 Observantia.

1055 1287 1080 1321 G

295 1400 441 1435 Gabellas
467 1411 522 1435 seu
546 1401 681 1445 pedagia
705 1412 770 1435 non
794 1401 946 1446 permissa
973 1401 1175 1445 imponentes
1200 1408 1273 1435 sunt
1299 1402 1581 1443 excommunicati,
1610 1401 1672 1436 176
1697 1403 1724 1436 b.

293 1455 454 1490 Galeatius
480 1456 741 1500 archiepiscopus
767 1456 920 1495 Corinthi,
946 1456 1033 1488 Sedis
1059 1456 1260 1499 Apostolicae
1285 1456 1316 1488 in
1343 1456 1491 1499 Hispania
1517 1457 1651 1490 nuntius
1668 1485 1675 1497 ,
1702 1457 1767 1490 504
1791 1458 1832 1495 ΖΓ,

385 1509 428 1541 illi
453 1509 664 1542 committitur
694 1510 827 1542 facultas
860 1509 1035 1551 deputandi
1068 1509 1219 1542 officiales
1251 1509 1402 1542 ecclesiae
1427 1509 1736 1553 caesaraugustanae
1761 1511 1834 1544 sede

386 1568 528 1603 vacante,
556 1561 620 1595 505
644 1573 663 1595 cc
689 1567 719 1595 et
743 1574 803 1606 seq.

296 1615 415 1659 Gaspar
438 1615 611 1648 cardinalis
636 1615 811 1659 Carpineus
836 1615 972 1649 vicarius
996 1616 1027 1649 in
1053 1616 1271 1660 spiritualibus
1297 1617 1453 1660 generalis
1479 1616 1646 1651 Clementis
1664 1618 1689 1651 X
1714 1623 1745 1652 et
1766 1629 1834 1662 pro-

385 1668 541 1709 datarius,
568 1668 631 1702 0296
657 1680 688 1702 α.

295 1722 492 1756 Gevenenses
517 1722 600 1755 inter
623 1728 653 1755 et
677 1723 790 1756 ducem
815 1722 994 1756 Sabaudiae
1020 1723 1199 1766 pacificatio
1224 1723 1299 1757 inita
1326 1723 1531 1768 reprobatur,
1552 1724 1615 1758 518
1632 1725 1649 1758 b
1667 1730 1697 1758 et
1721 1736 1784 1769 seq.

294 1777 520 1811 Germanicum
545 1777 730 1820 collegium,
757 1777 827 1810 vide
851 1777 1026 1820 Collegium
1052 1776 1288 1811 Germanicum.

295 1830 468 1864 Goanensis
493 1830 712 1874 Inquisitionis
737 1830 874 1864 ministri
899 1831 1019 1864 nullam
1045 1831 1161 1864 habent
1185 1830 1439 1865 iurisdictionem
1465 1832 1497 1864 in
1515 1831 1681 1876 episcopos
1698 1833 1832 1866 vicarios

383 1884 577 1927 apostolicos
601 1884 762 1925 Sinarum,
789 1885 853 1917 4402
878 1895 897 1918 α
923 1891 953 1919 et
978 1886 1005 1918 b.

294 1937 541 1981 Gorgomienses
554 1938 774 1971 novemdecim
790 1944 947 1981 martyres
964 1939 1200 1979 beatificantur,
1217 1944 1247 1973 et
1260 1938 1394 1972 nomina
1419 1940 1612 1980 reseruntur,
1635 1938 1697 1972 601
1719 1951 1738 1974 α
1757 1945 1786 1974 et
1803 1941 1829 1974 b.

295 1991 487 2025 Graecorum
513 1992 697 2034 collegium,
723 1992 793 2024 vide
818 1992 990 2035 Collegium
1018 1992 1223 2026 Graecorum.

295 2044 492 2087 Guglieluius
516 2044 710 2079 flambertus
736 2057 753 2078 a
777 2044 988 2088 Praecipiano
1006 2045 1173 2089 illegitime
1189 2045 1319 2089 eligitur
1336 2057 1353 2078 a
1369 2045 1531 2079 canonicis
1549 2046 1703 2080 eeclesiae
1722 2046 1834 2080 Bisun-

383 2098 468 2131 tinae
493 2098 524 2131 in
548 2098 707 2131 decanum
732 2098 832 2141 ipsius
857 2098 1021 2138 ecelesiae,
1047 2098 1112 2132 5102
1137 2099 1154 2132 b
1179 2104 1206 2132 et
1230 2110 1310 2143 seq.;
1332 2098 1395 2132 576
1420 2110 1440 2132 α
1464 2105 1493 2132 et
1518 2111 1580 2143 seq.

297 2150 398 2184 Guido
422 2151 574 2184 Ascanius
599 2151 770 2185 cardinalis
795 2151 935 2191 Ssorfia,
962 2151 1038 2184 olim
1063 2152 1094 2185 S.
1122 2152 1157 2185 R.
1183 2152 1216 2185 E.
1240 2152 1447 2194 camerarius,
1474 2151 1540 2186 383
1564 2154 1598 2195 ἰν,
1623 2153 1691 2187 eius
1721 2153 1830 2187 decre-

384 2209 452 2237 tum
476 2206 623 2245 refertur,
650 2204 728 2238 ibid.

296 2256 481 2290 Gundisalvi
506 2258 565 2301 (B.)
581 2259 620 2292 de
645 2258 814 2292 Amaraute
838 2257 964 2291 Ordinis
981 2258 1236 2292 Praedicatorum
1262 2257 1402 2290 officium
1423 2264 1453 2291 et
1467 2257 1565 2291 missa
1589 2259 1770 2293 extenditur
1793 2260 1832 2293 ad

384 2308 565 2344 universam
589 2311 618 2345 S.
646 2311 802 2345 Dominiei
828 2311 1028 2355 religionem,
1055 2311 1119 2345 ⁶237
1143 2312 1160 2343 b
1185 2317 1215 2345 et
1238 2322 1302 2355 seq.

1053 2464 1078 2497 H

296 2577 446 2613 Habitum
471 2578 553 2612 sacri
577 2579 750 2622 scapularis
774 2585 933 2624 gestantes
950 2585 1028 2624 quot
1048 2581 1265 2626 indulgentias
1290 2586 1539 2626 consequantur,
1564 2580 1600 2614 V.
1622 2579 1832 2623 Indtthencz'a

385 2631 694 2675 confraternitatum
718 2635 804 2666 sacri
827 2634 1022 2677 scapularis.

437 2693 514 2723 Bull.
530 2693 614 2722 Rom.
635 2710 669 2714 -—
691 2694 752 2724 Vol.
767 2694 875 2723 XVIII.
1039 2696 1072 2725 89
