2279 3260
560 289 623 323 710
1108 294 1284 319 normanna
1308 294 1459 319 nomnen

603 350 763 395 cappe-llas
788 348 967 393 praedictas
988 354 1064 391 quot
1092 347 1117 379 si
1151 348 1242 381 Urbis
1267 348 1416 382 ccclesias
1437 347 1628 388 visitassent,
1652 347 1753 389 ibatis,
1779 347 2050 391 indulgentiarum

601 404 812 448 praefatarum
846 401 1145 436 communicationis
1170 411 1250 434 nova
1282 401 1420 434 formula
1453 401 1698 445 praescribitur,
1726 400 1783 434 391
1823 401 1860 442 b,
1887 401 2052 445 indulgen-

600 457 663 490 tiae
698 456 856 501 praefatae
881 454 1115 487 confirmantur
1139 464 1195 497 pro
1223 453 1475 497 Congregationc
1503 454 1684 498 Hispaniae,
1712 453 1776 488 409
1801 454 1827 487 b.

515 510 734 553 Induigentiae
772 518 830 552 pro
874 507 1086 541 confratribus
1128 514 1157 540 ct
1203 508 1431 541 consororibus
1475 508 1744 542 confraternitatis
1780 503 2051 552 Chordigerorum

600 564 630 596 S.
661 561 833 601 Francis-i,
862 560 926 594 41⁶2
947 572 983 601 1¹3
1011 560 1211 604 indulgentia
1236 561 1376 605 plenaria
1402 561 1476 605 ipsis
1501 561 1653 595 confessis
1686 566 1716 595 et
1744 561 1972 596 communione
2002 571 2052 595 re-

599 615 690 650 fectis
720 615 769 648 ‹lie
802 615 903 658 primo
936 624 1046 647 corum
1073 613 1258 657 ingressus,
1285 615 1382 655 2·b1'‹t.;
1415 615 1490 648 item
1515 615 1545 648 in
1580 615 1657 649 festo
1686 615 1852 659 principali
1877 615 2050 650 confrater-

600 668 709 701 nitatis
727 667 870 700 eiusdem
896 666 1062 699 ecclesiam
1089 677 1143 699 seu
1170 667 1347 700 oratorium
1373 667 1586 708 visitantibus,
1603 668 1678 701 ibid.
1704 667 1737 709 b;
1765 667 1962 712 indulgentia
1986 670 2051 712 ple-

599 722 688 755 naria
714 722 835 754 eisdem
862 721 893 753 in
920 721 1033 753 mortis
1058 720 1194 754 articulo
1221 721 1332 753 saltem
1357 731 1475 754 nomen
1502 721 1574 755 Iesu
1603 732 1658 755 ore
1678 748 1685 761 ‚
1720 720 1770 754 sin
1798 721 1929 763 minus,
1955 722 2050 755 corde

599 775 842 815 invocantibus,
868 774 969 814 ibicl.;
1004 775 1083 807 aliae
1116 773 1337 816 indulgentiae
1362 773 1476 807 iisdem
1513 784 1685 808 concessae
1719 774 1923 815 referuntur,
1949 774 2048 813 ibid‚;

599 828 814 872 indulgentias
832 828 989 872 praefatas
1003 827 1172 860 animabus
1194 826 1420 861 defunctornm
1446 828 1599 872 applicari
1622 838 1716 871 posse
1733 827 1866 861 indulsit
1880 828 1998 861 Paulus
2014 828 2050 867 V,

597 881 661 914 413
686 893 720 919 (ι;
745 881 961 925 indulgentias
994 880 1173 924 praedictas
1199 881 1438 914 communicare
1463 891 1557 925 posse
1581 881 1712 914 cuilibet
1737 881 1992 915 confraternitati
2019 881 2050 913 in

597 935 741 969 ecclesiis
762 935 919 969 Minornm
945 926 1211 967 Conventualium
1245 941 1382 974 erectae,
1416 945 1527 968 eorum
1559 934 1708 968 ministro
1737 935 1877 978 generali
1911 939 1942 968 et
1965 945 2051 968 com-

599 988 745 1022 missario
776 988 917 1031 generati
943 988 1099 1021 Minorum
1121 988 1159 1020 de
1183 986 1402 1027 Observantia,
1428 987 1460 1020 in
1486 987 1564 1021 locis
1589 993 1695 1022 tamen
1720 987 1774 1021 ubi
1794 998 1859 1021 non
1878 987 1943 1021 sint
1968 987 2050 1022 Con-

596 1043 769 1082 ventuales‚
786 1042 941 1075 concessit
967 1040 1071 1074 Sixtus
1096 1041 1131 1080 V,
1158 1040 1222 1073 413
1246 1040 1272 1073 b.

510 1094 734 1137 Indulgentiae
760 1105 817 1138 pro
842 1093 1040 1137 gestantibus
1065 1099 1093 1127 et
1118 1094 1326 1128 recitantibus
1353 1104 1502 1128 coronam
1529 1094 1830 1135 Camatdutensium,
1858 1093 1922 1128 492
1947 1093 1981 1135 b;
2004 1094 2051 1128 in-

598 1148 760 1191 dulgentia
794 1148 936 1192 plenaria
967 1159 1036 1182 eam
1063 1147 1290 1188 recitantibuS,
1317 1153 1352 1181 ut
1376 1158 1481 1192 supra,
1507 1159 1563 1192 per
1587 1158 1728 1181 mensem
1754 1146 1888 1190 singulis
1914 1146 2046 1187 diebus,

597 1200 661 1235 493
687 1213 721 1242 α;
746 1202 944 1244 indulgentia
970 1201 1110 1245 plenaria
1136 1201 1401 1234 occumbentibus
1425 1202 1457 1234 in
1482 1202 1567 1236 bello
1592 1208 1704 1235 contra
1733 1200 1893 1241 infideles,
1926 1201 1951 1234 si
1977 1211 2047 1234 eam

598 1260 645 1287 ter
668 1253 698 1286 in
732 1253 935 1287 hebdomada
970 1254 1191 1295 recitaverint,
1218 1253 1282 1286 493
1307 1265 1347 1295 α;
1374 1254 1454 1287 aliae
1483 1254 1701 1297 indulgentiae
1730 1254 1921 1293 reseruntur,
1948 1253 2046 1294 ibid.;

593 1307 810 1350 indulgentiae
836 1308 995 1350 praefatae
1015 1307 1167 1350 applicari
1192 1313 1328 1350 possunt
1351 1318 1410 1351 pro
1435 1307 1604 1341 animabus
1629 1306 1820 1351 purgatorii,
1838 1306 1904 1339 494
1924 1317 1955 1339 α.

505 1360 724 1402 Indulgentiae
749 1361 901 1393 fratribus
926 1360 1053 1393 Ordinis
1078 1360 1237 1393 Minorum
1263 1360 1302 1392 de
1334 1360 1539 1394 observantia
1568 1361 1599 1393 in
1630 1361 1774 1404 partibus
1805 1361 2049 1394 Terraesanctae

593 1415 793 1456 degentibus,
820 1414 1014 1457 easdemque
1038 1414 1241 1448 visitantibus
1267 1425 1451 1456 concessae,
1479 1414 1723 1455 confirmantur,
1747 1413 1789 1447 39
1815 1414 1850 1455 b3
1879 1414 2048 1457 indulgen-

595 1467 640 1501 tia
666 1467 807 1510 plenaria
841 1467 872 1499 in
906 1466 1044 1500 articulo
1080 1468 1194 1500 mortis
1227 1478 1284 1511 pro
1317 1467 1544 1512 interpretibus
1578 1468 1764 1501 eorumdem
1794 1467 2047 1512 Hierosolymis,

594 1521 778 1555 Bethlehem
803 1527 833 1554 et
858 1521 1013 1555 Nazareth
1039 1521 1259 1562 existentibus,
1287 1520 1329 1553 40
1354 1532 1384 1554 α.

505 1573 729 1618 Indulgentiae
753 1574 1024 1608 Discalceatorum
1050 1575 1083 1607 B.
1110 1575 1146 1608 M.
1173 1574 1211 1607 de
1236 1574 1381 1609 Mercede
1413 1574 1646 1618 redemptionis
1675 1575 1874 1618 captivorum
1900 1573 1940 1607 ad
1964 1575 2052 1608 savo-

593 1639 659 1662 rem
684 1629 904 1663 Calceatorum
929 1628 1072 1662 eiusdem
1097 1628 1226 1661 Ordinis
1251 1628 1479 1668 extenduntur,
1505 1628 1570 1662 ⁶286
1594 1639 1613 1662 α
1638 1634 1668 1661 et
1693 1628 1727 1669 b;
1752 1627 1815 1662 598
1841 1638 1861 1660 a
1885 1632 1914 1661 et
1937 1638 2001 1671 seq.

504 1682 738 1727 Indulgentiam
763 1689 893 1716 centum
919 1682 1043 1715 dierum
1070 1682 1235 1715 lucrantur
1260 1683 1436 1715 confratres
1461 1681 1655 1715 sanctissimi
1680 1681 1826 1726 Corporis
1852 1680 1968 1716 Christi
1993 1691 2047 1715 co-

592 1737 742 1770 mitantes
766 1736 921 1770 cadavera
945 1735 984 1770 ad
1010 1737 1221 1780 sepulturam,
1249 1735 1312 1769 387
1338 1747 1371 1769 a.

503 1790 709 1825 Infirmorum
735 1790 950 1824 confessiones
977 1790 1091 1834 quovis
1116 1789 1188 1822 anni
1215 1796 1360 1833 tempore
1386 1795 1519 1833 possunt
1540 1790 1702 1833 regulares
1720 1788 1831 1823 audire
1848 1793 1879 1822 et
1903 1788 1941 1822 ad
1969 1787 2046 1832 quid

593 1851 773 1885 teneantur,
800 1845 840 1878 57
867 1856 898 1878 α.

503 1897 673 1943 lnquilinis
698 1898 791 1932 Urbis
817 1898 1004 1942 pensionem
1030 1898 1145 1932 domus
1170 1909 1228 1942 per
1252 1898 1333 1931 duos
1360 1907 1462 1931 annos
1486 1903 1579 1930 antea
1603 1903 1634 1930 et
1658 1896 1728 1941 ipso
1752 1906 1837 1930 anno
1862 1902 1972 1930 sancto
1991 1906 2046 1929 au-

590 1952 657 1994 geri
683 1952 874 1996 prohibetur
898 1963 915 1984 a
940 1952 1112 1992 Pontifice,
1138 1951 1202 1985 383
1227 1951 1243 1984 b
1267 1956 1297 1984 et
1324 1962 1400 1995 sequ,
1425 1950 1577 1994 lnquilini
1607 1951 1655 1984 vel
1686 1949 1898 1995 subinquilini
1931 1949 2042 1989 Urbis,

592 2011 657 2038 tam
688 2005 844 2045 durante,
872 2016 967 2049 quam
994 2005 1083 2038 finita
1109 2005 1266 2038 locatione
1291 2004 1404 2048 expelli
1430 2015 1495 2037 non
1518 2010 1670 2047 possunt,
1698 2004 1757 2036 nisi
1784 2004 1871 2048 prius
1896 2003 2045 2036 dominus

591 2059 741 2092 iuraverit
766 2069 823 2102 pro
848 2069 906 2092 suo
931 2069 991 2092 usu
1016 2060 1147 2092 domum
1172 2059 1262 2099 velle,
1287 2057 1387 2098 ibid.;
1413 2057 1579 2102 inquilinis
1604 2057 1648 2091 sic
1673 2057 1811 2101 expulsis
1837 2068 1854 2090 a
1879 2056 1987 2097 domo,
2018 2056 2043 2089 si

592 2112 742 2145 dominus
774 2123 842 2145 eam
870 2112 951 2145 intra
984 2123 1103 2145 annum
1129 2112 1221 2145 alteri
1245 2113 1347 2153 locet,
1373 2111 1528 2154 deperdat
1552 2111 1738 2154 pensionem
1763 2111 1903 2144 duorum
1938 2120 2041 2143 anno--

593 2175 675 2206 rum,
702 2166 792 2206 ibid.;
819 2166 1052 2210 inquilinorum
1078 2165 1247 2210 privilegio
1272 2175 1336 2200 non
1364 2165 1483 2209 gaudet
1507 2166 1746 2209 subinquilinus
1773 2165 1860 2199 finita
1885 2165 2045 2200 locatione

592 2218 640 2252 sui
663 2219 814 2259 auctoris,
833 2219 910 2251 ibid.

503 2270 722 2316 Inquisitionis
753 2273 922 2306 instructio
954 2283 1012 2317 pro
1044 2273 1264 2306 examinandis
1295 2273 1430 2307 testibus
1463 2273 1503 2306 ad
1528 2272 1727 2316 probandum
1762 2279 1879 2307 statum
1905 2273 2043 2306 liberum

593 2326 849 2359 contrahentium
876 2327 1141 2367 matrimonium,
1173 2326 1215 2360 82
1240 2338 1260 2360 a
1285 2334 1315 2360 et
1339 2337 1417 2370 seq.;
1443 2326 1658 2370 inquisitionis
1684 2326 1824 2360 edictum
1850 2326 1964 2360 delicta
1990 2336 2041 2359 re·

593 2389 725 2412 censens
751 2389 831 2423 quae
856 2379 992 2413 debeant
1017 2380 1227 2421 denunciari,
1256 2379 1319 2413 342
1345 2392 1364 2413 α
1390 2385 1421 2414 et
1444 2391 1521 2424 seq.;
1547 2379 1762 2423 inquisitionis
1787 2380 1927 2414 edictum
1953 2391 2045 2424 prae-

590 2431 689 2465 fatum
717 2432 912 2476 praecipitur
937 2439 971 2466 ut
995 2433 1178 2476 publicetur
1203 2433 1235 2467 in
1262 2435 1345 2467 Urbe
1370 2440 1400 2467 et
1431 2433 1470 2466 ad
1492 2433 1637 2467 notitiam
1659 2433 1840 2468 deducatur
1864 2434 2044 2467 vicinorum

590 2485 814 2529 episcoporum
843 2486 896 2518 ubi
922 2496 986 2519 non
1011 2487 1051 2520 sit
1078 2487 1264 2531 Inquisitio,
1293 2486 1357 2520 343
1383 2498 1402 2520 α
1429 2492 1458 2519 et
1483 2486 1509 2519 b.

502 2537 721 2582 Inquisitionis
745 2539 957 2583 Portugalliae
981 2551 1096 2574 causae
1130 2545 1305 2573 avocantur
1330 2539 1369 2572 ad
1403 2539 1646 2583 Inquisitionem
1671 2540 1775 2582 Urbis,
1795 2540 1859 2574 487
1878 2541 1939 2575 bet
1962 2552 2042 2586 seq.;

590 2591 654 2624 496
679 2591 695 2625 Ι)
721 2597 751 2625 et
775 2603 838 2635 seq.

501 2643 711 2688 Inquisitores
735 2644 896 2679 Sardiniae
920 2644 1001 2678 inter
1025 2652 1056 2679 et
1080 2646 1267 2691 episcopum
1293 2646 1535 2690 Ampuriensem
1560 2657 1655 2682 causa
1678 2647 1719 2681 ad
1743 2647 1860 2683 Sedem
1883 2647 2043 2693 Apostoli-

592 2706 662 2729 cam
687 2701 846 2739 avocatur,
866 2695 930 2731 602
957 2698 973 2731 b
999 2704 1110 2741 etseq.
