2279 3260
223 254 270 281 An.
287 262 317 280 υ.
343 253 407 280 .6’7Ο

244 477 359 497 Contrariis
369 476 404 494 dn-

223 507 287 528 fug-il.

255 638 403 663 'Patisuuipln-

221 671 266 685 runi
282 665 340 685 imas.

255 1996 406 2017 Causae-Com

223 2026 349 2044 stitutionis.

452 243 494 276 5⁰2
983 252 1161 277 nl'LtARlltM

415 301 586 333 canonicas
611 305 782 342 tenentur,
817 306 881 334 tum
919 300 1146 339 saecularibus,

417 359 482 386 tmn
503 354 706 396 regularibus
723 355 889 397 utriusque
908 364 1010 393 sexus,
1027 352 1147 394 ubique

416 407 455 439 de
473 412 646 450 praecepto
671 407 882 439 recitandum.

459 461 473 502 ξ
498 459 528 491 02.
556 459 623 492 Non
640 460 841 492 obstantibus
863 456 1147 491 constitutionibus

414 517 446 544 et
469 512 725 545 ordinationibus
749 511 946 554 apostolicis,
967 508 1147 550 ceterisque

414 564 582 597 contrariis
608 565 874 607 quibuscumque.

459 618 473 659 ξ
504 616 535 649 3.
567 617 719 658 Volumus
756 622 861 648 antem
895 619 930 646 ut
960 612 1146 646 earumdem

415 671 635 712 praesentium
657 670 837 702 litterarum
856 666 1075 709 transumptis,
1093 675 1147 697 sen

414 724 579 766 exemplis,
605 723 700 755 etiam
726 721 901 764 impressis,
928 730 1024 751 mauu
1051 718 1148 751 alicu-

413 776 462 808 ius
485 776 600 808 notarii
630 775 749 818 publici
781 774 831 806 vel
857 771 1018 804 secretarii
1044 771 1146 803 dictae

412 828 578 860 Soriet.atis
603 826 801 869 subscriptis,
824 831 855 858 et
879 825 985 865 sigillo
1010 833 1148 866 praepo-

412 881 463 911 siti
491 880 650 922 generalis
675 879 818 910 eiusdem
844 876 1010 910 Societatis
1036 877 1084 908 vel
1103 877 1148 908 al-

412 933 510 964 terius
530 942 689 975 personae
706 931 738 963 in
755 930 972 963 ecclesiastica
990 929 1146 971 dignitate

412 986 605 1018 constitutae
627 984 768 1024 munitis,
789 984 901 1017 eadem
919 992 1051 1026 prorsus
1068 981 1147 1013 sides

412 1039 444 1070 in
469 1038 588 1070 iudicio
625 1042 656 1069 et
690 1042 777 1069 extra
813 1036 1031 1075 adhilwatur,
1066 1044 1145 1076 quac

412 1091 636 1133 praesentibus
653 1090 730 1132 ipsis
753 1089 978 1128 adhiberetur,
998 1087 1022 1119 si
1042 1087 1148 1119 forent

413 1143 577 1176 exhibitae
602 1144 653 1175 vel
677 1147 839 1187 ostensae.

456 1197 571 1228 Datum
597 1196 729 1234 Romae,
755 1193 840 1237 apud
861 1193 892 1226 S.
908 1192 1036 1224 Mariam
1051 1191 1148 1223 Maio-

413 1260 493 1289 rem,
508 1249 567 1281 sub
588 1249 707 1281 annulo
733 1246 914 1287 piscatoris,
930 1246 981 1278 die
1000 1255 1052 1278 xiv
1069 1244 1146 1277 iunii

412 1312 547 1340 unetxx,
571 1301 778 1344 pontificatus
804 1300 908 1332 nostri
934 1309 1019 1331 anno
1044 1308 1066 1331 1.

448 1362 505 1388 Dat.
522 1362 566 1389 die
583 1363 614 1388 14
633 1361 701 1388 iunii
722 1361 800 1395 1670,
817 1359 912 1395 pontif.
929 1367 999 1386 anno
1016 1365 1034 1385 1.

753 1478 804 1510 IX.

412 1550 552 1583 Indiccio
578 1548 717 1582 iubilaei
740 1547 937 1580 universalis
961 1546 1004 1579 cul
1031 1545 1149 1588 implo-
1175 1549 1177 1557 ¹

455 1603 595 1635 randum
615 1602 766 1634 divinum
790 1600 957 1632 auxilium
982 1599 1078 1631 initio
1097 1598 1150 1630 sui

454 1655 664 1699 potentificatus
686 1664 745 1696 pro
774 1653 917 1685 salutari
941 1656 1071 1684 sanetae
1094 1651 1151 1683 Ec-

457 1708 571 1740 clesiae
587 1707 765 1739 catholicae
784 1705 942 1748 reyimine
956 1705 974 1736 ¹.

644 1778 777 1804 Clemens
798 1777 878 1810 Papa
898 1776 935 1809 Χ,

414 1831 568 1859 universis
589 1830 848 1862 christifidelibus,
870 1829 906 1855 ad
923 1835 995 1862 quos
1011 1834 1151 1861 praesen-

449 1879 495 1903 tes
516 1876 637 1902 litterae
657 1872 865 1908 pervenerint&
888 1874 1016 1900 salutem
1036 1875 1067 1899 et
1082 1878 1151 1904 apo-

450 1920 588 1947 stolicam
606 1919 854 1946 benedictionem.

460 1982 537 2015 Cum
562 1980 783 2013 inscrutabilis
810 1978 992 2012 divitiarum
1023 1977 1153 2020 sapien-

419 2036 480 2068 tiae
506 2040 537 2067 et
559 2033 711 2066 scientiae
737 2033 791 2065 Dei
824 2032 959 2064 altitudo
991 2031 1154 2063 humilita-

417 2094 482 2121 tem
508 2092 651 2120 nostram
670 2086 718 2117 his
736 2084 927 2117 calamitosis
952 2083 1152 2126 temporibus
1174 2108 1175 2111 ,

417 2142 456 2174 ad
482 2150 669 2184 supremum.
694 2138 892 2181 apostolicae
923 2137 1087 2179 dignitatis
1113 2138 1155 2167 111-

417 2195 549 2237 stigium
566 2203 692 2231 vocare,
714 2191 870 2234 nobisque
886 2190 1037 2223 vicariam
1055 2189 1103 2221 sui
1121 2189 1153 2220 in
1174 2199 1176 2237 3

1174 2272 1175 2280 ,
1197 2256 1271 2278 suae
1297 2249 1436 2277 tueatur.
1464 2244 1549 2276 Haec
1573 2247 1677 2274 autem
1702 2246 1738 2273 ut
1757 2240 1934 2273 ardentiori

417 2248 515 2280 terris
530 2250 721 2290 potestatem
736 2244 938 2277 committere
957 2243 1086 2285 dignata
1099 2241 1153 2274 sit:

417 2311 496 2343 nos⁷
522 2300 600 2333 licet
632 2298 714 2331 nihil
738 2297 840 2340 magis
873 2297 1151 2335 desideraremus,

456 2408 466 2434 1
490 2404 646 2433 Huiusmodi
661 2404 808 2430 inbilaeum
819 2402 940 2429 indixere
951 2403 1042 2437 plures
1052 2402 1154 2429 Summi

418 2545 444 2567 et
457 2537 606 2565 Alexander
615 2537 673 2570 VII,
685 2536 775 2563 Const.
789 2542 817 2570 11,
833 2536 1012 2570 Uniyenitus,
1023 2539 1087 2562 tom.
1101 2542 1153 2567 xri,

418 2592 479 2620 pag.
498 2584 530 2617 2,
551 2586 578 2608 et
600 2582 706 2608 demum
727 2580 850 2607 Clemens
865 2579 911 2615 lx,
928 2579 1017 2607 Const.
1039 2588 1064 2614 1,
1085 2580 1152 2607 Pla-

419 2629 495 2658 cuit.
517 2631 581 2654 tom.
602 2632 669 2659 xvu,
694 2633 753 2661 pag.
775 2625 847 2653 512..

1187 251 1337 276 ROMANUM

1191 310 1284 341 quam
1303 305 1337 331 ut
1360 299 1550 333 immensam
1568 299 1655 334 illam
1673 309 1822 332 curarum
1844 307 1925 341 pon-

1192 351 1358 384 unciarum
1384 354 1510 393 molem,
1537 353 1586 385 cui
1615 353 1766 385 serendae
1792 350 1926 383 inarmi-

1191 408 1287 436 tatem
1314 410 1453 437 nostram
1478 407 1574 447 longe
1604 404 1758 448 imparem
1780 402 1927 444 agnosci-

1191 467 1268 495 mus,
1285 458 1434 499 defugere
1450 468 1635 500 possenius·‚
1650 456 1872 494 nihilominus,
1885 465 1924 487 ne

1191 509 1317 541 divinae
1343 510 1499 542 voluntati
1531 510 1663 542 nimium
1697 507 1856 542 obluctari
1880 508 1925 539 vi-

1192 560 1351 601 deremur,
1369 561 1520 604 imposito
1538 562 1632 594 nobis
1652 561 1724 603 iugo
1749 561 1866 594 collum
1887 571 1923 593 ex

1191 613 1355 646 eharitatis
1388 614 1582 646 necessitate
1612 613 1777 646 humiliter
1809 623 1926 655 suppo·
1963 633 1970 640 ·

1191 666 1329 703 suimus,
1351 676 1480 699 omnem
1499 676 1588 709 spem
1607 671 1750 699 nostram
1767 666 1927 698 collocan-

1191 724 1236 750 tes
1261 719 1291 750 in
1325 717 1480 750 ineffabili
1512 718 1657 750 bonitate
1688 717 1860 750 Salvatoris
1895 722 1926 749 et

1191 772 1224 803 D,
1252 770 1287 802 N.
1316 771 1385 803 Iesu
1411 770 1547 809 Christi,
1575 769 1665 802 euius
1690 769 1839 802 auxilium
1865 780 1925 812 pro

1189 824 1369 856 catholicae
1395 824 1557 856 Ecclesiae
1589 822 1749 865 regimine
1781 822 1925 865 quotidie

1190 876 1322 919 privatis
1359 876 1481 908 nostris
1518 875 1684 908 sacrifieiis
1718 879 1750 907 et
1776 874 1926 917 precibus

1190 929 1350 972 supplices
1371 929 1568 961 invocamus.
1594 928 1734 970 idipsum
1753 932 1789 959 ut
1811 931 1842 958 et
1861 936 1925 965 vos,

1190 982 1306 1024 quibus
1321 981 1503 1024 apostolica
1517 980 1703 1013 sollicitudo
1721 990 1737 1011 a
1758 979 1852 1011 nobis
1870 978 1928 1010 im-

1190 1035 1361 1077 pendenda
1387 1039 1456 1074 cst,
1483 1033 1661 1066 coniunctis
1692 1032 1844 1075 precibus
1868 1041 1926 1063 no-

1190 1087 1312 1119 biscum
1338 1087 1459 1129 pariter
1484 1086 1620 1125 faciatis,
1647 1096 1683 1118 ac
1707 1085 1845 1118 divinam
1870 1084 1928 1115 mi-

1189 1139 1402 1172 sericordiam
1427 1149 1486 1181 per
1510 1137 1630 1171 ieiunia
1647 1143 1676 1170 et
1707 1138 1926 1179 eleemosynas

1190 1192 1316 1234 aliaque
1341 1191 1470 1234 pietatis
1496 1201 1597 1233 opera
1615 1189 1776 1222 demereri
1797 1189 1926 1221 studea-

1192 1244 1238 1284 tis,
1258 1249 1392 1286 paterne
1419 1242 1613 1285 requirimus
1632 1247 1663 1275 et
1688 1242 1875 1280 hortamur,
1892 1246 1928 1272 ut

1190 1298 1274 1329 Deus
1293 1302 1418 1339 patrum
1437 1301 1622 1328 nostrorum
1640 1300 1672 1326 et
1695 1293 1851 1338 Dominus
1871 1293 1928 1325 mi-

1190 1349 1399 1386 sericordiae,
1420 1347 1474 1391 qui
1499 1352 1591 1379 vocat
1617 1356 1652 1379 ea
1670 1356 1751 1389 qnae
1771 1337 1929 1383 nonsunt

1192 1407 1352 1444 tamquam
1370 1410 1503 1443 eaquae
1522 1404 1609 1438 sunt,
1627 1399 1681 1431 det
1695 1398 1789 1431 nobis
1803 1397 1926 1430 sedium

1192 1465 1322 1487 suarum
1337 1453 1530 1486 assistricem
1545 1452 1745 1495 sapientiam,
1760 1451 1928 1493 mittatque

1192 1508 1280 1540 illam
1306 1507 1344 1539 de
1370 1506 1468 1538 caelis
1493 1505 1611 1538 sanctis
1648 1504 1713 1537 suis
1749 1509 1780 1536 et
1809 1514 1826 1536 a
1851 1504 1928 1536 sede

1192 1559 1422 1602 magnitudinis
1448 1568 1541 1598 suae,
1565 1562 1600 1589 ut
1620 1556 1789 1589 nobiscum
1815 1556 1873 1595 sit,
1898 1562 1930 1588 et

1193 1613 1358 1645 nobiscum
1374 1611 1507 1652 laboret,
1530 1611 1569 1643 ad
1588 1610 1685 1643 divini
1704 1609 1843 1642 nominis
1862 1610 1930 1652 glo-

1193 1666 1282 1705 riam,
1298 1664 1528 1707 Ecclesiaeque
1543 1668 1671 1696 sanctae
1696 1662 1877 1701 utilitatem,
1900 1667 1932 1694 et

1193 1718 1396 1761 spiritualem
1415 1716 1559 1749 oninium
1576 1715 1720 1747 fidelium
1735 1713 1931 1747 aedificatio-

1194 1780 1283 1810 nem3
1310 1769 1566 1801 imbecillitatem
1602 1772 1741 1799 nostram
1779 1767 1931 1805 roboret,

1193 1823 1367 1866 omniaque
1385 1827 1497 1854 nostra
1515 1820 1650 1854 consilia
1671 1825 1704 1852 et
1723 1819 1866 1852 actiones
1885 1818 1932 1851 di-

1194 1876 1278 1918 rigat
1297 1875 1473 1908 secundum
1494 1872 1736 1916 beneplacitum
1760 1871 1932 1904 voluntatis

1195 1939 1286 1969 suae3
1313 1929 1469 1961 haereses
1495 1927 1649 1969 extirpet,
1675 1924 1771 1958 fidem
1801 1923 1934 1956 catholi-

1195 1993 1264 2014 cam
1294 1985 1445 2023 protegat
1478 1984 1510 2012 et
1539 1983 1719 2021 propaget,
1749 1976 1932 2020 principum

1196 2034 1448 2066 christianorum
1465 2042 1579 2075 pacem
1594 2036 1626 2063 et
1639 2030 1843 2062 concordiam
1862 2039 1934 2061 con-

1197 2091 1313 2126 servet,
1333 2085 1500 2128 magisque
1518 2089 1550 2116 et
1565 2083 1666 2125 magis
1683 2083 1715 2114 in
1736 2082 1787 2114 die
1806 2081 1932 2121 solidet,

1197 2146 1228 2172 et
1251 2149 1370 2172 nomen
1395 2137 1606 2170 christianum
1625 2135 1664 2168 ab
1690 2134 1868 2167 infidelium
1886 2133 1934 2166 in-

1197 2192 1401 2225 cursionibus
1434 2196 1465 2223 et
1489 2188 1615 2222 insidiis
1640 2188 1784 2231 potentia
1808 2187 1933 2219 virtutis

1197 2298 1310 2341 spiritu
1335 2296 1545 2339 uberiorique
1581 2296 1685 2327 fructu
1711 2294 1802 2333 fiant,
1828 2293 1937 2326 Eccle-

1196 2351 1261 2383 siae
1294 2351 1465 2382 thesauros
1485 2375 1492 2388 ‚
1522 2358 1658 2391 quorum
1692 2346 1934 2389 dispensatores

1175 2437 1176 2445 ἶ
1197 2414 1267 2436 esse
1292 2413 1351 2435 nos
1376 2401 1477 2435 voluit
1500 2401 1597 2441 Deus,
1623 2400 1771 2443 proferre
1801 2403 1833 2432 et
1860 2409 1936 2442 pru-

418 2451 561 2478 Pontifices
573 2450 648 2476 initio
663 2449 843 2483 pontificatus,
859 2448 929 2474 inter
943 2455 1009 2482 quos
1024 2447 1155 2473 innocen·
1175 2448 1176 2459 ³

418 2499 472 2522 tius
493 2495 509 2521 Χ
525 2496 616 2521 (mast.
634 2500 657 2519 Vl
678 2493 850 2526 Immensae,
869 2496 932 2519 toni.
949 2499 994 2525 xv,
1016 2499 1075 2526 pag.
1092 2492 1153 2524 336,
1175 2494 1176 2516 ξ

1197 2456 1285 2490 denti
1306 2453 1501 2489 liberalitate
1519 2453 1653 2496 largiter
1667 2457 1801 2495 erogare
1823 2452 1935 2486 decre-

1196 2509 1308 2542 vimus.

1240 2564 1254 2604 g‘
1278 2561 1309 2593 t.
1336 2561 1456 2604 Itaque,
1483 2561 1521 2593 de
1546 2558 1777 2602 omnipotentis
1798 2556 1855 2591 Dei
1880 2558 1936 2590 mi·

1196 2614 1372 2647 sericordia
1404 2624 1439 2646 ac
1473 2613 1641 2646 beatorum
1671 2611 1757 2644 Petri
1790 2616 1822 2644 et
1845 2610 1935 2644 Pauli

1927 247 1975 274 Αη.
1994 247 2022 273 C.
2049 245 2120 273 1670

1997 2563 2087 2584 indictio
2103 2563 2129 2583 de

1945 2595 1987 2617 qua
1999 2591 2020 2611 iu
2035 2590 2129 2612 rubrica.
