2279 3260
467 236 531 270 700
1020 242 1197 266 numinum
1224 242 1375 266 nomnen

509 297 597 331 stivis
622 295 794 340 quinquies
818 295 917 329 Pater
940 299 971 327 et
995 293 1060 326 Ave
1086 293 1235 332 recitans,
1253 293 1279 326 si
1305 290 1400 328 fuerit
1424 294 1564 338 legitime
1590 295 1777 339 impeditus,
1807 294 1963 329 desectum

510 349 672 394 praecepti
697 347 848 383 audiendi
873 357 1000 381 sacrum
1026 345 1166 389 supplet,
1185 344 1251 378 493
1275 346 1309 386 lv,
1329 356 1481 380 coronam
1506 347 1701 392 praedictam
1721 347 1853 388 habens,
1873 348 1965 391 quin-

508 404 600 447 quies
615 403 715 436 Patcr
731 408 763 436 ct
782 402 846 435 Arc
862 400 1009 440 recitanS,
1027 399 1155 442 supplet
1171 408 1284 433 omncs
1304 400 1422 433 mentis
1447 401 1628 443 vagationes
1648 401 1725 434 dum
1750 400 1892 435 interluit
1916 412 1964 434 sa-

508 457 647 497 crificio,
670 454 846 489 dummodo
864 452 973 487 dedita
992 462 1093 495 opera
1109 461 1173 485 non
1187 451 1254 492 fiat,
1269 452 1368 492 ibide,
1385 453 1455 486 vide
1477 453 1697 497 Indulgentiae
1722 464 1780 498 pro
1805 455 1965 498 gestanti-

510 512 570 544 bus
594 517 626 544 et
649 508 858 543 recitantibus
882 515 1035 541 coronam
1061 505 1366 539 Camaldulensium.

418 564 599 600 Cortesanis
624 563 717 596 Urbis
741 561 780 594 ad
806 561 957 593 intestato
981 558 1212 592 decedentibus
1231 558 1374 592 succedit
1396 559 1626 593 monasterium
1645 560 1676 593 S.
1696 560 1812 594 Mariae
1832 561 1870 595 de
1886 562 1964 596 Poe-

509 617 642 651 nitentia
667 616 699 648 in
724 613 819 655 Urbe,
835 612 900 646 130
925 623 966 653 a,
985 612 1072 655 ipsae
1096 611 1216 645 habent
1232 612 1416 645 facultatem
1437 612 1588 653 testandi,
1607 611 1784 646 dummodo
1801 615 1965 657 praedicto

510 668 709 704 monasterio
726 671 874 711 quartam
898 665 947 699 vel
972 664 1118 709 quintam
1145 669 1267 707 partem
1292 664 1487 708 relinquant,
1510 665 1607 705 ibid.;
1632 665 1710 709 ipsis
1734 666 1852 700 dictam
1877 678 1965 701 sum-

510 734 595 757 mam
621 732 686 755 non
723 717 980 762 relinquentibus
1011 717 1156 751 succedit
1187 718 1365 760 praefatum
1391 718 1624 751 monasterium
1649 719 1679 751 in
1704 718 1890 762 integrum,
1918 723 1966 754 vel

510 788 566 822 per
589 776 669 810 viam
688 772 885 812 testamenti,
911 783 966 806 seu
992 782 1049 815 per
1072 770 1279 804 donationem
1297 771 1394 803 causa
1410 771 1522 803 mortis
1539 770 1770 815 disposuerint,
1787 772 1864 806 ibid.
1879 785 1887 814 ;
1904 781 1968 808 sta·

510 830 613 864 tuitur
626 827 713 872 quod
725 825 880 868 deinceps
898 829 1086 858 cortesanao
1102 824 1197 857 Urbis
1211 830 1374 867 nequeant
1391 834 1506 858 census
1531 824 1680 858 vitalitios
1698 825 1814 867 Iacere,
1840 826 1967 862 licentia

507 892 572 916 non
592 880 726 915 obtenta
758 890 776 911 a
807 884 990 923 protectore
1014 883 1046 911 et
1070 876 1229 921 deputatis
1248 877 1434 911 monasterii
1450 877 1703 911 Convertitarum
1723 878 1829 921 Urbis,
1845 879 1909 914 130
1933 880 1967 920 113

509 936 653 980 praefata
678 932 805 966 licentia
822 932 901 976 ipsis
917 931 1107 974 denegatur,
1130 924 1189 964 nisi
1209 931 1332 965 tertiam
1350 936 1474 974 partem
1488 941 1621 965 suorum
1638 932 1797 965 bonorum
1811 934 1858 967 vel
1872 934 1968 967 aliam

509 993 629 1022 certam
654 995 815 1020 summam
849 985 1076 1028 deputatorum
1101 984 1234 1018 arbitrio
1257 984 1420 1028 praedicto
1445 984 1539 1018 L'rbis
1558 986 1753 1019 monasterio
1777 986 1969 1021 tradiderint

510 1042 557 1075 vel
592 1037 902 1084 hypothecaverint,
929 1036 1006 1069 ibid.
1018 1048 1032 1076 ,·
1055 1036 1081 1069 si
1114 1037 1202 1080 ipsae
1236 1047 1350 1071 census
1374 1037 1443 1070 sine
1475 1038 1604 1071 lieentia
1629 1039 1872 1079 celebraverint,
1898 1047 1970 1084 post

511 1104 622 1129 earum
647 1093 772 1126 obitum
798 1089 1029 1124 monasterium
1054 1089 1256 1133 praedictum
1291 1095 1401 1123 contra
1425 1100 1534 1123 earum
1560 1090 1645 1123 bona
1669 1091 1841 1133 procedere
1866 1099 1969 1134 potest

512 1160 548 1183 ae
583 1147 609 1180 si
631 1147 710 1180 tales
736 1155 850 1179 census
875 1154 940 1177 non
965 1143 1108 1183 inierint,
1130 1142 1189 1175 131
1219 1154 1251 1175 α.

422 1204 532 1238 Cultus
557 1202 596 1234 ab
622 1196 871 1232 immemorabili
895 1197 929 1229 B.
964 1196 1049 1229 Petri
1085 1195 1270 1236 Paschasii,
1298 1195 1340 1228 78
1364 1206 1384 1228 α
1414 1201 1446 1229 ct
1477 1195 1511 1236 b;
1542 1196 1576 1229 B.
1608 1196 1789 1231 Ludovicae
1821 1197 1968 1231 Alberto-

512 1255 596 1293 niae,
622 1252 687 1286 158
712 1262 751 1292 <13
775 1251 812 1288 Β,
838 1248 1032 1283 Ferdinandi
1059 1248 1153 1291 regis,
1178 1247 1242 1281 159
1263 1248 1299 1289 b;
1323 1249 1356 1281 B.
1380 1248 1536 1281 Bernardi
1571 1249 1759 1288 Ptolomaei,
1790 1249 1854 1282 422
1879 1251 1914 1288 b·‚
1939 1259 1969 1285 et

512 1308 552 1341 de
579 1316 655 1340 casu
680 1309 813 1347 excepto
837 1313 854 1335 a
880 1302 1018 1335 decretis
1043 1300 1161 1334 Urbani
1187 1301 1254 1333 VIII
1278 1307 1425 1334 constare
1449 1301 1641 1342 declaratur,
1667 1301 1748 1334 ibid.

424 1360 574 1398 Custodia
594 1361 730 1393 fratrum
755 1357 918 1390 Minorum
944 1356 984 1388 de
1008 1354 1215 1388 observantia
1239 1354 1298 1387 sub
1334 1355 1464 1387 nomine
1495 1354 1722 1388 Immaculatae
1746 1354 1970 1400 Conceptionis

512 1415 544 1447 in
568 1422 682 1447 novam
708 1409 904 1455 provinciam
929 1407 1076 1450 erigitur,
1104 1407 1168 1440 585
1194 1418 1214 1439 α
1239 1412 1270 1439 et
1293 1418 1357 1450 seq.

421 1468 574 1503 Custodia
598 1466 630 1499 S.
657 1465 742 1498 Petri
768 1463 808 1497 de
828 1462 997 1495 Aleantara
1021 1460 1159 1502 erigitur
1183 1459 1218 1492 in
1242 1470 1341 1504 regno
1364 1460 1573 1505 Neapolitano
1598 1473 1616 1495 a
1640 1461 1802 1496 Clemente
1826 1464 1878 1504 IX;
1897 1474 1973 1498 cou-

514 1520 663 1552 firmatur
679 1518 719 1550 ab
736 1517 798 1550 hoc
815 1514 983 1554 Pontifice,
1002 1513 1065 1546 109
1083 1513 1222 1547 11e1325
1242 1513 1276 1553 Ir,
1297 1514 1442 1547 custodia
1459 1515 1622 1557 praedicta
1648 1520 1774 1548 tenetur
1797 1516 1837 1549 ad
1857 1517 1968 1551 obser-

513 1572 653 1605 vantiam
671 1568 937 1604 constitutionum
954 1568 1086 1600 fratrum
1100 1567 1370 1600 Discalceatorum
1386 1567 1570 1611 Hispaniae,
1585 1568 1683 1608 z'bid.;
1701 1569 1846 1603 custodia
1861 1571 1970 1604 eadem

514 1636 579 1660 non
615 1623 758 1658 subiacet
790 1620 1015 1655 commissario
1043 1620 1182 1664 generali
1213 1619 1290 1653 Italo
1308 1647 1316 1660 ‚
1340 1620 1394 1653 sed
1431 1621 1477 1653 vel
1517 1621 1719 1664 procuratori
1750 1623 1889 1664 generali
1925 1623 1972 1656 vel

515 1677 736 1713 commissario
776 1675 917 1718 Hispano
937 1701 944 1714 ‚
982 1674 1076 1714 ibicl.;
1101 1671 1250 1706 custodia
1289 1673 1401 1706 eadem
1433 1683 1498 1706 non
1537 1674 1647 1707 subest
1681 1673 1901 1708 visitatoribus
1934 1676 1972 1708 de

515 1730 723 1766 observantia
756 1727 962 1766 reformatis,
988 1726 1044 1759 sed
1078 1730 1203 1759 tantum
1236 1725 1426 1769 Hispaniae,
1462 1726 1557 1767 ibitl.;
1593 1727 1760 1761 custodiae
1792 1728 1974 1772 praedictae

521 1791 629 1818 custos
649 1782 842 1816 intervenire
863 1787 969 1824 potest
988 1785 1017 1813 et
1037 1779 1133 1813 debet
1157 1779 1397 1822 congregationi
1423 1779 1577 1823 generali,
1595 1780 1725 1823 quando
1750 1780 1811 1814 ista
1836 1781 1975 1814 celebra-

515 1845 568 1872 tur
587 1837 620 1870 in
638 1834 799 1880 Hispania,
824 1834 924 1873 ibide,
949 1833 982 1866 in
1002 1833 1183 1867 custodiam
1207 1833 1380 1876 praefatam
1406 1832 1486 1866 nihil
1512 1839 1615 1876 potest
1636 1834 1786 1867 attentari
1806 1833 1865 1867 nisi
1882 1835 1973 1878 prius

516 1890 673 1924 admoniti
698 1888 815 1922 suerint
846 1893 953 1922 custos
983 1893 1015 1920 et
1046 1886 1237 1920 diffinitores
1263 1886 1404 1919 eiusdem
1420 1914 1427 1927 ‚
1454 1886 1559 1926 ibid.,·
1584 1887 1686 1931 ipsius
1711 1887 1918 1921 stabilimenti
1943 1895 1974 1921 et

517 1943 674 1987 gubernio
699 1941 896 1986 providetur,
924 1939 990 1973 344
1013 1951 1034 1973 a
1058 1945 1089 1973 et
1112 1950 1194 1983 seq.·,
1218 1939 1364 1973 custodia
1388 1939 1553 1983 praedicta
1588 1940 1621 1973 in
1646 1940 1842 1983 provinciam
1874 1941 1976 1983 erigi-

517 2004 569 2031 tur
584 2024 591 2037 ,
615 1995 680 2028 5302.
705 1995 735 2035 b3
761 1994 864 2028 eidem
890 2004 948 2037 pro
973 1993 1077 2037 prima
1095 1994 1161 2026 vice
1186 1992 1333 2036 providet
1356 1992 1500 2026 Pontifex
1524 1993 1562 2025 de
1586 1992 1711 2026 idoneis
1732 1993 1877 2027 miniStro
1902 2003 1974 2036 pro-

518 2050 645 2084 vinciali
681 2055 711 2081 et
741 2047 991 2087 diffinitoribus,
1018 2046 1083 2080 533
1115 2046 1149 2087 h;
1174 2045 1339 2080 custodiae
1364 2047 1523 2089 praefatae
1555 2057 1613 2090 pro
1649 2046 1731 2079 felici
1765 2046 1918 2089 regimine
1944 2054 1974 2079 et

519 2102 760 2136 manutentione
784 2101 941 2135 nonnulla
965 2100 1026 2133 alia
1051 2105 1256 2140 statuuntur,
1285 2099 1349 2133 5:34
1372 2111 1392 2132 α
1416 2105 1446 2133 et
1469 2110 1528 2143 seq.

1189 2284 1214 2317 D

431 2422 586 2467 Dapil'cris
611 2420 769 2455 conclavis
801 2420 834 2453 in
866 2429 931 2463 quo
956 2419 1076 2452 electus
1102 2418 1160 2452 suit
1191 2418 1344 2452 Summus
1377 2416 1523 2450 Pontifex
1549 2415 1696 2449 Clemens
1723 2416 1748 2448 X
1772 2415 1976 2449 declarantur

521 2474 690 2508 familiares
716 2479 746 2508 et
770 2473 1001 2507 commensales
1026 2472 1143 2515 Papae,
1169 2471 1212 2504 402
1237 2471 1271 2512 ἰν,
1294 2480 1421 2503 necnon
1445 2469 1580 2503 comites
1599 2469 1680 2502 sacri
1697 2469 1806 2513 palatii
1831 2475 1861 2503 et
1886 2470 1977 2503 aulae

520 2528 755 2567 Lateranensis,
775 2527 910 2571 eiusque
934 2526 1089 2566 civitatis,
1115 2535 1214 2569 quam
1239 2524 1272 2557 in
1296 2523 1385 2557 Statu
1414 2522 1637 2557 Ecclesiastico
1662 2522 1794 2566 eligent,
1821 2522 1917 2562 cives,
1946 2528 1978 2556 et

519 2582 653 2616 militiae
677 2580 816 2616 clericali
850 2579 1006 2624 adscripti
1030 2579 1078 2612 vel
1102 2576 1306 2612 adscribendi
1340 2582 1414 2610 sunt
1445 2576 1559 2610 notarii
1596 2575 1763 2620 apostolici
1786 2574 1854 2609 sine
1880 2575 1976 2618 parti-

522 2636 698 2680 cipantium
725 2633 923 2679 praeiudicio
957 2632 1083 2667 etiamsi
1122 2630 1268 2665 habitum
1307 2636 1337 2664 et
1365 2629 1564 2664 rocchettum
1590 2640 1653 2664 non
1678 2629 1845 2670 deserant,
1872 2635 1902 2663 et
1926 2629 1975 2662 ius
