2279 3260
152 244 204 271 An.
221 243 251 271 C.
272 244 335 271 167¹

176 1516 252 1535 Annuit
260 1513 333 1534 Ponu-

149 1541 190 1565 ἴοι.

976 248 1117 273 CLEMENS
1139 249 1158 272 Χ
1182 249 1230 273 ΡΡ.

347 295 487 326 nationis
511 295 673 338 praefatae
700 295 898 327 exactissime
925 295 962 328 ad
984 306 1076 328 usum

346 346 554 386 deducantur,
585 347 766 389 praedictus
792 348 970 380 Ludovicus
995 359 1079 380 com-

345 398 509 430 missarius
534 399 693 440 generalis
713 400 825 432 eadem
852 401 981 433 decreta
1001 411 1078 443 apo-

346 450 477 483 stolicae
502 450 755 483 confirmationis
781 457 911 485 nostrae
940 452 1078 495 patroci-

345 502 399 535 nio
426 503 637 542 communiri,
664 514 700 535 ac
724 503 876 536 ministris
901 504 1078 547 provincia-

345 555 430 588 libus
462 561 493 587 et
516 556 638 588 cunctis
673 556 868 589 monialibus
905 557 1074 600 praefatis,

343 612 378 638 ut
395 607 427 639 in
448 607 596 640 omnibus
622 608 724 640 dictae
751 608 890 641 nationis
915 608 1076 641 conventi—

343 659 415 699 bus,
433 670 488 692 seu
503 661 717 699 monasteriis,
734 661 872 693 decretis
891 660 1074 692 huiusmodi

343 722 376 744 se
394 712 606 753 conforment,
626 713 745 756 illaque
764 713 971 756 exequutioni
992 723 1075 744 man-

343 764 432 804 dent,
446 765 503 797 sub
517 765 633 808 poenis
648 765 783 798 arbitrio
797 771 908 798 nostro
923 775 979 798 seu
994 764 1075 798 Con-

343 818 539 860 gregationis
553 818 784 851 venerabilium
804 819 935 850 fratrum
949 823 1075 850 nostro-

342 881 413 903 rum
441 871 584 903 eiusdem
610 871 641 904 S.
661 871 697 903 R.
718 871 751 903 E.
783 870 996 903 cardinalium
1020 880 1075 902 ne-

343 923 438 965 gotiis
471 929 503 956 et
528 924 818 956 consultationibus
848 923 1074 966 episcoporum

343 981 374 1008 et
404 976 601 1018 regularium
631 976 837 1019 praepositae
870 974 1074 1017 infligendis,

341 1029 500 1072 praecipi,
521 1035 620 1072 utque
646 1028 692 1061 illi
709 1028 781 1067 soli,
800 1033 831 1060 et
848 1038 912 1059 non
930 1027 992 1066 alii,
1012 1028 1076 1060 ele-

342 1080 502 1113 ctionibus
526 1079 677 1113 intersint
694 1081 747 1123 qui
767 1081 805 1113 de
822 1090 912 1113 more
936 1084 968 1112 et
988 1079 1075 1111 iuxta

341 1144 433 1166 usum
458 1138 490 1166 et
514 1133 650 1176 gratiam
675 1133 814 1166 nationis
841 1133 1003 1176 praefatae
1027 1132 1076 1164 in-

343 1190 462 1218 teresse
487 1191 737 1224 consueverunt,
761 1196 800 1218 ne
818 1187 902 1218 ullae
927 1185 1074 1217 insolitae

342 1239 547 1281 postmodum
572 1239 729 1271 novitates
754 1249 826 1270 cum
852 1237 984 1270 notabili
1010 1242 1076 1269 tur-

342 1291 473 1324 batione
499 1291 667 1334 regiminis
703 1291 864 1323 introduci
897 1296 950 1322 aut
972 1295 1075 1322 atten-

343 1345 402 1376 tari
438 1344 587 1387 possint,
612 1344 780 1383 mandari,
817 1348 1074 1387 perpetuumque

342 1397 598 1440 quibuscumque
639 1397 935 1430 contradicentibus
971 1397 1071 1429 silen-

341 1450 421 1482 tium
447 1450 569 1494 imponi
596 1460 803 1493 summopere
826 1448 1029 1482 desideret¹:

386 1503 401 1546 ἓ
425 1502 456 1535 4.
483 1503 557 1543 Nos,
581 1503 687 1546 ipsum
712 1502 907 1535 Ludovicum
927 1501 1076 1535 commis-

343 1557 463 1588 sarium
491 1558 676 1599 generalem
705 1556 855 1599 specialis
879 1556 987 1588 favore
1009 1566 1077 1597 gra-

342 1609 405 1642 tiae
435 1609 589 1652 prosequi
619 1610 785 1648 volentes,
816 1615 847 1641 et
871 1620 887 1641 a
913 1608 1076 1651 quibusvis

344 1662 701 1702 excommunicationis,
718 1662 943 1704 suspensionis
975 1667 1006 1693 et
1030 1661 1077 1692 in-

342 1714 480 1754 terdicti,
496 1714 630 1756 aliisque
652 1714 878 1746 ecclesiasticis
894 1714 1073 1753 sententiis,

342 1767 486 1799 censuris
513 1773 544 1799 et
568 1767 684 1809 poenis
700 1794 707 1807 ‚
736 1778 753 1799 a
778 1767 846 1799 iure
880 1767 929 1799 vel
955 1766 993 1798 ab
1018 1767 1078 1798 ho-

343 1819 437 1858 mine,
467 1819 576 1861 quavis
598 1818 766 1852 occasione
792 1820 841 1852 vel
867 1821 960 1851 causa
984 1820 1075 1859 latis,

344 1871 370 1903 si
395 1871 511 1914 quibus
537 1872 786 1914 quomodolibet
816 1872 990 1904 innodatus
1015 1872 1078 1904 cxi-

343 1925 405 1965 stit,
424 1925 463 1957 ad
493 1923 640 1957 effectum
669 1925 890 1967 praesentium
916 1925 1079 1968 dumtaxat

344 1978 629 2021 consequendum,
657 1978 770 2010 harum
795 1978 879 2010 serie
908 1979 1078 2011 absolven-

345 2036 392 2063 tes
411 2036 443 2063 et
463 2030 647 2063 absolutum
669 2031 737 2062 sore
756 2036 934 2070 censentes,
954 2030 1079 2073 suppli-

346 2083 526 2115 cationibus
544 2083 612 2115 eius
631 2083 760 2115 nomine
779 2082 871 2115 nobis
896 2093 994 2125 super
1018 2083 1079 2114 hoc

347 2135 512 2167 humiliter
537 2135 694 2178 porrectis
720 2135 873 2175 inclinati,
893 2135 931 2167 de
957 2145 1079 2167 memo-

347 2194 487 2221 ratorum
502 2188 722 2227 cardinalium,
743 2188 795 2230 qui
812 2188 964 2220 dilectum
977 2188 1077 2221 tilium

348 2241 595 2273 commissariun
634 2241 741 2273 curiae
781 2241 908 2273 Ordinis
945 2242 1078 2284 praefati

349 2295 557 2333 audiverunt,
583 2294 717 2326 consilio
733 2320 740 2333 ‚
765 2294 894 2326 attentis
920 2295 1078 2334 narratis,

349 2353 497 2379 enarrata
522 2347 650 2379 decreta
667 2346 827 2379 Francisci
849 2347 993 2389 episcopi
1012 2359 1079 2380 car-

350 2399 464 2432 dinalis
486 2406 515 2432 et
540 2399 733 2442 protectoris
762 2410 797 2431 ac
822 2399 996 2433 definitorii
1025 2411 1079 2442 ge-

349 2453 467 2485 neralis
492 2453 731 2496 praefatorum,
757 2458 792 2484 ut
815 2463 911 2496 supra
936 2453 1076 2495 petitur,

349 2506 537 2537 auctoritate
564 2505 755 2548 apostolica,
792 2511 903 2538 tenore
929 2516 1079 2548 praesen-

383 2621 396 2646 1
418 2619 487 2646 Edit.
508 2619 586 2646 Main.
608 2618 672 2654 legit
690 2619 851 2648 desiderent
868 2621 908 2654 (R.
924 2622 972 2655 τη).

1121 296 1211 336 tium,
1232 295 1458 329 confirmamus
1478 301 1510 327 et
1527 296 1753 339 approbamus,
1777 298 1856 330 illis-

1121 360 1183 392 que
1201 349 1396 382 inviolabilis
1414 350 1609 392 apostolicae
1627 349 1787 381 firmitatis
1807 360 1857 381 ro-

1120 401 1181 433 bur
1205 401 1393 441 adiicimus;
1421 402 1509 433 salva
1539 406 1643 433 tamen
1669 412 1798 444 semper
1823 402 1854 433 in

1120 453 1305 495 praemissis
1330 453 1518 486 auctoritate
1536 454 1699 496 praefatae
1714 453 1854 495 Congre-

1120 506 1259 547 gationis
1283 506 1507 539 cardinalium.

1162 559 1176 601 ἓ
1201 558 1231 591 5.
1259 559 1477 591 Decernentcs
1505 559 1634 591 casdem
1663 564 1853 601 praesentes

1119 611 1240 643 litteras
1266 622 1394 654 semper
1417 610 1533 651 sirmas,
1551 611 1671 643 validas
1697 616 1728 643 et
1753 611 1854 643 effica-

1118 672 1169 695 ces
1187 663 1325 696 existere
1342 670 1374 696 et
1392 664 1468 703 sore,
1483 674 1624 706 suosque
1639 663 1804 705 plenarios
1824 668 1854 694 et

1118 715 1262 757 integros
1286 716 1417 749 etl'ectus
1443 716 1553 748 sortiri
1583 721 1614 748 et
1639 716 1799 755 obtinere,
1820 726 1855 747 ac

1117 767 1156 799 ab
1174 768 1248 808 illis,
1269 769 1306 801 ad
1328 779 1409 811 quos
1434 774 1556 811 spectat
1574 774 1605 801 et
1630 779 1689 811 pro
1708 773 1854 811 tempore

1117 820 1284 862 spectabit,
1303 822 1335 852 in
1360 821 1510 853 omnibus
1537 826 1569 853 et
1593 831 1653 864 per
1676 821 1784 853 omnia
1807 821 1854 852 in-

1117 873 1310 906 violabiliter
1341 874 1529 914 observari,
1562 873 1673 916 sicque
1702 874 1735 906 in
1761 884 1852 916 prae-

1118 926 1225 958 missis
1248 936 1307 969 per
1331 937 1551 969 quoscumque
1576 926 1699 959 iudices
1724 927 1853 959 ordina-

1117 978 1181 1011 rios
1206 984 1238 1011 et
1261 979 1447 1021 delegatos,
1479 980 1575 1012 etiam
1601 990 1773 1012 causarum
1799 990 1854 1022 pa-

1119 1031 1185 1063 latii
1215 1032 1385 1074 apostolici
1422 1032 1611 1071 auditores,
1649 1032 1785 1065 iudicari
1823 1037 1854 1064 et

1119 1084 1245 1116 definiri
1274 1085 1403 1124 debere,
1429 1095 1465 1117 ac
1495 1085 1622 1117 irritum
1650 1090 1682 1117 et
1706 1085 1801 1117 inane
1827 1084 1852 1116 si

1118 1147 1209 1169 secus
1239 1147 1337 1180 super
1361 1138 1411 1170 his
1433 1148 1450 1169 a
1474 1147 1647 1180 quoquam,
1666 1137 1780 1180 quavis
1798 1147 1853 1169 au-

1118 1189 1276 1228 ctoritate,
1294 1189 1435 1222 scienter
1459 1190 1508 1222 vel
1533 1189 1733 1232 ignoranter,
1753 1189 1854 1222 conti-

1119 1242 1202 1284 gerit
1229 1242 1391 1275 attentari.

1162 1295 1176 1337 ἓ
1201 1294 1231 1327 6.
1258 1294 1326 1327 Non
1351 1295 1552 1328 obstantibus
1569 1295 1851 1328 constitutionibus

1119 1353 1150 1379 et
1175 1347 1436 1380 ordinationibus
1456 1348 1656 1391 apostolicis,
1676 1359 1722 1387 ac,
1747 1354 1854 1391 quate-

1119 1411 1177 1432 nus
1203 1410 1283 1443 opus
1309 1401 1357 1440 sit,
1387 1401 1528 1433 nationis
1553 1411 1589 1433 ac
1614 1401 1854 1443 provinciarum

1120 1458 1151 1486 et
1174 1453 1443 1486 monasteriorum
1465 1464 1523 1486 seu
1550 1460 1765 1487 conventuum
1795 1454 1855 1486 hu-

1120 1506 1270 1545 iusmodi,
1288 1505 1383 1538 etiam
1399 1507 1590 1545 iuramento,
1609 1506 1855 1539 confirmatione

1120 1558 1308 1601 apostolica,
1335 1559 1384 1591 vel
1410 1559 1518 1602 quavis
1543 1559 1604 1591 alia
1629 1558 1781 1591 firmitate
1807 1569 1857 1591 ro-

1120 1611 1254 1651 boratis,
1274 1611 1399 1643 statutis
1425 1616 1454 1643 et
1479 1610 1776 1650 consuetudinibus,
1795 1611 1857 1653 pri-

1121 1662 1244 1704 vilegiis
1270 1673 1421 1706 quoque,
1444 1663 1574 1696 indultis
1594 1669 1626 1695 et
1645 1663 1760 1696 litteris
1783 1673 1857 1705 apo-

1121 1715 1241 1747 stolicis
1256 1715 1288 1747 in
1303 1716 1498 1748 contrarium
1512 1716 1764 1758 praemissorum
1781 1726 1856 1758 quo-

1122 1769 1301 1801 modolibet
1332 1769 1503 1809 concessis,
1529 1769 1726 1802 confirmatis
1754 1775 1784 1801 et
1808 1769 1857 1801 in-

1122 1821 1262 1862 novatis;

1165 1875 1180 1918 g
1204 1875 1234 1907 7.
1261 1874 1380 1912 Quibus
1416 1875 1566 1908 omnibus
1591 1880 1622 1908 et
1647 1875 1792 1917 singulis,
1819 1875 1856 1907 il·

1121 1929 1225 1960 lorum
1249 1933 1378 1960 tenores
1403 1938 1461 1970 pro
1482 1929 1579 1971 plene
1605 1933 1636 1960 et
1660 1928 1857 1961 sufficienter

1122 1980 1283 2023 expressis
1297 1991 1332 2012 ac
1347 1980 1386 2012 de
1408 1980 1506 2012 verbo
1520 1981 1559 2013 ad
1579 1981 1712 2013 verbum
1728 1981 1857 2013 insertis

1122 2033 1293 2073 habentes,
1319 2032 1382 2064 illis
1408 2032 1486 2065 alias
1509 2032 1542 2064 in
1565 2043 1623 2065 suo
1649 2033 1764 2065 robore
1790 2043 1858 2076 per-

1121 2085 1301 2125 mansuris,
1333 2085 1370 2117 ad
1406 2084 1661 2127 praemissorum
1692 2085 1855 2125 effectum,

1123 2138 1183 2170 hac
1196 2138 1263 2170 vice
1278 2138 1447 2176 dumtaxat,
1462 2138 1648 2181 specialiter
1661 2143 1691 2170 et
1705 2148 1855 2181 expresse

1122 2191 1338 2231 derogamus;
1368 2191 1551 2232 ceterisque
1584 2190 1753 2223 contrariis
1787 2190 1857 2233 qui-

1121 2243 1330 2285 buscumque.

1165 2295 1275 2328 Datum
1300 2295 1435 2334 Romae,
1463 2296 1547 2338 apud
1572 2295 1602 2328 S.
1634 2295 1762 2328 Mariam
1795 2296 1857 2328 Ma-

1122 2349 1243 2389 iorem,
1274 2349 1331 2381 sub
1359 2350 1479 2381 annulo
1505 2349 1682 2388 piscatoris,
1710 2348 1760 2381 die
1786 2359 1858 2381 xxiv

1752 240 1815 273 ⁶28ss
1861 250 1914 277 An.
1930 248 1958 276 c.
1982 249 2045 276 167¹

1891 570 2002 591 nari-oium
2020 572 2047 592 ir-

1866 599 1938 617 utam.

1884 1304 1994 1325 obstantia
2004 1310 2046 1325 ma·

1864 1333 1942 1355 morat;

1893 1882 1970 1909 Eisque
1988 1883 2049 1903 dero-

1867 1912 1909 1933 gat.

1122 2401 1304 2434 novembris
1338 2411 1497 2442 MDCLHI,
1523 2401 1726 2444 pontificatus
1756 2401 1867 2434 nostri'

1123 2464 1206 2487 RHHO
1231 2464 1266 2487 II.

1158 2515 1216 2543 Dat.
1238 2515 1281 2543 die
1295 2515 1329 2542 24
1349 2515 1507 2542 novembris
1524 2516 1602 2550 1671,
1619 2515 1714 2551 pontif.
1731 2523 1801 2542 anno
1816 2521 1845 2540 11.
