2279 3260
237 266 284 295 An.
307 267 335 293 c.
359 267 427 294 ¹670
472 258 514 291 :⁴5ss

236 334 300 352 pum-s
330 326 576 357 r.·m-.=n-gt·ess1u¹1
597 315 736 359 felixque
765 314 911 359 regimen
929 315 1111 347 conducere
1129 313 1167 345 vi-

236 356 592 401 ‘⁸¹¹¹'‘'⁰¹¹²''''¹¹¹'''''dobnnmr
628 369 712 412 apud
749 373 943 401 conventum
983 367 1166 410 generalem

430 423 573 455 resideat
600 427 818 455 concurrente
856 421 970 456 maiori
1001 418 1169 461 suffragio-

431 486 502 507 rum
529 480 638 518 parte;
658 474 779 517 poterit
804 479 910 506 tamen
932 482 1058 515 quoque
1077 481 1169 513 supe-

432 528 498 561 rior
529 527 690 570 generalis
731 526 955 559 ordinationes
986 529 1017 556 et
1052 527 1168 555 statuta

433 581 582 619 condere,
607 581 704 613 modo
721 579 858 612 decretis
876 582 1089 623 conventuum
1115 585 1169 617 ge-

432 633 587 667 neralium
624 643 688 665 non
724 636 927 674 repugnent,
963 640 1043 672 quae
1077 629 1169 661 abro-

434 697 509 729 gare
540 687 589 719 vel
626 686 796 717 immutare
834 684 1015 715 nullatenus
1050 680 1170 724 poterit

426 740 495 773 *nisi
528 740 566 771 de
601 749 758 771 consensu
785 736 944 779 generalis
970 739 1167 773 conventus,

433 793 528 826 inodo
554 792 648 825 etiam
674 791 759 823 licita
785 789 850 822 sint
875 794 906 821 et
931 789 1082 827 honesta,
1110 797 1169 819 nee

433 846 532 877 saeris
551 844 728 877 canonibus
747 841 959 879 adversantia,
973 846 1026 873 aut
1043 845 1171 873 contra-

433 899 479 936 ria
492 896 773 930 constitutionilnts
788 894 983 938 apostolicis,
999 893 1097 926 Bnllis
1114 903 1169 925 seu

449 950 585 983 trevibus
611 950 811 982 Sunnnorum
837 947 1036 987 Pontificum,
1055 946 1170 989 quibus

434 1004 598 1047 praefatae
608 1000 875 1044 Congregationis
892 999 1082 1039 institutum,
1094 1009 1171 1031 cou-

434 1055 626 1095 stitutifflies,
653 1055 784 1097 regulae
811 1058 841 1086 et
868 1052 977 1085 munia
1003 1053 1171 1086 declaran-

434 1115 486 1141 tur
510 1113 563 1140 aut
587 1106 829 1144 confirmantur,
850 1116 909 1137 nec
934 1103 1102 1148 speciatim
1121 1103 1170 1135 liis

434 1160 575 1193 articulis
605 1170 682 1202 quos
706 1160 754 1191 vel
779 1155 1082 1190 leviter'immutare
1112 1166 1171 1189 nee

434 1212 592 1256 superiori
625 1222 684 1244 nee
715 1211 888 1255 conventui
920 1210 1062 1253 generali
1094 1209 1171 1242 liee-

433 1266 496 1298 bit:
522 1264 740 1297 ordinationes
765 1269 872 1296 autem
907 1269 938 1295 et
970 1267 1088 1295 statuta
1113 1263 1171 1295 liu-

435 1317 584 1358 iusmodi,
603 1328 620 1349 a
638 1317 808 1360 superiore
835 1316 988 1359 generali.
1004 1315 1097 1356 edita,
1117 1315 1173 1348 ob-

434 1371 590 1403 servanda
623 1374 719 1403 erunt
744 1370 848 1402 donee
873 1374 1053 1402 conventus
1079 1379 1172 1411 gene-

433 1423 509 1456 ralis
534 1423 619 1456 aliud
645 1422 843 1463 decreverit,
868 1433 969 1465 penes
995 1432 1089 1465 quem
1126 1427 1173 1454 est,

433 1481 576 1520 potestas
600 1476 662 1508 vim
687 1476 752 1509 illis
778 1475 981 1513 detrahendi,
999 1481 1054 1507 aut
1077 1474 1172 1508 etiam

436 1529 585 1569 addendi,
611 1535 646 1561 ut
669 1528 700 1561 in
726 1534 896 1572 posterum
921 1529 1078 1571 obligent.

251 1625 254 1629 ⁴
282 1591 339 1615 Quae
359 1591 425 1616 νομῆι
480 1583 494 1625 g
519 1582 549 1615 6.
573 1582 660 1615 Idem
680 1582 829 1625 superior
854 1581 1016 1624 generalis
1041 1581 1073 1613 in
1093 1580 1174 1613 Con-

243 1619 339 1691 {Sitgi'so'i
359 1620 625 1678 *i'ssi‘e'fgregatione
652 1635 822 1668 admittere
847 1635 968 1677 poterit
992 1645 1072 1678 quos
1105 1634 1175 1667 ido-

243 1676 302 1691 Μὴ
436 1699 516 1721 neos
542 1687 783 1728 existimaverit,
811 1693 843 1720 et
867 1688 1019 1730 indignos
1047 1692 1124 1730 post
1143 1697 1175 1719 e-

438 1741 534 1774 missa
558 1746 631 1774 vota
661 1740 848 1781 dimittere,
881 1740 906 1773 si
938 1741 1081 1773 retinere
1110 1750 1174 1772 non

438 1805 541 1837 posse,
562 1794 683 1837 absque
701 1804 818 1836 magno
840 1794 1026 1837 praedictae
1048 1803 1177 1836 cougre-

442 1846 580 1889 gationis
605 1847 732 1887 damno,
752 1847 821 1890 ipse
847 1852 879 1879 et
903 1847 971 1879 eius
991 1847 1177 1879 assistentes

440 1900 479 1932 ad
494 1901 586 1943 plura
603 1899 751 1942 sutfragia
768 1900 992 1940 iudicaverint,
1011 1900 1055 1932 ita
1071 1905 1177 1932 tamen

440 1959 475 1985 ut
492 1953 555 1996 ipsi
574 1959 736 1996 competat
753 1954 883 1986 unicum
901 1953 1089 1996 sullragium
1107 1965 1177 1986 cum

442 2006 664 2049 praerogativa
682 2006 714 2038 in
733 2006 881 2049 paritate.

487 2059 502 2101 ξ
527 2058 558 2091 7.
585 2058 707 2091 Licebit
732 2059 758 2091 ei
784 2059 948 2102 quoslibet
972 2064 1178 2099 contractus,

444 2112 579 2144 servatis
605 2112 643 2144 de
664 2112 734 2145 iure
760 2112 838 2145 alias
865 2112 1049 2152 servandis,
1085 2112 1177 2150 inire,

445 2165 477 2197 in
493 2165 591 2197 rebus
605 2169 712 2197 tamen
731 2165 856 2197 maximi
876 2165 1029 2198 momenti
1048 2165 1086 2198 de
1105 2176 1181 2198 eeu—

445 2228 542 2249 sensu
568 2228 701 2250 suorum
726 2218 946 2251 assistentium
964 2219 1002 2251 ad
1024 2221 1116 2262 plura
1135 2220 1182 2251 ni-

446 2270 562 2302 mii-arn
583 2269 732 2313 sutfragia
753 2282 824 2304 cuni
842 2274 897 2304 sua
922 2272 1021 2316 ipsius
1050 2283 1183 2315 praero-

448 2323 550 2365 gativa
567 2322 599 2355 in
618 2323 763 2366 paritate.

257 2381 437 2428 afl.„il¹i‘„'‡³,;³'³⁰¹¹¹³jf
495 2384 507 2417 3
534 2378 563 2407 >i-
593 2375 767 2409 Adinittere
800 2377 919 2420 poterit
955 2378 993 2411 de
1026 2389 1183 2412 consensu

258 2437 334 2461 paen.
451 2428 609 2460 Ordinarii
636 2428 839 2462 fundationes
864 2436 895 2461 ct
919 2430 1040 2471 domos,
1060 2442 1124 2467 uon
1143 2438 1187 2465 ta-

453 2491 525 2512 men
545 2491 597 2512 cas
614 2480 764 2521 alienare,
784 2482 914 2514 abolere
936 2489 988 2515 aut
1007 2484 1069 2517 alio
1088 2490 1187 2517 trans-

309 2065 431 2085 Contravtus

250 2092 302 2113 inire
318 2094 393 2118 potest.

455 2534 537 2565 ferre
558 2533 618 2565 nisi
645 2534 683 2566 de
710 2545 867 2567 censensu
893 2543 1071 2569 conventus
1097 2548 1187 2579 gene-

453 2586 540 2625 ralis,
561 2587 693 2618 servatis
718 2597 844 2629 semper
868 2588 905 2620 (le
925 2589 992 2621 iure
1010 2590 1185 2623 servandis.

455 2638 544 2678 Quod
563 2639 586 2671 si
609 2639 803 2673 dissolvendi
820 2641 957 2684 aliquam
974 2642 1114 2684 domum,
1135 2649 1190 2676 aut

1016 264 1096 290 Ill'lJi
1103 264 1195 289 ttttt'itt
1220 263 1371 289 nemmem

1956 260 2005 287 An.
2022 259 2052 287 C.
2074 259 2142 288 1670

1211 312 1433 345 fundationem
1461 309 1634 344 deserendi
1660 309 1834 344 necessitas
1858 314 1946 342 tanta

1210 370 1335 407 urgeat,
1355 370 1390 396 nt
1406 369 1585 397 conventus
1607 363 1768 406 generalis
1785 362 1947 407 expectari

1211 428 1274 450 non
1300 417 1409 460 possit,
1436 423 1510 449 tnnc
1534 427 1585 450 res
1610 417 1806 450 decernetur
1828 416 1949 450 iudicio

1212 470 1314 513 ipsius
1340 469 1512 512 generalis,
1540 470 1772 511 assistentium,
1805 470 1951 503 visitato-

1211 533 1292 563 runi,
1320 523 1373 566 qui
1400 523 1520 555 suerint
1544 523 1576 555 in
1605 524 1751 567 Europa,
1785 522 1950 557 secretarii

1213 575 1309 608 etiam
1324 575 1589 618 Congregationis
1604 583 1636 609 et
1654 576 1881 620 procuratoris,
1898 581 1951 609 aut

1213 630 1326 661 saltem
1341 628 1471 661 maioris
1486 629 1629 672 ipsorum
1642 629 1751 673 partis,
1766 629 1898 663 servatis
1916 635 1952 661 ut

1212 692 1309 724 supra
1331 682 1370 714 de
1389 681 1456 714 iure
1478 682 1660 715 servandis.

1256 735 1270 776 ξ
1294 733 1325 766 9.
1353 733 1534 776 Dignitates
1558 734 1805 776 ecclesiasticas,
1826 734 1948 778 absque
1987 742 2104 788 Diupigzm
2117 747 2142 762 ιιο

1212 797 1370 819 consensu
1389 793 1566 820 conventus
1591 788 1761 830 generalia
1783 793 1949 831 acceptare
1959 775 2064 795 “UM'

1213 852 1277 874 non
1303 841 1429 884 poterit,
1448 841 1508 874 nisi
1534 842 1681 875 Summus
1699 841 1844 875 Pontifex
1865 841 1897 874 id
1917 841 1949 874 in

1213 894 1328 926 virtute
1342 899 1470 927 sanetae
1490 894 1696 928 obedientiae
1714 893 1903 938 praecipiat.

1257 932 1337 989 516.
1358 946 1460 979 Penes
1474 946 1565 979 illum
1584 946 1645 979 erit
1663 947 1798 980 facultas
1816 956 1973 999 conven-d
1995 952 2102 998 ⁴353?''‘3‘³²
2123 954 2144 973 et

1215 1003 1279 1030 tum
1301 999 1485 1041 generalem
1512 999 1721 1040 convocandi,
1743 999 1849 1042 ipsum
1875 998 1951 1031 diri·
1963 985 2144 1032 diiigenix'r'glv‘ss:

1214 1051 1319 1093 gendi,
1333 1057 1364 1083 et
1377 1057 1600 1094 congregatos,
1617 1053 1655 1085 de
1670 1061 1830 1085 consensu
1843 1057 1951 1084 tamen

1214 1103 1312 1146 ipsius
1335 1110 1524 1143 conventus,
1545 1104 1738 1137 dimittendi.

1257 1156 1271 1199 g*
1296 1155 1349 1188 11.
1378 1156 1477 1189 Porro
1503 1162 1680 1190 conventus
1706 1156 1885 1200 generalis,
1911 1156 2146 1209 oliltfffisifntffuutie:

1214 1219 1324 1257 capsas
1349 1220 1567 1253 quascumque
1594 1215 1828 1253 congregatus,
1858 1195 2146 1263 supe-<ilpermri'x--us-

1214 1262 1290 1295 riori
1309 1263 1451 1305 generali
1467 1263 1616 1306 superior
1628 1263 1700 1296 erit.
1717 1264 1952 1305 Praetereaque
1965 1250 1986 1264 Γᾶ
1998 1249 2010 1263 ¹⁴

1215 1314 1430 1358 Congregatio
1448 1315 1479 1347 in
1494 1317 1641 1348 eumdem
1657 1316 1882 1349 auctoritatem
1900 1326 1955 1359 po—

1216 1372 1428 1410 testatemque
1454 1368 1588 1400 habebit
1616 1368 1649 1400 in
1675 1368 1800 1402 duobus
1827 1367 1957 1411 potissi-

1216 1431 1300 1453 mum
1320 1420 1464 1453 casibus:
1485 1431 1601 1464 nempe
1622 1421 1648 1454 si
1674 1421 1797 1454 inutilis
1815 1421 1900 1454 foret
1916 1421 1955 1454 ad

1217 1474 1494 1516 gubernationem,
1513 1473 1561 1506 v'el
1582 1474 1804 1516 gravissimum
1823 1473 1957 1517 aliquod

1217 1532 1385 1570 peecatum
1410 1532 1578 1559 externum
1599 1527 1828 1560 committeret.

1261 1580 1367 1612 Primo
1393 1579 1477 1612 enim
1504 1590 1580 1612 casu
1605 1579 1872 1623 Congregationis
1896 1580 1958 1612 erit

1218 1633 1414 1665 substituere
1440 1632 1487 1666 illi
1512 1632 1666 1666 vicarium
1691 1634 1901 1676 generalem,
1930 1633 1957 1665 si

1220 1686 1287 1730 ipse
1299 1696 1372 1718 eum
1384 1686 1554 1719 nominare
1567 1697 1632 1719 non
1644 1692 1765 1730 posset,
1777 1691 1831 1718 aut
1844 1686 1957 1719 nollet.

1262 1738 1411 1771 Secundo
1433 1749 1508 1772 vero
1526 1749 1613 1779 casu,
1639 1739 1692 1782 qui
1718 1745 1824 1772 tamen
1850 1741 1961 1782 spera-

1221 1797 1272 1823 tur
1296 1801 1362 1823 non
1383 1796 1567 1832 eventurus,
1596 1791 1718 1835 poterit
1742 1791 1854 1824 eadem
1879 1790 1962 1824 Con-

1221 1843 1366 1886 gregatio
1391 1853 1465 1878 eum
1489 1844 1665 1887 deponere.

1264 1896 1355 1934 Quod
1373 1896 1505 1940 quidem
1522 1897 1671 1930 ultimum
1684 1901 1719 1930 ut
1735 1897 1880 1939 legitime
1896 1897 1960 1937 fiat,

1222 1949 1371 1992 sutfragia
1388 1949 1467 1982 duas
1485 1949 1596 1982 tertias
1611 1955 1719 1993 partes
1736 1949 1893 1982 excedere
1910 1949 1950 1982 de

1223 2004 1320 2044 bent,
1344 2009 1379 2035 ut
1405 2013 1483 2036 vero
1509 2003 1723 2036 substituatur
1746 2002 1793 2036 illi
1814 2002 1963 2041 vicarius,

1224 2056 1300 2089 satis
1314 2056 1376 2089 erit
1388 2056 1415 2089 si
1431 2055 1534 2089 maior
1550 2066 1624 2099 pars
1642 2061 1913 2099 congregatorum
1929 2055 1962 2087 in

1225 2110 1255 2143 id
1274 2110 1488 2142 consenserit.

1268 2163 1283 2205 ξ
1308 2162 1361 2195 te.
1389 2162 1546 2195 Defuncto
1571 2167 1676 2194 autem
1701 2161 1869 2205 superiore
1901 2171 1964 2204 ge-
1981 2198 1994 2214 ἰ
2013 2167 2066 2192 Qum
2084 2167 2157 2198 detun:

1227 2216 1338 2253 nerati,
1364 2215 1433 2247 eius
1458 2215 1518 2247 erit
1543 2226 1639 2258 quem
1664 2215 1732 2259 ipse
1754 2215 1786 2247 iu
1811 2214 1964 2247 vicarium
1974 2199 2158 2247 ξοῗιετεῗῖ-ψωωῃ

1227 2269 1413 2312 generalem
1437 2268 1667 2308 nominaverit,
1692 2269 1742 2300 vel
1766 2267 1861 2311 primi
1887 2267 1965 2300 assi-

1227 2322 1351 2360 stentis,
1376 2322 1400 2354 si
1418 2321 1553 2354 vicarius
1577 2321 1763 2355 nominatus
1782 2331 1848 2354 non
1873 2320 1968 2354 fuerit

1228 2381 1281 2408 aut
1302 2375 1408 2408 officio
1429 2386 1486 2408 suo
1505 2374 1592 2417 fungi
1611 2385 1675 2407 non
1696 2374 1809 2418 possit,
1828 2373 1969 2417 Congre-

1230 2429 1392 2472 gationem
1426 2439 1539 2471 regere
1570 2439 1671 2471 usque
1703 2428 1742 2460 ad
1776 2426 1969 2460 electionem

1230 2483 1302 2515 novi
1336 2482 1513 2525 superioris
1548 2481 1721 2524 generalis,
1744 2481 1883 2523 denique
1908 2490 1969 2523 pro

1231 2535 1375 2568 eiusdem
1391 2534 1547 2567 electione
1569 2539 1765 2566 conventum
1784 2533 1969 2576 generalem

1232 2590 1313 2622 iutra
1339 2600 1391 2621 sex
1418 2599 1556 2627 menses,
1583 2587 1643 2620 uisi
1670 2587 1774 2630 gravis
1795 2587 1970 2620 necessitas

1232 2643 1419 2677 dilationem
1446 2642 1586 2686 aliquam
1610 2641 1762 2685 exigeret,
1781 2650 1968 2681 convocare,
