2279 3260
221 242 268 267 An.
286 242 313 268 c.
338 242 405 269 1670
449 232 491 266 60

235 722 327 746 Indulget
339 721 355 741 cl

222 755 226 760 ·
238 758 245 765 x
275 755 290 761 ⁸*
313 755 328 761 ¹¹
338 755 341 761 ¹
351 755 361 767 ιι

226 2173 229 2175 -
240 2145 351 2166 Decretum
368 2145 396 2165 ir-

213 2174 286 2193 ritaus.

414 296 508 330 tutus,
537 292 611 331 illis,
636 302 772 335 quorum
798 292 912 332 sidem,
938 293 1143 331 industriam,

413 345 615 385 prtulentiain
641 351 672 378 et
697 346 920 378 dexteritatem
946 346 976 377 in
999 345 1145 386 gravibus

411 403 441 428 ct
466 398 574 429 arduis
598 398 802 440 Apostolicae
834 398 924 430 Sedis
956 397 1144 429 innuet-ibus

410 450 562 491 gerendis
579 450 686 483 multis
704 461 809 483 rernm
829 449 1058 494 experimentis
1076 460 1144 491 spe-

408 508 508 534 ctatas
535 503 646 542 liabct,
674 514 710 535 ca
736 503 875 536 libenter
900 501 1059 540 concedit,
1086 512 1144 543 per

408 565 490 596 quac
521 554 567 587 cis
598 556 704 597 aliqua
740 555 793 587 liat
825 554 949 586 decoris
981 553 1140 593 accessio,

408 614 497 640 uteo
515 608 651 640 alacrius
676 608 707 640 in
728 618 897 640 munorum
920 616 1049 639 suorum
1074 606 1142 638 sun-

409 659 514 692 ctionc
540 665 755 702 perseverent.

453 714 467 754 3¹
486 712 515 744 1.
535 712 643 754 ltaque
663 713 701 744 ad
719 711 834 744 eximia
853 711 1043 744 dilectorum
1060 709 1142 743 fitio-

349 776 479 803 ¹‹y-ruin
503 765 697 797 clericorum
722 764 973 806 praesidentium
998 773 1140 795 camerae

217 802 603 873 u‘'miii'colffiissapostolicae
629 817 660 848 iu
682 827 741 848 uos
766 821 797 848 ct
822 815 940 848 dictam
964 815 1082 848 sedem
1106 815 1142 846 fi-

223 859 248 873 ,υ

409 870 459 903 dei
497 876 527 902 ct
567 869 750 902 devotionis
786 869 913 911 aliaque
950 868 1141 911 multiplicia

408 923 523 954 merita
560 928 711 964 pateruae
748 921 924 963 dirigentes
955 921 1142 953 considera-

410 975 506 1007 tionis
531 975 686 1014 intuitum,
713 984 893 1016 eorumque
918 974 1068 1006 virtutem
1085 974 1141 1006 ali-

409 1029 470 1068 qua
500 1026 634 1059 lionoris
666 1026 893 1068 praerogativa
924 1026 1140 1059 condecorare

407 1081 563 1119 roleutes,
589 1085 620 1111 et
644 1089 756 1111 eorum
782 1078 962 1121 singulares
987 1089 1141 1122 personas

408 1144 424 1164 a
450 1133 613 1175 quibusvis
633 1131 986 1172 excommunicationis,
1006 1142 1142 1175 suspen-

408 1186 509 1218 sionis
535 1191 567 1218 ct
590 1184 761 1225 interdicti,
786 1185 923 1227 aliisque
948 1185 1142 1217 ecclesiasti-

408 1239 452 1271 cis
478 1238 659 1278 sententiis,
682 1237 828 1270 censuris
850 1243 882 1270 et
893 1237 1019 1281 poenis,
1036 1248 1053 1270 a
1070 1238 1140 1270 iure

406 1292 456 1324 vel
485 1292 524 1324 ab
560 1290 703 1330 homine,
739 1289 849 1332 quavis
886 1290 1055 1323 occasione
1091 1291 1139 1323 vel

406 1346 502 1376 causa
527 1343 610 1383 latis,
637 1343 662 1375 si
688 1343 804 1385 quibus
831 1343 1074 1386 quomodolibet
1093 1342 1141 1375 in-

405 1396 516 1430 nodati
531 1396 679 1436 existunt,
698 1396 737 1428 ad
755 1394 903 1428 ell'ectum
920 1396 1138 1438 praesentium

406 1450 569 1482 dumtaxat
593 1449 877 1491 consequendum,
904 1449 1019 1481 harum
1055 1448 1139 1481 serie

405 1502 609 1534 absolventes
628 1506 658 1534 et
673 1501 854 1534 absolutas¹
874 1502 941 1533 l'ore
959 1507 1138 1541 censentes,

401 1559 494 1601 ⁴motu
519 1554 663 1597 proprio,
689 1564 725 1586 ex
751 1556 838 1586 certa
855 1554 987 1586 scientia
1006 1560 1037 1586 et
1052 1557 1141 1586 mera

404 1607 596 1640 liberalitate
626 1606 769 1647 nostris,
807 1607 910 1649 deque
945 1607 1141 1650 apostolicae

405 1660 574 1703 potestatis
598 1659 800 1703 plenitudine
815 1686 823 1700 ,
850 1660 970 1692 eisdem
994 1671 1140 1693 camerae

406 1713 602 1756 apostolieae
620 1712 748 1745 clericis
766 1712 1036 1755 praesidentibus,
1053 1723 1142 1756 prae-

406 1766 551 1798 sentibus
569 1771 600 1798 et
616 1765 740 1805 suturis,
764 1770 799 1797 ut
822 1764 884 1808 ipsi
903 1776 1015 1798 omnes
1034 1771 1065 1798 et
1080 1765 1143 1798 sin-

407 1820 472 1862 guli
491 1819 591 1862 galeri
610 1819 843 1859 redimiculum,
869 1819 1005 1852 cerdone
1033 1821 1143 1863 vulga-

407 1873 487 1904 riter
515 1876 757 1915 nuncupatum,
784 1872 903 1905 coloris
936 1873 1073 1905 violacei
1109 1873 1142 1905 in

407 1922 572 1967 quibusvis
587 1924 805 1957 functionibus
819 1929 850 1957 et
864 1924 986 1958 actibus
1000 1925 1141 1968 publicis

408 1983 440 2010 et
456 1977 587 2020 privatis
612 1977 732 2020 ubique
758 1977 885 2010 deserre
911 1983 942 2010 et
966 1983 1092 2020 gestare
1110 1979 1142 2011 li-

406 2030 486 2063 bere
512 2035 544 2062 et
576 2030 662 2062 licite
685 2029 813 2072 possint
830 2035 862 2063 et
876 2031 1009 2070 valeant,
1029 2036 1141 2064 tenore

407 2083 630 2126 praesentium
643 2083 852 2116 concedimus
871 2088 903 2115 et
920 2084 1140 2126 indulgemus.

452 2138 466 2180 ἓ
491 2136 522 2170 ΕΞ.
548 2137 766 2169 Decernentes
793 2137 922 2169 easdem
954 2143 1142 2180 praesentes

407 2190 531 2223 litteras
564 2200 693 2232 semper
717 2189 824 2222 firmas
842 2216 849 2230 ,
878 2190 997 2223 validas
1022 2196 1053 2223 et
1077 2191 1143 2223 effi-

407 2253 496 2275 caces
518 2242 653 2275 existere
672 2247 704 2274 et
721 2242 799 2282 sore,
819 2253 958 2286 suosque
976 2244 1143 2286 plenarios

406 2300 437 2327 et
461 2294 607 2337 integros
634 2294 763 2327 ell'ectus
788 2294 899 2327 sortiri
925 2300 957 2328 et
980 2295 1140 2336 obtinere,

406 2354 438 2381 et
462 2347 535 2388 illis,
561 2347 601 2380 ad
626 2358 706 2390 quos
730 2352 854 2390 spectat
874 2352 905 2380 et
922 2358 980 2390 pro
998 2353 1142 2391 tempore

406 2400 574 2444 spectabit,
599 2399 632 2432 in
658 2399 806 2432 omnibus
832 2404 863 2432 et
880 2409 938 2443 per
955 2399 1061 2432 omnia
1079 2401 1145 2443 ple-

406 2453 542 2486 nissime
569 2451 748 2494 suffragari,
772 2451 882 2495 sicque
899 2452 933 2484 in
958 2452 1142 2495 praemissis

406 2517 466 2549 per
499 2514 717 2548 ‹pioscumque
749 2504 871 2537 iudices
905 2504 1088 2538 ordinarios
1112 2511 1144 2538 et

409 2559 587 2599 delegatos,
612 2557 707 2590 etiam
736 2567 904 2590 causarum
931 2557 1042 2600 palatii
1067 2568 1144 2602 apo-

445 2623 458 2650 1
479 2619 550 2649 Edit.
570 2618 650 2648 Main.
671 2619 736 2656 legit
753 2619 894 2648 absolutos
912 2620 951 2656 (n.
967 2619 1015 2656 T.)-

1000 245 1178 269 BuLLAnnnii
1203 243 1351 267 ηοΜΑΝυΜ
1931 244 1980 270 Αη.
1996 243 2024 270 C.
2048 243 2115 271 ¹670

1166 299 1168 316 ἰ
1187 290 1324 330 stolici¹,
1342 297 1374 324 et
1393 291 1423 324 S.
1444 291 1480 324 R.
1500 292 1534 324 E.
1554 292 1744 332 cardinales,
1763 292 1858 325 etiam
1883 291 1921 324 de

1187 345 1287 376 latere
1306 345 1436 386 legatos,
1455 345 1578 378 ctalios
1592 346 1756 388 quoslibet
1773 355 1923 388 quacum-

1186 407 1246 438 que
1268 397 1525 439 praeeminentia
1551 403 1582 430 ct
1602 403 1762 440 potestate
1787 398 1924 438 fungen—

1187 453 1232 480 tes
1257 454 1289 481 et
1314 450 1476 482 iuncturos
1492 476 1499 490 ,
1527 450 1654 483 sublata
1679 451 1724 484 eis
1758 455 1789 483 et
1812 460 1923 483 eorum

1185 500 1318 533 cuilibet
1349 501 1458 543 quavis
1491 502 1581 535 aliter
1616 502 1778 535 iudicandi
1811 507 1843 535 et
1874 500 1923 533 in-

1186 553 1383 595 terpretandi
1414 554 1562 587 facultate
1586 560 1618 587 et
1641 555 1849 594 auctoritate,
1876 553 1923 586 iu-
2278 557 2279 597 i

1185 604 1282 637 dicari
1309 610 1341 637 ct
1365 605 1491 638 definiri
1518 606 1647 647 debere,
1673 617 1709 639 ac
1735 606 1861 639 irritum
1891 612 1923 639 et

1183 655 1279 689 inane
1304 656 1329 689 si
1355 668 1449 690 secus
1475 668 1573 700 super
1607 658 1658 690 his
1688 669 1705 691 a
1737 669 1920 702 quoquam,

1183 709 1294 751 quavis
1330 709 1542 750 auctoritate,
1573 710 1712 743 scienter
1745 712 1794 744 vel
1827 710 1920 753 igno-

1182 766 1301 801 ranter,
1328 761 1501 803 contigerit
1524 762 1689 794 attentari.

1226 815 1241 857 ἓ
1261 814 1292 847 3.
1308 814 1376 847 Non
1395 815 1600 848 obstantibus
1621 815 1917 856 constitutionibus,
1996 829 2111 850 ‹tn-..mu-

1183 872 1215 899 et
1239 867 1498 899 ordinationibus
1523 857 1721 910 apostolicis,
1739 867 1917 910 ceterisque
1929 856 2024 881 ''⁰¹⁵⁰‘'“h

1183 919 1349 952 contrariis
1370 920 1634 963 quibuscumque.

1226 971 1338 1004 Datum
1362 972 1503 1012 Romae,
1534 973 1619 1015 apud
1644 972 1675 1005 S.
1702 972 1834 1005 Mariam
1858 972 1920 1005 Ma-

1182 1024 1298 1065 iorem,
1324 1024 1382 1056 sub
1409 1026 1528 1057 annulo
1560 1024 1751 1064 Piscatoris,
1789 1025 1840 1057 die
1868 1035 1918 1058 xxi

1182 1077 1262 1109 iunii
1279 1087 1418 1118 tiDCLxx,
1439 1078 1646 1121 pontificatus
1664 1078 1766 1110 nostri
1790 1088 1875 1110 anno
1893 1087 1916 1111 1.

1576 1130 1599 1163 l.
1626 1129 1662 1163 G.
1689 1130 1828 1163 Stusnis.

1218 1192 1277 1220 Dat.
1299 1192 1342 1220 die
1362 1193 1392 1219 21
1415 1192 1481 1219 iunii
1504 1193 1581 1227 1670,
1602 1192 1700 1228 pontif.
1720 1200 1792 1219 anno
1811 1198 1830 1219 1.

1219 1255 1383 1288 Reyistrata
1406 1254 1437 1280 in
1461 1254 1568 1281 Secree.
1584 1254 1678 1286 Brev.,
1704 1254 1809 1280 mensis
1827 1253 1918 1287 iunii,

1181 1302 1259 1333 parc.
1280 1304 1303 1331 1,
1322 1299 1372 1333 fol.
1397 1299 1438 1325 10.

1520 1413 1584 1446 XII.

1184 1484 1369 1518 Declaracio
1393 1484 1479 1528 quad
1509 1488 1582 1517 vola
1606 1484 1642 1516 in
1668 1484 1921 1527 Conyreyalione

1227 1538 1403 1578 Missiom's,
1427 1541 1496 1580 post
1516 1537 1610 1569 illius
1627 1536 1836 1580 apostolicam
1853 1547 1922 1569 con-

1227 1590 1572 1634 firmationememissa
1598 1594 1627 1623 et
1655 1589 1851 1631 emittenda,
1881 1590 1922 1621 ab

1228 1643 1306 1675 aliis
1326 1653 1420 1686 quam
1440 1653 1459 1674 α
1477 1642 1604 1675 Summo
1618 1642 1775 1683 Pontifice
1791 1644 1819 1673 el
1835 1651 1923 1684 supe-

1228 1695 1314 1727 riore
1334 1694 1481 1738 qenerati
1499 1694 1639 1727 eiusdem
1658 1693 1922 1736 Conqreyaliom's

1228 1748 1265 1780 in
1285 1752 1360 1780 actu
1380 1747 1583 1779 dimissionis
1598 1746 1635 1779 ab
1658 1746 1770 1779 effidem
1788 1747 1923 1789 60719νέ-

1228 1800 1359 1843 yalione
1390 1799 1477 1831 licite
1512 1804 1541 1831 et
1575 1798 1683 1831 valide
1712 1798 1919 1841 dispensari,

1228 1852 1423 1885 coimmctari
1446 1856 1503 1884 aut
1523 1851 1657 1884 dissolvi
1681 1861 1743 1884 non
1765 1849 1920 1895 possinffi.

1410 1922 1543 1949 Clemens
1564 1922 1642 1954 Papa
1662 1922 1694 1948 X.

1309 1966 1345 1993 ad
1365 1968 1540 2000 perpetuam
1559 1965 1603 1992 rei
1619 1964 1798 1991 memoriam.

1230 2028 1316 2060 Alias
1342 2027 1442 2060 felicis
1473 2026 1707 2059 recordationis
1741 2026 1923 2059 Alexander
1954 2037 2116 2058 Aienntnrvu

1933 2065 2119 2090 (imtgrvgalwuem

1186 2081 1271 2124 Papa
1294 2081 1344 2113 Vll
1368 2080 1603 2123 praedecessor
1626 2085 1736 2113 noster
1763 2081 1922 2112 nonnulla
1935 2091 2038 2121 insnum
2065 2097 2116 2110 eun-

1187 2133 1302 2174 dubia,
1327 2143 1426 2175 super
1453 2137 1536 2166 statu
1560 2132 1826 2175 Congregationis
1851 2118 2115 2165 tilis—{¹5¹¹}3iffica'3‘⁰”²

1187 2185 1287 2218 sionis
1320 2185 1352 2217 in
1385 2184 1487 2217 Gallia
1519 2184 1687 2227 inceptae,
1720 2196 1757 2218 ac
1792 2185 1870 2218 olim
1904 2196 1923 2218 a

1186 2238 1268 2271 Sede
1294 2237 1480 2281 Apostolica
1504 2238 1714 2281 approbatae,
1739 2243 1845 2278 enata,
1863 2239 1923 2272 tol-

1187 2293 1254 2324 lere
1280 2292 1406 2332 volens,
1432 2291 1610 2336 praefatam
1630 2291 1923 2334 Congregationem

1187 2344 1364 2385 Missionis,
1391 2344 1474 2377 sicut
1497 2344 1681 2387 praefertur
1706 2344 1869 2388 inceptam
1894 2350 1926 2378 et

1188 2399 1411 2442 approbatam,
1433 2397 1612 2441 apostolica
1636 2397 1828 2430 auctoritate
1849 2407 1927 2430 con·

1189 2451 1328 2484 firmavit
1352 2456 1383 2484 ct
1411 2450 1612 2494 approbavit,
1645 2460 1717 2483 cuni
1753 2449 1926 2483 emissione

1187 2510 1337 2538 votorum
1362 2503 1556 2546 simplicium
1577 2503 1752 2545 castitatis,
1788 2513 1926 2547 pauper-

1223 2577 1234 2601 t
1257 2574 1337 2601 Deest
1356 2582 1404 2601 vox
1425 2573 1571 2601 auditores
1589 2574 1628 2610 (R.
1644 2574 1696 2610 T.)-

1221 2619 1237 2647 2
1256 2619 1331 2648 Nunc
1349 2619 1467 2661 primuni
1487 2618 1569 2647 edita.
