2279 3260
162 242 214 268 An.
231 239 260 269 C.
282 241 346 269 167¹

196 1034 343 1060 Manuseripia

159 1065 184 1080 ae
216 1061 342 1081 documenta

159 1087 256 1107 attari„
277 1093 342 1113 pones
353 1080 446 1121 plura
462 1078 689 1121 manuscripta,
708 1079 839 1111 notitiae
853 1084 884 1111 et
903 1079 1093 1111 documenta

159 1114 244 1134 munos.

992 242 1134 266 erminus
1156 244 1174 267 x
1199 244 1245 266 rr.

356 290 465 329 deunt,
490 290 724 323 administratio
743 301 800 333 per
821 290 905 323 illius
927 290 1089 323 ministros
1108 295 1111 326 t
1132 292 1220 323 nulla
1245 292 1459 336 manuscripta
1485 298 1516 324 ct
1541 294 1729 327 ‹locumeuta
1755 297 1865 328 huius-

355 348 387 375 et
411 342 563 376 officiales
589 342 712 375 facilius
738 349 935 383 exerceatur,
955 347 985 375 ct
1002 343 1039 375 ad
1057 343 1087 374 id
1132 344 1226 383 modi,
1242 355 1351 377 eorum
1368 351 1397 377 et
1412 346 1587 378 cuiuslibet
1603 347 1747 389 ipsorum
1763 349 1867 381 studio

353 401 419 428 tum
456 395 542 428 illius
578 396 823 428 consuetudinis
847 401 879 428 et
902 396 991 439 styli,
1023 401 1088 428 tum
1133 400 1164 427 et
1188 397 1354 429 laboribus
1381 397 1556 440 perquisita
1582 404 1613 429 et
1630 409 1687 440 per
1718 411 1773 431 eos
1798 411 1870 433 con-

354 448 449 480 ctiam
476 447 514 480 de
540 448 713 491 praeterito
732 453 941 490 sequutorum
963 448 1088 480 notitia'
1132 455 1265 489 servata,
1292 441 1396 481 (iidem
1426 450 1566 481 [tatariac
1593 456 1721 483 nostrae
1746 458 1869 494 aposto·

354 506 385 532 et
410 501 604 533 documenta
620 501 805 533 neccssaria
831 501 1020 540 habeantur,
1040 512 1091 533 ea·
1111 512 1113 524 t
1134 501 1213 534 licae
1233 513 1267 534 ex
1289 513 1399 534 eorum
1428 503 1580 534 laudabili
1603 503 1793 536 liberalitate
1815 505 1867 537 do-

1764 238 1828 271 149
1875 248 1922 275 tn.
1940 247 1968 274 c.
1991 247 2052 274 167¹

355 563 416 595 que
443 552 552 584 habita
576 553 634 585 sul]
659 553 745 585 bona
776 558 807 585 et
836 553 922 585 fideli
948 553 1091 585 custodia
1109 535 1121 595 Γ

354 610 515 648 perpetuo
532 611 796 648 praeserventur;
817 611 848 638 ct
866 611 900 637 ut
918 606 947 638 id
968 606 1089 638 facilius

353 657 505 700 subsequi
538 657 662 700 possit,
687 659 883 701 quandoque
914 669 997 690 nova
1021 660 1090 690 lora

353 714 385 742 et
403 709 711 749 administrationes,
731 721 812 753 quae
831 721 888 753 pro
907 711 1089 742 notitiarum

354 768 386 795 et
411 763 680 795 documentorum
708 763 891 796 huiusmodi
924 774 1092 796 conserva-

356 816 443 848 tione
471 822 654 859 opportuna
675 827 745 849 esse
771 827 850 859 cogn
877 817 1007 855 scimus,
1030 817 1092 849 cri-

354 880 465 910 gamus
491 874 523 901 et
548 869 765 906 instituamus,
792 874 823 901 et
851 869 928 901 alias
954 870 1092 912 desuper

354 921 565 963 disponamus
590 927 689 964 prout
720 921 750 953 in
775 921 912 953 Domino
936 921 1093 964 conspici-

353 984 423 1005 mus
441 973 613 1006 salubriter
630 974 797 1017 expedire.

397 1027 411 1069 ᾖ
444 1026 474 1058 1.
510 1026 586 1059 Cum
622 1026 752 1069 itaque,
782 1026 865 1058 sicut
895 1026 1089 1069 accepimus,

353 1130 469 1163 dictam
485 1129 797 1163 administrationem
813 1131 1051 1167 concernentia,
1062 1136 1093 1163 et

353 1183 417 1215 alia
442 1183 540 1215 huius
558 1189 687 1216 sanctae
705 1183 795 1216 Sedis
812 1183 969 1216 interesse
993 1184 1094 1226 respi-

353 1235 490 1275 cientia,
517 1246 553 1267 ac
579 1235 710 1268 datariis
734 1246 788 1268 seu
815 1236 1009 1279 prodatariis
1034 1246 1092 1278 pro

354 1293 501 1331 tempore
527 1288 815 1331 praedecessorum
843 1294 1027 1321 nostrorum
1053 1290 1091 1320 ab

353 1340 467 1385 iisdem
482 1341 788 1383 praedecessorum*²
805 1342 986 1380 commissa,
1005 1341 1093 1374 labo·
1113 1342 1115 1359 '¹

351 1393 441 1425 ribus
470 1398 502 1425 et
526 1393 633 1426 studio
658 1398 724 1425 tum
746 1395 933 1426 eorumdem
959 1395 1093 1426 datariu-

351 1456 423 1478 rum
461 1457 517 1478 seu
554 1446 815 1489 prodatariorum
854 1447 1091 1490 praedictorum

353 1504 420 1532 tum
448 1505 479 1531 et
504 1500 642 1532 aliorum
668 1510 725 1542 pro
753 1505 896 1542 tempore
930 1499 1115 1534 ministro-1

353 1562 422 1597 rum
449 1562 506 1583 seu
531 1551 716 1584 officialium
735 1552 879 1584 eiusdem
901 1553 1044 1585 Datariae
1062 1559 1091 1584 ct
1113 1555 1114 1584 ξ

354 1604 464 1636 forsan
502 1604 638 1636 aliorum
670 1605 813 1637 virorum
849 1606 1035 1638 sedulorum
1061 1611 1092 1637 et

345 1644 533 1711 'peritorum
560 1663 744 1689 coacervata
765 1663 797 1690 et
821 1652 1014 1701 conscripta,
1041 1666 1115 1701 pe-'

354 1719 412 1741 nes
430 1709 573 1742 diversas
590 1710 804 1752 particulares
821 1720 974 1752 personas
1001 1722 1093 1754 repe-
1113 1711 1115 1737 t

353 1762 490 1801 riantur,
517 1761 637 1805 illaque
662 1762 693 1794 in
727 1763 839 1795 eadem
864 1763 983 1795 dataria
1009 1764 1093 1796 desi-

355 1814 519 1853 derentur,
539 1825 573 1846 ex
597 1825 658 1857 quo
677 1815 807 1847 datariis
826 1825 881 1847 seu
899 1816 1092 1858 prodatariis
1113 1821 1115 1843 ἶ

352 1877 414 1910 pro
441 1873 597 1909 tempore,
615 1867 748 1909 eiusque
775 1868 971 1899 substitutis³
988 1874 1020 1900 et
1037 1869 1093 1900 mi-

353 1919 473 1958 nistris,
500 1919 645 1951 continui
672 1920 800 1952 labores
827 1931 883 1962 pro
905 1921 1092 1953 notitiarum

354 1977 386 2004 et
410 1972 682 2004 documentorum
715 1972 896 2004 huiusmodi
931 1974 1093 2015 exempla-

353 2025 441 2057 ribus
465 2030 497 2057 et
521 2024 761 2066 cognitionibus
781 2030 1017 2057 retroactorum
1040 2036 1093 2057 ev-
1113 2031 1114 2034 ’

355 2077 521 2120 quirendis
560 2079 718 2109 resultare
756 2078 990 2119 dignoscuntur
1013 2105 1019 2118 ‚
1058 2089 1093 2109 ac
1113 2083 1115 2107 i

354 2130 459 2170 etiam,
478 2130 561 2162 sicut
577 2130 769 2172 accepimus,
789 2130 896 2162 dilecti
917 2130 974 2163 filii
993 2132 1091 2163 nostri

354 2183 468 2216 Petrus
501 2183 583 2215 tituli
615 2182 646 2215 S.
674 2183 768 2215 Marci
802 2182 1005 2223 Ottobonus‚
1040 2184 1114 2226 qui*

355 2237 456 2270 t'elicis
481 2235 714 2269 recordatiouis
733 2235 905 2268 Clementis
930 2236 1032 2278 Papae
1055 2237 1092 2268 tx
1113 2246 1115 2287 Ι

354 2289 616 2333 praedecessoris
638 2288 737 2321 nostri
763 2289 938 2331 prodatarii
960 2300 1091 2322 munere
1113 2293 1115 2305 ³

354 2343 482 2374 functus
504 2342 569 2381 suit,
590 2348 622 2374 et
645 2341 777 2373 lacobus
804 2341 884 2373 tituli
903 2341 934 2374 S.
958 2341 1093 2373 Paucra-
1113 2367 1114 2370 ,

1134 565 1209 587 nare
1229 561 1259 587 ct
1278 556 1407 587 tradere
1430 555 1541 587 libenti
1559 555 1664 587 auimo
1684 554 1865 588 intendant:

1177 609 1191 650 ἓ
1216 608 1246 640 ⁶2.
1270 608 1342 645 Nos,
1362 608 1477 650 quibus
1503 607 1587 639 inter
1612 607 1671 639 alia
1698 608 1869 650 praecipue

1133 660 1222 693 cordi
1249 665 1306 699 est,
1331 666 1365 692 ut
1387 661 1549 692 Romanas·
1569 659 1673 691 curiae
1695 660 1871 692 officiorum

1134 718 1166 745 ct
1190 713 1399 745 tribunalium
1418 712 1612 755 praesertim
1634 722 1708 744 vero
1728 712 1872 744 Ilatariae

1134 771 1263 797 nostrae
1290 765 1473 808 praedictae
1500 764 1748 803 administratio,
1777 765 1873 797 l'acili-

1135 823 1196 849 tate
1223 822 1254 849 et
1279 817 1511 860 tranquillitate
1538 828 1573 848 ac
1598 817 1773 848 sedulitate
1795 826 1874 848 sem-

1135 881 1192 912 per
1217 875 1244 902 et
1268 875 1427 912 perpetuo
1448 874 1632 911 peragratur,
1655 875 1686 900 et
1703 874 1737 900 ut
1761 878 1874 900 neces-

1135 922 1218 954 saria
1243 922 1461 954 adhibeantur
1478 922 1582 953 media
1601 923 1637 953 ad
1657 922 1743 953 illam
1763 932 1874 953 conse-

1136 975 1294 1016 quendam
1313 974 1344 1005 in
1363 973 1546 1017 praemissis
1569 960 1753 1016 oppffitune
1774 983 1872 1016 quan-

1137 1032 1200 1058 tum
1226 1027 1257 1058 in
1283 1026 1374 1059 nobis
1400 1032 1449 1059 est
1474 1027 1644 1058 consulere
1662 1027 1825 1058 volentes:

1179 1079 1193 1120 ᾗ
1217 1078 1246 1111 3.
1272 1079 1354 1111 Motu
1388 1078 1543 1121 proprio,
1568 1089 1634 1110 non
1665 1079 1703 1110 ad
1736 1078 1870 1110 alicuius
1899 1092 2064 1119 Μυιηψωμκη,

1883 1121 1995 1139 erm-tinnis
2031 1127 2064 1140 ar!

1136 1132 1229 1163 nobis
1253 1142 1350 1174 super
1381 1132 1443 1164 hoc
1473 1131 1600 1164 oblatae
1632 1131 1798 1173 petitionis
1823 1130 1946 1165 inu-hv..
1968 1152 1986 1165 ,η
2007 1148 2064 1165 amu.-

1136 1184 1295 1225 stautiam,
1322 1185 1376 1216 sed
1403 1194 1440 1216 ex
1464 1187 1551 1216 certa
1576 1183 1707 1215 scientia
1732 1194 1767 1215 ac
1783 1187 1871 1216 mera
1883 1173 1928 1217 l’issh
1945 1176 2064 1219 ffli'iiil'f'*

1137 1237 1369 1269 deliberatione.
1392 1237 1522 1275 nostris,
1546 1237 1650 1279 deque
1667 1237 1870 1279 apostolicae

1137 1290 1302 1331 potestatis
1328 1289 1541 1332 plenitudine,
1569 1299 1667 1320 unum
1696 1288 1871 1321 archivium

1136 1349 1294 1375 secretum
1332 1343 1473 1374 datariae
1506 1348 1634 1375 nostrae
1672 1342 1871 1384 apostolicae

1136 1396 1386 1438 nuncupandum
1420 1395 1451 1427 in
1479 1396 1623 1428 eiusdem
1644 1396 1800 1429 ,datariae
1826 1405 1873 1427 ae·

1136 1447 1229 1480 dibus
1254 1448 1312 1480 sub
1343 1448 1544 1491 protectione
1576 1453 1608 1479 et
1638 1451 1786 1491 suprema
1821 1459 1873 1480 su—

1136 1501 1395 1543 perintendentia
1414 1501 1522 1534 dilecti
1536 1501 1592 1532 tilii
1606 1501 1706 1532 nostri
1725 1501 1873 1543 Gasparis

1136 1553 1218 1585 tituli
1244 1553 1275 1585 S.
1304 1553 1522 1585 Pudentianae
1548 1553 1692 1585 eiusdem
1717 1552 1748 1585 S.
1776 1553 1812 1585 R.
1835 1553 1869 1585 E.

1136 1607 1314 1649 presbyteri
1333 1606 1506 1637 cardinalis
1525 1606 1562 1638 de
1579 1605 1737 1648 Carpineo
1755 1616 1873 1638 nuncu-

1136 1659 1222 1701 pati,
1248 1658 1350 1690 nostri
1388 1659 1418 1690 in
1447 1658 1529 1690 Urbe
1566 1658 1699 1701 eiusque
1726 1658 1872 1690 districtu

1136 1711 1244 1743 vicarii
1271 1711 1302 1742 iu
1327 1710 1546 1753 spiritualibus
1572 1711 1750 1752 generem,
1776 1716 1807 1743 et
1832 1711 1870 1743 de

1136 1763 1299 1806 praesenti
1326 1764 1503 1806 prodatarii
1528 1763 1641 1802 nostri,
1661 1769 1692 1795 et
1711 1774 1874 1796 successo·

1136 1827 1205 1848 rum
1230 1826 1359 1848 suorum
1395 1827 1454 1859 pro
1487 1821 1635 1859 tempore
1668 1817 1873 1849 existentium

1136 1869 1333 1902 datariorum
1359 1880 1416 1901 seu
1442 1869 1711 1912 prodatariorum,
1738 1880 1773 1901 ac
1797 1873 1873 1901 cura

1114 1951 1115 1954 ,
1137 1927 1168 1954 et
1189 1921 1466 1954 administratione
1484 1922 1590 1954 dilecti
1609 1922 1666 1954 tilii
1692 1922 1815 1954 Sanctis
1834 1923 1872 1954 de

1113 2014 1115 2020 k
1136 1975 1276 2007 Pilastris
1293 2002 1300 2015 ,
1326 1975 1505 2007 litterarum
1532 1975 1782 2017 apostolicarum
1814 1985 1874 2017 per

1113 2029 1218 2066 ,viam
1244 2029 1283 2060 de
1316 2028 1405 2060 curia
1437 2027 1667 2060 abbreviatoris
1699 2038 1735 2060 ac
1760 2029 1873 2060 subda-

1138 2081 1220 2120 larii,
1246 2086 1278 2113 et
1302 2091 1527 2113 successorum
1552 2091 1683 2113 suorum
1703 2091 1761 2123 pro
1792 2086 1873 2113 tem-

1136 2145 1216 2176 pore
1254 2134 1460 2166 existentium
1505 2133 1766 2165 subdatariorum
1808 2134 1871 2175 (ad

1136 2187 1222 2229 quod
1257 2192 1318 2218 tam
1352 2186 1541 2229 praedicta,
1576 2186 1601 2217 si
1634 2186 1688 2218 illa
1717 2186 1873 2229 consequi

1136 2239 1308 2281 contingat,
1328 2250 1422 2281 quam
1442 2249 1663 2281 quaecumque
1679 2239 1739 2271 alia
1756 2239 1874 2271 similia

1135 2292 1354 2334 manuscripta
1375 2297 1406 2324 et
1428 2292 1628 2330 documenta,
1646 2302 1700 2323 seu
1727 2291 1871 2329 notitiae,

1136 2345 1283 2387 aliaque,
1317 2356 1398 2387 quae
1430 2344 1515 2376 idem
1547 2343 1669 2386 Gaspar
1701 2344 1872 2376 cardinalis

355 2395 389 2427 tii
405 2395 599 2433 Franzonus,
617 2394 802 2436 nuncupati,
824 2394 1002 2437 presbyteri
1021 2406 1093 2426 san-
1113 2405 1115 2437 ᾗ
1136 2399 1340 2441 predatarius
1367 2404 1399 2431 ct
1422 2398 1490 2430 eius
1519 2408 1718 2430 successores
1746 2397 1873 2440 praedi·

355 2454 423 2481 ctae
441 2448 602 2481 Romanae
625 2448 787 2480 Ecclesiae
808 2449 997 2487 cardinales,
1017 2459 1093 2481 non-
1113 2442 1115 2491 ξ
1136 2451 1175 2483 cti
1201 2462 1260 2494 pro
1287 2451 1416 2483 servitio
1443 2451 1585 2483 eiusdem
1613 2450 1755 2482 datar-iae
1782 2455 1813 2481 ct
1837 2450 1873 2482 il-

391 2530 401 2554 ¹
425 2527 617 2554 Cohaerenuus
637 2528 695 2562 tege
716 2528 836 2554 notitiae
857 2528 897 2557 (Β,
911 2528 960 2562 Τ.)-
1113 2494 1116 2549 l
1138 2505 1240 2536 lorum
1256 2503 1501 2542 conscrvaticme
1516 2503 1678 2534 transferri
1696 2502 1870 2544 expediens

389 2573 407 2600 ‘2
422 2572 536 2599 Videtur
550 2557 692 2607 legeiidiun
709 2572 975 2605 praedecessoribus
993 2574 1028 2607 (ut
1043 2572 1091 2608 Γ).
1112 2552 1115 2599 l
1136 2557 1329 2599 putaverint,
1356 2556 1521 2588 U'anSsfflTi
1549 2561 1580 2588 et
1600 2554 1794 2590 Cfflssffl'v‘ffi·
1813 2565 1871 2586 ³¹⁰⁶

391 2617 407 2645 3
429 2618 555 2653 Lugerem
576 2625 732 2651 eorumque
752 2618 791 2651 (a.
807 2615 856 2651 τ.).
1112 2607 1116 2653 fi
1137 2609 1212 2642 inde
1230 2609 1352 2652 absque
1372 2608 1514 2642 eiusdem
1534 2608 1681 2651 Gasparis
1700 2607 1870 2641 caidinalis
