2279 3260
162 253 202 280 An
231 252 260 279 C.
283 253 346 280 1671

189 577 344 597 Conui-ascen>

163 603 344 650 22¹n3¹¹2l²sssl⁰n?ss335
356 615 613 649 mortificationis
629 621 660 648 et
677 615 901 648 observantiae
915 615 1092 647 communis

204 663 208 674 ι
231 656 344 676 observan-

162 684 212 702 tuam
228 682 290 702 rudit.

185 1051 296 1071 innantem
307 1050 346 1069 sibi

165 1079 252 1097 mortem
284 1082 348 1102 agno·

190 2157 353 2178 ciri-nmzianins

988 250 1129 275 CLEMENS
1152 251 1169 273 X
1195 250 1242 273 PP-

355 301 445 335 illum
469 299 634 339 Dominus
652 300 759 332 animo
784 299 828 331 sic
844 298 961 331 invicto
983 299 1090 331 omnia

356 354 525 393 tolerante,
540 353 770 395 utsrequenter
787 363 822 384 ex
839 352 907 384 eius
926 362 980 383 ore
996 351 1090 383 verba

355 405 494 439 doctoris
520 410 647 438 sanctae
673 404 836 437 Ecclesiae
859 403 1025 446 Augustini
1044 415 1091 436 re-

355 463 524 490 sonarent:
552 457 689 490 Domiue
707 457 757 489 liic
776 467 841 496 ure,
860 457 909 488 lzfc
930 467 1009 496 seca,
1031 456 1090 494 hic,

357 520 420 543 non
436 520 560 553 parcas,
581 514 616 542 ul
634 511 669 541 in
688 514 856 542 aeternum
875 520 999 552 parcus.

399 564 414 607 ἓ
438 563 491 596 36.
520 562 577 595 Ubi
604 562 744 606 primum
774 563 1026 601 convalescebat,
1053 562 1091 593 ad

357 668 509 701 exercitia
534 669 766 706 revertebatur,
791 667 915 700 cunctis
947 677 980 699 se
1006 666 1094 699 oble-

357 721 550 754 ctationibus
567 727 598 754 et
622 721 915 754 comalesrcutium
932 719 1094 753 levamini-

357 775 451 807 uibus
467 780 582 817 sponte
601 774 737 817 privans,
757 775 828 806 aliis
843 773 975 806 inlirmis
990 773 1096 805 oblata

359 827 418 859 sibi
446 828 566 860 fercula
591 834 704 859 cuncta
726 827 944 870 partiebatur,
968 826 1043 868 quin
1065 831 1096 857 et

358 891 434 913 saxo
461 880 658 913 decumbens
685 881 742 911 sub
774 878 1012 911 linteaminibus
1040 889 1096 920 po-

359 933 421 966 sito
439 943 555 975 corpus
573 938 727 975 torquere
749 937 967 971 consueverat,
986 931 1095 963 dicens

359 991 477 1018 arctam
495 996 563 1017 esse
582 985 662 1017 viam
681 995 762 1027 quae
780 984 868 1017 ducit
886 985 923 1016 ad
943 984 1050 1015 vitam.

403 1039 417 1081 ἓ
441 1038 495 1072 37.
524 1038 574 1071 Sic
598 1037 791 1070 infirmando
825 1037 939 1070 fortior
970 1047 1097 1079 semper

359 1092 525 1131 redditus,
551 1091 681 1133 agnovit
711 1090 770 1122 sibi
796 1090 915 1122 instare
945 1090 1099 1132 adimple-

361 1146 480 1178 tionem
513 1144 611 1177 divini
646 1143 817 1186 promissi,
844 1144 929 1185 quod
963 1142 1041 1175 olim
1065 1142 1097 1174 in

359 1199 441 1231 sesto
455 1202 581 1230 sanctae
596 1197 788 1229 Catharinae
800 1196 931 1237 virginis
947 1200 1099 1237 etmarty-

361 1251 404 1283 ris
421 1250 617 1289 obtinuerat,
633 1249 762 1292 quando
782 1260 817 1281 ex
837 1248 944 1281 medio
962 1258 1097 1290 magnae

361 1303 441 1337 lucis
474 1313 630 1346 sponsum
665 1303 694 1335 ei
728 1302 785 1334 fuit
822 1302 952 1334 tandem
986 1312 1023 1333 ex
1050 1302 1099 1333 his

360 1355 503 1389 tenebris
528 1356 561 1388 in
586 1357 691 1388 lucem
710 1355 799 1388 illam
825 1360 1000 1393 aeternam,
1019 1365 1099 1397 quae

358 1410 446 1442 lucet
471 1407 588 1441 sanetis
612 1408 667 1440 Dei
686 1407 719 1439 in
744 1413 918 1451 perpetuas
933 1407 1100 1439 aeternita-

362 1467 419 1501 tes,
436 1461 642 1504 migrandum
663 1471 745 1493 esse.
768 1460 846 1492 Nam
872 1460 957 1493 inter
971 1460 1099 1492 labores

361 1514 554 1547 concionum
579 1514 696 1546 morbo
722 1514 979 1556 ingravescente,
1006 1513 1102 1545 sebri-

361 1568 422 1600 bus
449 1566 610 1607 decubuit,
629 1571 660 1598 et
676 1571 885 1608 suscepturus
907 1577 965 1609 pro
988 1566 1101 1599 viatico

362 1619 586 1652 sanctissimae
612 1618 832 1651 Eucharistiae
854 1624 1099 1658 sacramentum,

363 1670 569 1704 devotissime
587 1681 650 1703 non
666 1671 733 1703 sine
746 1671 853 1703 multis
872 1671 1018 1714 lacrymis
1032 1681 1103 1703 san-

363 1731 432 1757 ctae
447 1724 521 1757 fidei
539 1723 716 1756 catholicae
738 1729 915 1756 accuratam
928 1724 1103 1767 professio-

363 1787 438 1810 nem
463 1776 589 1817 emisit,
616 1777 800 1820 imploravit
821 1777 917 1809 etiarn
941 1777 1103 1809 ferventis-

363 1829 443 1862 sime
462 1829 590 1862 Domini
608 1829 708 1862 nostri
728 1829 796 1862 Iesu
814 1829 933 1862 Christi
951 1829 1103 1863 auxilium

365 1888 397 1915 et
421 1882 647 1915 Sanctissimae
675 1882 811 1924 Virginis
828 1882 982 1925 Deiparae
1000 1888 1103 1925 patro-

364 1936 502 1975 cinium,
529 1945 657 1967 necnon
690 1935 824 1968 alionnn
849 1934 1048 1975 Sanctorum,
1073 1940 1105 1968 et

365 1988 541 2032 praecipue
566 1987 613 2019 sui
638 1987 776 2028 Ordinis,
803 1998 1018 2031 expressoque
1046 1999 1104 2022 no-

366 2042 452 2074 mine
467 2041 566 2074 sancti
581 2041 737 2073 Vincentii
754 2041 905 2081 Ferrerii‚
919 2041 1101 2074 subiunxit:

365 2096 468 2129 Pater
480 2094 583 2127 mim*
597 2105 712 2127 currus
730 2094 835 2127 Israel
848 2099 876 2127 el
890 2096 1008 2137 auriya
1026 2092 1102 2127 eius.

1763 240 1826 273 2252
1874 250 1924 277 An,
1941 248 1967 274 a.
1994 248 2055 274 167¹

1134 303 1253 330 tentem
1271 301 1301 329 et
1319 295 1506 339 saepissime
1525 297 1773 337 ministrantem,
1801 308 1864 330 non

1133 349 1201 382 sine
1226 351 1341 392 magna
1359 351 1416 381 sua
1433 349 1620 381 confusione
1639 354 1671 380 et
1695 349 1793 381 animi
1812 350 1867 383 de-

1134 402 1296 442 missione,
1314 402 1425 435 habuit
1449 402 1602 434 loannem
1629 412 1645 433 a
1672 402 1787 435 [libera
1816 414 1868 445 pa-

1135 455 1304 487 triarcham
1332 455 1585 494 Antioclienum,
1610 459 1685 487 tunc
1711 456 1870 498 archiepi-

1126 518 1269 552 ⁸scopum
1292 507 1504 546 Valentinum,
1522 507 1587 549 qui,
1609 507 1684 538 dum
1702 506 1732 538 in
1752 507 1870 539 crucia-

1138 560 1220 592 tibus
1238 562 1341 603 ipsum
1360 561 1398 593 ad
1421 560 1672 602 resignationem
1691 560 1722 591 in
1744 560 1870 592 divinae

1137 614 1309 646 voluntatis
1329 612 1565 656 heneplacitum
1585 611 1761 651 hortatum-¹,
1785 613 1872 644 audi-

1136 666 1180 697 vit
1204 666 1294 698 illum
1320 666 1480 698 ‹lii-entelli
1507 676 1539 697 se
1567 675 1686 708 poenas
1708 665 1779 697 illas
1805 665 1873 707 qui-

1137 718 1242 750 busvis
1262 718 1372 750 mundi
1392 718 1485 750 huius
1503 717 1640 750 terrenis
1661 717 1755 749 bonis
1773 717 1874 760 pluris

1140 772 1243 803 facere
1270 777 1300 803 et
1324 772 1465 803 cariores
1491 771 1625 803 hahere.
1654 771 1699 802 Ab
1727 770 1776 802 his
1805 780 1874 802 cru-

1139 823 1504 866 (1111111115,([1111111111111115
1530 823 1791 862 vehementibus,
1814 833 1875 855 nec

1140 876 1279 908 detineri
1305 881 1357 908 aut
1382 875 1539 908 retardari
1575 875 1682 918 potuit
1714 875 1790 918 quin
1816 886 1874 918 per

1140 929 1284 971 singulos
1310 929 1377 961 dies
1395 939 1452 970 per
1468 928 1559 960 binas
1582 928 1676 960 horas
1701 934 1874 960 consuetae

1140 981 1278 1014 orationi
1305 987 1443 1020 vacaret,
1465 986 1495 1014 et
1520 992 1616 1024 saepe
1636 983 1726 1014 sacra
1751 992 1876 1014 exomo-

1141 1034 1240 1075 logesi
1259 1044 1291 1065 se
1313 1033 1497 1076 purificans,
1520 1034 1628 1066 divino
1646 1034 1754 1066 altaris
1780 1034 1875 1076 epulo

1142 1086 1359 1123 reficiebatur,
1374 1085 1509 1128 aliisque
1536 1086 1669 1118 infirmis
1688 1086 1803 1118 horum
1827 1096 1877 1118 sa-

1142 1143 1381 1170 cramentorum
1401 1138 1615 1181 frequentiam
1633 1138 1797 1177 suadebat,
1813 1149 1877 1171 sae-

1143 1201 1181 1233 pe
1210 1196 1361 1234 repetens
1400 1191 1480 1223 haec
1506 1191 1614 1223 divina
1638 1191 1789 1234 mysteria
1813 1202 1877 1223 non

1143 1244 1246 1276 solum
1273 1243 1397 1275 animae
1431 1244 1487 1276 sed
1519 1244 1615 1276 etiam
1649 1243 1815 1287 corporis,
1845 1251 1879 1277 ut

1144 1296 1328 1338 plurimum,
1347 1297 1482 1329 salutem
1508 1296 1649 1339 operari.

1188 1349 1202 1392 ἓ
1219 1349 1272 1382 39.
1292 1349 1473 1382 Concentus
1486 1349 1626 1382 musicos
1644 1349 1676 1381 111
1690 1350 1727 1381 ea
1740 1349 1879 1391 aegritu-
1930 1362 2028 1383 eie-fains
2052 1370 2072 1383 m

1145 1401 1219 1433 dine
1245 1402 1401 1441 audiens,
1437 1407 1521 1434 totus
1547 1403 1687 1434 elevatus
1713 1402 1743 1434 in
1780 1389 2073 1443 13611111111ὲῖῗῇκῇἶῖἛῖ

1144 1455 1331 1487 solvebatur
1355 1454 1387 1487 in
1413 1455 1578 1498 lacrymas.
1605 1455 1763 1498 Denique,
1783 1442 1971 1487 vai‘iis⁴¹¹‘¹³⁶‘'

1144 1508 1298 1540 remediis
1330 1513 1360 1540 et
1394 1508 1498 1540 morbi
1535 1508 1812 1541 vicissitudinibus
1842 1519 1879 1541 ex

1145 1561 1251 1592 animo
1279 1560 1434 1600 toleratis,
1457 1561 1738 1604 appropinquante
1756 1561 1786 1594 S.
1811 1560 1881 1593 Dio-

1145 1612 1227 1656 nysii
1252 1613 1428 1652 festivitate,
1451 1616 1514 1656 qua
1538 1614 1589 1646 die
1614 1619 1687 1646 ante
1712 1624 1829 1646 annum
1847 1624 1879 1646 sc

1146 1665 1338 1698 moriturum
1364 1672 1432 1698 esse
1457 1667 1676 1708 praedixerat,
1696 1667 1806 1709 plures
1828 1677 1881 1699 oc-

1147 1723 1316 1751 currerunt
1341 1718 1484 1750 certatim
1510 1719 1676 1762 cupientes
1702 1720 1740 1751 ab
1766 1729 1803 1751 eo
1830 1719 1881 1751 be-

1147 1771 1262 1811 nedici,
1288 1772 1337 1804 vel
1361 1772 1427 1804 suis
1451 1772 1581 1805 rosariis
1608 1772 1674 1804 cius
1696 1772 1881 1804 linteamina

1147 1825 1272 1867 attingi.
1300 1825 1386 1858 Inter
1418 1826 1477 1858 1105
1510 1825 1595 1858 silius
1627 1825 1714 1858 ducis
1739 1825 1880 1858 Gandiae

1148 1879 1345 1921 genuflexus,
1363 1883 1393 1911 et
1411 1879 1508 1921 pedes
1526 1878 1594 1910 eius
1613 1878 1880 1922 lacrymabundus

1148 1933 1319 1970 osculatus,
1334 1931 1598 1964 benedictionem
1624 1932 1738 1964 devote
1763 1936 1795 1963 et
1818 1930 1883 1962 sin-

1148 1984 1288 2027 gultiens
1315 1984 1582 2027 praestolabatur,
1606 1985 1692 2027 quod
1709 1983 1834 2023 virDei,
1849 1994 1882 2016 se

1149 2037 1277 2080 quidem
1302 2037 1471 2069 maximum
1496 2041 1701 2079 peccatorem
1722 2046 1793 2068 cum
1811 2036 1881 2068 divo

1148 2090 1246 2123 Paulo
1265 2090 1400 2131 dictans,
1416 2096 1447 2122 et
1461 2096 1567 2123 mente
1583 2090 1621 2123 ad
1635 2090 1772 2122 nihilum
1792 2100 1883 2122 suum

1148 2154 1333 2183 conversus,
1345 2143 1526 2176 humillime
1535 2143 1702 2186 praestitit.
1711 2143 1778 2175 Hoc
1787 2143 1882 2175 etiam

203 2190 207 2196 Ι
239 2184 241 2186 ,
411 2149 425 2191 ᾗ
449 2147 502 2181 38.
530 2148 628 2180 Enixe
646 2147 740 2191 petiit
772 2158 789 2180 a
824 2147 1104 2181 circumstantibus

171 2187 356 2230 Z‘i.*.,i''i›'01²1¹³im⁵‚i³.i
367 2207 401 2234 ut
426 2201 522 2234 simul
547 2211 619 2233 curn
639 2211 676 2233 eo
695 2200 865 2233 Dominum
891 2202 1106 2244 deprecaren-

186 2238 342 2262 stupet-arentur

171 2269 197 2282 n··
220 2262 293 2282 mortis
310 2267 357 2281 sen·
370 2260 420 2287 tur
443 2265 484 2287 ne
509 2254 622 2287 mortis
647 2254 842 2286 sententiam
868 2260 1045 2294 revocaret,
1076 2261 1107 2287 et

1149 2197 1300 2230 divinitus
1320 2197 1422 2229 sorori
1448 2198 1588 2239 Angelae
1610 2207 1627 2229 a
1647 2196 1804 2237 Guglione
1822 2196 1884 2228 vir-

1150 2251 1215 2293 gini
1240 2250 1412 2293 religiosae
1437 2250 1565 2282 Ordinis
1597 2249 1696 2282 sancti
1722 2249 1882 2281 Francisci

172 2291 259 2336 iffi-''¹³¹‘’
271 2293 480 2340 ‘mm-Ioanni
499 2307 578 2347 Boii,
598 2307 759 2339 moerenti
777 2308 815 2339 de
831 2306 917 2349 gravi
930 2318 1005 2340 suae
1020 2307 1105 2341 filiae

368 2360 575 2399 infirmitate,
605 2371 674 2393 eam
700 2365 774 2393 tunc
806 2371 872 2393 non
897 2361 1106 2403 migraturam

369 2425 387 2446 a
413 2413 475 2446 vita
500 2423 573 2446 vere
601 2413 770 2456 praedixit.
798 2407 994 2447 Rer'iiittente
1018 2420 1106 2458 post-

369 2466 502 2499 modum
523 2465 687 2508 paulisper
711 2465 739 2498 vi
766 2466 879 2506 morbi,
895 2477 958 2499 non
974 2467 1042 2499 sine
1062 2469 1106 2500 la-

369 2518 448 2551 bore
474 2518 512 2550 ad
539 2528 663 2549 sacrum
690 2518 921 2551 celebrandum
942 2520 1103 2561 surgebat.

372 2571 493 2604 lterum
518 2570 761 2612 ingravescente
786 2570 985 2612 infirmitate,
1012 2571 1107 2604 assis-

408 2635 419 2660 1
443 2632 535 2659 Potius
555 2633 613 2667 lvge
632 2633 673 2657 mi
691 2638 730 2667 (n.
748 2633 798 2667 τ.).

1149 2305 1181 2337 111
1200 2306 1356 2348 perpetua
1380 2305 1528 2336 clausura
1545 2303 1673 2346 degenti
1694 2313 1882 2336 concessum

1149 2358 1215 2398 suit,
1232 2359 1305 2391 dum
1324 2369 1360 2390 ex
1378 2358 1475 2390 corde
1501 2357 1633 2400 optabat
1658 2356 1883 2399 praesentiali-

1151 2418 1206 2443 tei-1
1220 2410 1335 2443 Christi
1361 2410 1487 2443 Domini
1512 2420 1637 2442 servum
1663 2409 1825 2448 venerari;
1845 2408 1883 2441 il-

1150 2464 1210 2497 lico
1228 2464 1314 2497 enim
1340 2463 1534 2505 (ministerio
1560 2462 1701 2495 creditur
1721 2460 1881 2504 angelico>

1149 2523 1222 2550 ante
1248 2517 1316 2550 eius
1341 2517 1440 2560 pedes
1466 2516 1638 2548 constituta
1659 2520 1690 2547 et
1709 2515 1771 2546 voti
1796 2525 1881 2546 com-

1149 2582 1206 2615 pos
1224 2570 1315 2609 sacta,
1337 2580 1414 2603 suae
1435 2570 1536 2602 cellae
1555 2569 1671 2601 iterun]
1689 2568 1881 2600 miraculose

1183 2632 1196 2658 1
1219 2632 1320 2658 Forsan
1341 2631 1507 2658 hortaretur
1526 2630 1631 2663 (arn).
