2279 3260
125 184 177 212 An.
195 183 224 212 C.
246 182 314 211 ¹673

319 233 358 266 de
384 232 589 276 particularis
625 231 890 273 Congregationis
921 240 1054 262 venera-

319 285 433 318 bilium
451 285 584 317 fratrum
602 289 784 316 nostrorum
801 283 832 315 S.
849 282 884 314 ll.
902 282 935 314 E.
952 281 1054 314 cardi-

318 338 441 370 nalium
461 337 600 379 negotiis
618 335 947 378 PropagandaeFidci
966 345 1054 377 prae-

318 389 495 432 positorum
506 388 655 429 consilio,
666 389 826 430 praelatas
838 387 955 420 Urbani
968 397 1054 429 prae-

319 441 501 475 decessoris
515 442 648 480 litteras,
659 441 848 473 anctoritate
865 440 1052 483 apostoliea,

319 500 431 527 tenore
448 494 677 537 praesentium,
688 493 924 532 confirmamus,
938 502 1053 535 appro-

317 548 431 580 bamus
457 552 488 580 et
518 546 721 587 innovamus,
746 547 900 589 ipsasque
928 546 1053 578 litteras

317 600 357 632 ad
383 600 514 632 eosdem
531 599 702 642 episcopos
720 604 751 632 et
769 598 906 631 vicarios
923 602 1053 641 aposto-

316 651 394 691 icos,
427 662 556 684 necnon
588 652 769 684 sacerdotes
805 652 986 684 saeculares
1023 655 1054 681 et

316 704 425 744 laicos,
464 709 528 736 tam
562 704 677 736 missos
706 715 800 747 quam
827 704 859 736 in
884 708 1050 746 posterum

316 757 490 790 mittendos
525 757 558 789 in
595 756 748 796 Chinam,
786 755 1051 794 Coehinchinam,

316 810 510 850 Tunkinum,
537 809 623 842 Siam
657 815 689 842 et
724 809 785 842 alia
814 809 893 848 loca,
920 809 1051 847 insulas,

316 863 510 907 provincias,
535 862 688 905 regiones
715 868 746 894 et
770 872 871 904 regna
890 861 1051 896 Indiarum

318 922 350 949 et
385 916 519 948 aliarum
556 916 694 958 partium
724 914 933 947 Orientalium
959 913 1051 955 (itaut

316 969 377 1012 ipsi
403 975 434 1001 et
459 979 572 1001 eorum
609 968 746 1010 quilibet
781 967 856 1000 illuc
892 977 950 1010 per
972 966 1050 998 alias

317 1032 533 1064 quascumque
560 1021 624 1053 vias
651 1020 712 1052 sibi
737 1021 928 1059 benevisas,
955 1030 1051 1062 qnam

315 1083 376 1115 per
399 1072 607 1111 Lusitaniam,
623 1072 783 1115 proficisci
805 1072 906 1105 libere
930 1072 1052 1114 pariter

317 1131 349 1158 et
372 1125 458 1158 licite
484 1125 608 1168 possint
632 1131 663 1157 et
687 1127 824 1165 valeant,
844 1136 903 1157 nec
919 1136 976 1167 per
992 1125 1052 1156 Lu-

317 1178 465 1211 sitaniam
483 1178 670 1210 huiusmodi
688 1178 826 1210 transire
856 1184 910 1210 ant
926 1178 1052 1220 naviga-

318 1231 438 1264 tionem
453 1230 529 1263 inde
547 1231 713 1274 suscipere
728 1232 795 1263 ullo
810 1232 906 1263 modo
922 1236 1053 1263 tenean-

317 1284 394 1326 tur),
421 1286 547 1316 servata
573 1290 680 1316 tamen
705 1283 894 1326 ceteroquin
926 1284 1051 1326 praesa-

316 1343 419 1368 tarum
444 1336 618 1369 Clementis
643 1336 906 1379 praedecessoris
931 1336 1053 1368 littera-

316 1399 387 1421 rum
412 1389 528 1429 forma,
548 1388 740 1420 auctoritate
766 1393 797 1420 et
823 1395 935 1421 tenore
961 1399 1054 1432 prae-

316 1441 408 1474 dictis
434 1441 640 1474 extendimus
667 1446 699 1473 ct
722 1441 926 1483 ampliamus.

147 1505 306 1526 Poenaexeom-
360 1494 425 1537 ξὸ.
453 1495 496 1526 Ac
515 1504 735 1537 quoscumque
762 1494 996 1526 ecclesiasticos
1021 1500 1052 1527 et

120 1531 305 1586 ἰᾞωζῗὲῗζίἷῗῑιῖἐ
317 1546 489 1588 religiosos
514 1546 747 1588 cuiuscumque
773 1545 900 1579 Ordinis
918 1552 949 1578 et
966 1546 1054 1578 insti-

120 1584 386 1639 ῗιζῗζῗῖξὲςέἶῖἑῖῗῖῑιιῑί,
404 1604 468 1631 tam
494 1609 559 1631 non
578 1598 830 1631 Mendicantium
856 1609 951 1641 quam
969 1599 1053 1631 Men-

120 1635 506 1691 3323205221>ffi¹1³5dicantinm,
523 1651 618 1683 etiam
642 1651 809 1684 Societatis
835 1652 915 1691 lesu,
937 1657 968 1684 et
984 1662 1053 1684 sae-

119 1689 206 1734 ssisssm'*
231 1693 305 1714 ’ΜΨ
317 1705 451 1743 culares,
479 1704 707 1746 episcoporum
725 1709 756 1735 et
774 1704 963 1736 vicariorum
980 1716 1054 1748 apo·

316 1757 516 1795 stolicoruin,
538 1766 664 1788 necnon
681 1757 885 1789 sacerdotum
910 1758 1053 1789 saecula-

298 1804 398 1840 'rinin
424 1814 455 1841 et
479 1809 645 1847 laicorum,
675 1814 736 1840 tam
761 1809 931 1841 missorum
957 1821 1053 1853 qnam

313 1860 526 1903 imposterum
551 1860 793 1900 mittendorum,
815 1862 1053 1904 utpraesertur,

315 1914 355 1946 ad
387 1913 533 1953 Chinam,
565 1913 830 1953 Cochinehinam,
861 1915 1051 1955 Tnnliinum,

314 1966 401 1998 Siam
427 1972 460 1998 et
491 1966 553 1998 alia
585 1967 667 2004 loca,
698 1966 831 2007 insulas,
858 1967 1053 2009 provincias,

317 2019 468 2061 regiones
495 2025 527 2050 et
553 2029 651 2059 regna
676 2019 839 2051 Indiarum
864 2026 895 2052 et
918 2021 1052 2052 aliarum

316 2072 456 2115 partium
486 2071 699 2104 Orientalium
736 2072 922 2105 huiusmodi
948 2084 1055 2106 acees-

317 2135 389 2157 sum
415 2125 663 2168 quomodolibet
686 2125 914 2167 impedientes,
930 2136 1055 2158 exeom-

317 2177 545 2210 mnnicationis
562 2178 643 2209 latae
662 2177 842 2210 sententiae
860 2178 988 2211 vinculo
1005 2190 1055 2221 pa·

317 2229 495 2262 ril'orniiter
519 2230 724 2262 innodamus.

362 2285 417 2325 ιξδ.
434 2283 786 2315 Decernenteseasdem
798 2289 987 2325 praesentes
1004 2283 1050 2316 lit-

319 2341 403 2368 teras
430 2345 558 2377 semper
578 2334 699 2374 firmas,
722 2336 842 2367 validas
861 2341 892 2368 et
909 2336 1054 2369 efficaces

318 2389 455 2422 existere
487 2394 518 2420 et
549 2389 636 2429 Fore,
662 2399 803 2431 suosque
829 2390 992 2432 plenarios
1025 2397 1056 2423 et

317 2442 463 2484 integros
491 2440 624 2473 effeetus
646 2441 752 2473 sortiri
779 2447 809 2474 et
834 2442 996 2482 obtinere,
1020 2454 1053 2475 at

317 2494 391 2535 illis,
425 2494 464 2526 ad
491 2504 570 2537 qnos
607 2499 731 2537 spectat
755 2500 787 2526 et
811 2505 870 2538 pro
911 2501 1052 2538 tempore

319 2548 588 2593 quandocumque
615 2547 783 2590 spectabit,
802 2547 832 2580 in
853 2549 1002 2581 oninibus
1025 2555 1051 2581 et

151 2292 262 2312 Decretum
280 2292 306 2312 ir-

124 2319 197 2340 citans.

952 180 1094 205 CLEMENS
1114 181 1133 205 X
1157 182 1205 205 PP-

1096 239 1154 271 per
1178 229 1285 262 omnia
1309 230 1497 272 plenissime
1523 231 1707 273 suffragari,
1735 237 1766 264 et
1790 231 1829 263 ab

1096 281 1142 314 eis
1159 282 1571 325 respectiveinviolabiliter
1587 290 1618 316 et
1640 285 1830 317 ineoncnsse

1096 335 1278 376 observari,
1304 336 1416 378 sieque
1443 347 1501 378 per
1526 347 1748 379 qnosennnpie
1785 337 1832 368 iu-

1097 387 1184 420 dices
1204 388 1386 420 ordinarios
1405 393 1436 420 et
1453 388 1630 429 delegatos,
1648 389 1743 420 etiam
1762 399 1832 420 eau-

1096 451 1202 472 sarum
1244 441 1351 483 palatii
1389 441 1560 484 apostolici
1601 441 1774 480 auditores,
1800 446 1831 474 et

1095 493 1562 544 aliosquoslibetqnafflnnqne
1573 492 1828 535 praeeminentia

1097 551 1128 578 et
1153 551 1309 588 potestate
1329 547 1500 588 fungentes
1519 552 1550 578 et
1566 546 1742 585 snnetnros,
1761 545 1830 577 sni)-

1096 600 1160 631 laia
1185 599 1229 631 eis
1260 605 1290 632 et
1327 610 1439 632 eornm
1471 599 1605 632 cuilibet
1631 598 1742 641 quavis
1777 598 1833 630 ali-

1096 656 1144 683 ter
1168 651 1328 683 indicandi
1356 657 1386 683 et
1423 651 1659 694 inter11n·eta11di
1682 651 1832 683 facultate

1096 709 1128 736 et
1161 704 1363 743 auctoritate,
1398 703 1534 736 iudicari
1559 709 1591 736 et
1617 703 1743 736 definiri
1771 703 1828 735 de—

1094 756 1184 797 bere,
1208 767 1242 788 ac
1267 757 1391 788 irritum
1424 762 1456 789 et
1479 757 1574 789 inane
1605 756 1630 788 si
1663 767 1754 788 secus
1787 766 1833 787 su-

1095 819 1155 851 per
1180 810 1228 841 his
1258 820 1273 841 a
1298 819 1470 851 quoquam,
1494 808 1606 851 quavis
1624 808 1830 847 auctoritate,

1096 861 1236 893 scienter
1259 862 1306 893 vel
1328 860 1525 902 ignoranter,
1542 860 1716 903 contigerit
1733 865 1834 892 atte‘n-

1096 914 1168 946 tari.

1138 966 1169 998 9.
1197 966 1382 998 ,llaiidantes
1407 972 1581 1009 propterea
1606 965 1766 998 universis
1801 969 1832 997 et

1726 175 1790 208 459
1837 184 1888 210 Au.
1906 183 1934 209 C.
1954 181 2022 208 1073

1868 977 1952 998 Man-iai
1965 982 2026 1001 prae·

1811 1016 1815 1022 ·
1840 1008 1928 1024 sentium
1947 1003 2026 1023 littura·

1095 1017 1230 1060 singulis
1252 1018 1458 1061 patriarchis,
1482 1017 1746 1060 archiepiscopi&
1766 1027 1884 1059 epi-rum
1913 1031 2026 1049 osum.-

1841 1059 1920 1076 tuamet
1932 1056 2026 1081 pantica-

1095 1071 1214 1113 scopis,
1240 1081 1275 1102 ac
1300 1071 1415 1103 ceteris
1451 1071 1663 1103 ecclesiarum
1687 1076 1719 1102 et
1744 1071 1927 1104 loco-nonan.

1096 1133 1165 1154 rum
1216 1123 1312 1155 etiam
1348 1123 1546 1165 regularium
1582 1122 1737 1165 praelatis
1775 1131 1833 1164 per

1096 1175 1280 1208 universum
1304 1177 1417 1209 orbem
1447 1176 1638 1215 constitutis,
1674 1181 1709 1207 ut
1743 1185 1834 1218 prae-

1096 1234 1204 1262 sentes
1230 1229 1354 1261 litteras
1378 1229 1410 1261 in
1437 1229 1503 1262 suis
1529 1229 1666 1272 quisque
1704 1229 1834 1272 provin-

1097 1282 1162 1320 ciis,
1188 1281 1382 1322 civitatibus,
1400 1282 1613 1321 dioecesibus,
1639 1282 1785 1324 capitulis
1804 1287 1835 1314 et

1096 1333 1374 1366 iurisdictionibus
1410 1334 1450 1366 ab
1479 1333 1629 1366 omnibus
1665 1333 1835 1366 inviolabi-

1097 1386 1171 1419 liter
1196 1386 1373 1426 observari,
1400 1392 1450 1426 et,
1477 1386 1604 1429 qnoties
1639 1397 1656 1418 a
1682 1386 1833 1428 praefatis

1097 1439 1258 1482 episeopis
1285 1444 1316 1472 et
1339 1439 1465 1472 vicariis
1483 1439 1680 1481 apostolicis,
1704 1449 1833 1472 necnon

1096 1492 1316 1524 sacerdotibus
1341 1492 1562 1524 saecularibus
1588 1499 1619 1525 et
1643 1492 1743 1531 laicis,
1772 1497 1834 1523 tam

1097 1545 1202 1577 missis
1230 1555 1323 1587 qnam
1360 1544 1551 1583 mittendis,
1575 1550 1610 1577 nt
1635 1545 1833 1587 praefertur,

1097 1608 1151 1630 seu
1177 1608 1289 1630 eornm
1314 1598 1434 1640 aliquo,
1463 1598 1581 1629 suerint
1600 1597 1759 1639 requisiti,
1782 1607 1835 1629 so—

1097 1651 1248 1683 lemniter
1273 1650 1432 1693 publicari
1457 1655 1570 1682 enrent
1595 1655 1626 1682 et
1650 1650 1780 1682 faciant.

1141 1703 1232 1747 §ld
1267 1703 1337 1735 Non
1369 1703 1571 1735 obstantibus
1604 1702 1834 1735 constitutioni-

1096 1757 1153 1788 bus
1168 1762 1199 1789 et
1219 1756 1476 1789 ordinationibus
1493 1755 1687 1798 apostolicis,
1706 1766 1833 1788 necnon

1096 1810 1248 1842 omnibus
1286 1815 1317 1841 et
1341 1809 1476 1851 singulis
1509 1809 1572 1841 illis
1600 1819 1682 1851 quae
1719 1819 1835 1841 memo-

1097 1868 1182 1894 ratus
1207 1861 1353 1894 Urbanus
1385 1862 1613 1904 praedeeessor
1638 1862 1670 1893 in
1695 1861 1761 1893 suis
1788 1861 1835 1893 lit-

1098 1915 1175 1947 teris
1198 1914 1350 1958 praelatis
1376 1914 1478 1946 voluit
1502 1925 1568 1946 non
1586 1914 1728 1954 obstare,
1752 1919 1836 1946 cete-

1096 1967 1206 2009 risque
1225 1966 1396 1999 contrariis
1423 1966 1693 2009 quibuscumque.

1140 2020 1154 2062 ἓ
1172 2019 1225 2051 11.
1245 2019 1398 2051 Volumus
1416 2024 1520 2050 autem
1535 2024 1570 2050 ut
1583 2018 1729 2061 ipsarum
1740 2028 1832 2061 prae-

1097 2072 1237 2104 sentium
1258 2071 1438 2104 litterarum
1463 2071 1682 2114 transumptis,
1698 2082 1755 2103 seu
1782 2082 1834 2103 ex-

1096 2124 1221 2167 emplis,
1240 2124 1335 2156 etiam
1366 2124 1545 2166 impressis,
1574 2134 1670 2156 manu
1698 2123 1833 2156 alieuius

1097 2177 1213 2210 notarii
1231 2177 1353 2220 publici
1378 2177 1576 2220 subscriptis,
1595 2183 1626 2209 et
1641 2177 1747 2219 sigillo
1762 2187 1834 2219 per—

1097 2241 1196 2263 sonae
1222 2230 1254 2262 in
1280 2229 1498 2262 ecelesiastica
1529 2229 1686 2272 dignitate
1716 2230 1836 2262 eonsti-

1099 2289 1183 2315 tutae
1208 2283 1350 2323 munitis,
1369 2283 1635 2326 eadein'prorsus
1660 2283 1741 2315 fides
1773 2288 1835 2315 tam

1097 2337 1130 2369 in
1148 2336 1266 2369 iudicio
1288 2347 1384 2379 quain
1409 2341 1497 2368 extra
1521 2336 1600 2369 illud
1625 2336 1831 2375 adhibeatur,

1098 2401 1180 2432 qnae
1216 2389 1296 2433 ipsis
1322 2390 1551 2432 praesentibus
1575 2389 1786 2422 adhiberetur
1808 2389 1833 2420 si

1099 2444 1207 2475 forent
1227 2442 1391 2475 exhibitae
1418 2443 1466 2474 vel
1492 2448 1656 2474 ostensae.

1142 2495 1255 2527 Datum
1283 2495 1424 2536 Romae,
1450 2495 1533 2537 apud
1558 2494 1588 2527 S.
1612 2493 1742 2526 Mariam
1771 2493 1833 2526 Ma-

1099 2548 1209 2588 iorem,
1236 2549 1292 2580 snb
1312 2549 1430 2581 annulo
1461 2548 1641 2587 Piscatoris,
1674 2547 1724 2578 die
1756 2556 1832 2579 xxm

1865 1712 1981 1734 Contrariis
1992 1712 2029 1734 de-

1845 1742 1912 1765 rogat.

1878 2028 2027 2053 'l'iansuinplo¹

1844 2060 1888 2073 rum
1905 2053 1965 2074 fido..
