2279 3260
143 241 194 269 Ᾰη.
214 239 243 267 C.
262 238 330 268 ¹670

966 235 1107 264 erminus
1129 241 1147 263 x
1172 239 1219 264 rvr.

337 300 399 333 qua
426 286 669 322 deindffiudex
704 289 859 332 colligere
888 287 1006 332 poterit
1029 298 1069 320 an

336 342 408 375 testi
433 343 473 375 sit
497 343 603 375 danda
628 343 718 375 tides.

380 394 410 427 Si
424 395 628 438 responderit
641 396 834 428 contrahere
852 395 998 428 volentes
1016 395 1071 426 ha-

335 447 444 480 buisse
468 458 601 481 uxorem
627 449 676 481 vel
702 448 854 481 maritum
871 475 878 489 ,
905 448 962 480 sed
999 458 1069 480 csse

335 506 502 541 mortuos,

378 563 420 586 x1.
447 553 653 595 Interogetur
677 553 716 586 de
742 554 814 586 loco
841 558 873 586 et
905 558 1068 596 tempore,

336 616 399 649 quo
415 610 492 638 sunt
508 606 637 646 mortui,
657 611 688 639 et
706 607 871 650 quomodo
892 607 960 650 ipse
983 605 1070 639 testis
1091 646 1093 657 y

334 659 415 691 sciat
440 658 536 692 fuisse
563 659 726 702 coniuges,
750 665 781 692 et
798 670 883 692 nunc
900 670 970 692 csse
988 669 1072 691 mor·
1091 660 1093 711 i

335 716 419 743 tuos.
447 710 484 743 Et
501 711 525 743 si
543 712 743 754 respondeat
760 718 904 745 mortuos
924 711 1020 743 fuisse
1040 711 1071 742 in
1090 716 1092 725 ¹

335 763 442 806 aliquo
469 764 641 807 hospitali,
666 765 716 797 vel
740 764 857 797 vidisse
883 763 1013 807 sepeliri
1039 764 1070 795 in

335 819 423 848 certa
449 817 604 857 ecclesia,
642 818 691 850 vel
727 817 899 850 occasione
936 816 1070 849 militiae

335 871 482 912 sepultos
507 870 604 902 fuisse
630 881 647 902 a
671 869 849 909 militibus,
878 880 943 901 non
979 869 1073 901 detur

334 974 520 1008 testimonio
539 975 725 1009 authentiCO
743 986 759 1007 a
775 980 901 1007 rectore
928 974 1073 1016 hospita-

333 1028 382 1068 lis,
408 1028 440 1060 in
466 1038 529 1071 quo
562 1028 720 1071 praedicti
757 1028 1070 1071 praedecesserunt,

333 1081 384 1113 vel
409 1091 427 1113 a
451 1086 576 1114 rectore
601 1081 761 1114 ecclesiae
794 1080 827 1113 in
849 1092 911 1124 qua
939 1080 1073 1113 humata

335 1133 464 1166 suerunt
488 1144 602 1166 eorum
623 1134 788 1173 cadavera,
808 1135 868 1174 vel,
886 1133 911 1166 si
929 1133 997 1166 fieri
1016 1144 1074 1177 po-

334 1191 417 1226 test,
442 1197 460 1218 a
485 1187 565 1219 duce
590 1186 676 1219 illius
701 1186 842 1219 cohortis
868 1186 900 1218 in
926 1197 988 1229 qua
1004 1186 1074 1221 ,de-

1767 231 1809 264 853

1158 288 1251 320 Fides
1269 288 1395 332 aliaque
1411 288 1614 328 documenta,
1630 300 1710 332 quae
1730 291 1850 333 produ-

1113 345 1228 372 cuntur
1243 341 1281 373 de
1296 342 1453 384 partibus,
1471 352 1535 374 non
1550 343 1767 381 admittantm·,
1787 343 1847 374 nisi

1113 393 1177 425 sint
1197 393 1319 425 munita
1340 394 1447 436 sigillo
1469 399 1501 427 et
1520 395 1680 435 legalitate
1705 395 1848 437 epis-cupi

1113 445 1277 485 ordinarii,
1300 451 1331 479 et
1347 446 1514 488 recognita
1531 448 1642 479 saltem
1662 458 1720 489 per
1738 453 1848 487 testes,

1113 498 1165 540 qui
1192 499 1333 531 habeant
1358 504 1464 531 notam
1491 510 1619 531 manum
1642 505 1673 531 et
1697 499 1850 541 sigillum,

1113 557 1145 584 et
1169 557 1291 584 attente
1318 553 1545 585 consideretur
1571 552 1670 595 quod¹
1696 552 1775 584 tides
1794 564 1849 583 seu

1109 596 1297 637 ”testimonia
1323 607 1405 638 hene
1432 611 1463 638 ct
1479 606 1712 637 concludenter
1738 606 1851 637 idi-nti-

1113 657 1230 690 iicent²
1254 669 1412 701 personas
1439 660 1477 691 de
1504 659 1620 702 ‹piibus
1645 659 1760 700 agitur.

1156 711 1216 744 Pro
1243 713 1378 744 testibus
1395 712 1427 744 in
1448 713 1507 744 hac
1533 712 1666 744 mats-ria
1692 712 1851 754 recipian-

1115 768 1165 795 tur
1183 765 1284 806 magis
1309 765 1541 807 consanguinei
1561 776 1656 807 quam
1679 765 1823 796 extranei
1843 792 1849 803 ,

1113 816 1189 858 quia
1222 823 1475 859 praesumuntur
1506 818 1625 850 melius
1662 818 1850 857 informati,

1113 874 1145 901 et
1162 870 1248 902 cives
1274 871 1375 913 magis
1395 882 1491 913 quam
1509 871 1631 910 exteri3
1655 882 1714 903 nec
1739 870 1853 903 admit—

1114 926 1222 954 tantur
1241 922 1390 955 homines
1411 924 1479 966 vagi
1507 929 1538 956 et
1557 923 1685 964 milites,
1701 924 1760 956 nisi
1780 925 1851 956 data

1114 977 1209 1007 causa
1241 980 1272 1008 et
1296 982 1420 1009 maturo
1456 977 1612 1016 consili0;
1640 982 1669 1009 ct
1706 978 1852 1009 notarius

1114 1033 1223 1061 exacte
1250 1029 1416 1061 describat
1440 1039 1612 1072 personam
1636 1030 1739 1067 testis,
1757 1042 1852 1073 quem

1114 1081 1140 1112 si
1166 1081 1346 1123 cognoscit,
1369 1086 1476 1114 utatur
1501 1083 1655 1121 clausula,
1678 1083 1761 1114 milei
1781 1083 1853 1115 benc

1114 1133 1271 1175 commus,
1299 1134 1349 1166 sin
1375 1134 1496 1175 minus,
1523 1145 1657 1167 examen
1683 1146 1748 1168 non
1774 1136 1853 1168 reci-

1114 1185 1191 1228 piat,
1209 1186 1268 1218 nisi
1296 1189 1358 1220 una
1384 1198 1456 1219 cum
1476 1190 1617 1230 persona
1636 1188 1727 1220 testis
1745 1189 1853 1231 aliqua

333 1239 473 1282 scriptus
498 1244 567 1272 erat
589 1239 692 1272 miles.
712 1238 742 1272 Si
763 1245 868 1272 tamen
887 1238 1071 1272 huiusmodi
1114 1238 1176 1270 alia
1197 1245 1383 1282 compareat
1406 1240 1534 1282 cognita
1560 1241 1698 1280 notario,
1720 1246 1752 1273 et
1769 1252 1851 1284 quae

333 1292 520 1325 testimonia
545 1292 661 1325 haberi
697 1304 761 1325 non
791 1298 947 1336 possunt,
981 1303 1072 1325 sacra
1115 1296 1284 1324 attestetur
1297 1292 1336 1324 de
1351 1292 1480 1325 nomine
1496 1298 1529 1325 et
1542 1294 1735 1335 cognomine
1750 1293 1851 1336 ipsius

1092 1350 1095 1353 ’
1116 1343 1215 1384 testis,
1233 1354 1361 1377 necnon
1381 1345 1419 1377 de
1446 1344 1623 1378 idoneitate
1649 1346 1795 1379 eiusdem
1815 1348 1851 1379 ad

1114 1395 1334 1429 testimonium
1373 1397 1550 1430 serendum.
1589 1398 1626 1430 Et
1666 1399 1853 1431 huiusmodi

1092 856 1093 876 i

333 919 466 957 licentia
490 922 702 955 contrahendi
728 921 788 954 nisi
825 922 914 965 prius
941 926 1072 964 recepto

333 1344 541 1387 congregatio
566 1355 631 1377 non
649 1345 790 1377 intendit
806 1346 979 1378 excludere
994 1345 1073 1377 alias

333 1396 555 1440 probationes,
581 1407 664 1439 qnae
682 1397 721 1429 de
739 1397 809 1430 inre
828 1397 989 1430 communi
1004 1408 1073 1440 pos-

334 1453 408 1481 sunt
433 1449 571 1489 admitti,
596 1449 772 1482 dummodo
809 1450 874 1482 sint
908 1449 1071 1492 legitimae
1092 1453 1094 1497 ξ
1115 1448 1315 1481 examinibus
1341 1449 1439 1482 debet
1463 1450 1619 1482 interesse
1642 1450 1674 1483 in
1692 1451 1785 1490 Urbe7
1806 1453 1853 1483 nl-

335 1505 366 1532 et
390 1501 600 1534 sufficientes.
1091 1500 1093 1542 ff
1114 1506 1162 1533 tra
1180 1501 1354 1541 notariumy
1371 1502 1517 1535 officialis
1544 1503 1728 1546 specialiter
1754 1504 1854 1546 depu-

375 1565 432 1587 xn.
459 1554 684 1597 lnterrogetur
704 1566 756 1595 an,
775 1560 849 1599 post
869 1561 1005 1588 mortem
1032 1555 1073 1588 di·
1091 1547 1092 1551 ¹
1115 1555 1232 1587 tandus
1247 1555 1286 1588 ab
1301 1555 1557 1589 eminentissimo
1572 1557 1708 1597 viem-103
1725 1557 1749 1589 si
1765 1564 1853 1589 extra

334 1608 376 1640 cti
395 1607 541 1650 coniugis
568 1608 721 1648 defuncti,
744 1608 858 1651 aliquis
884 1619 921 1640 ex
946 1609 1093 1653 praedi·¹
1115 1606 1240 1646 Urbem,
1260 1608 1308 1640 vel
1334 1608 1470 1641 vicarius
1497 1609 1650 1652 episcopi,
1671 1611 1719 1642 vel
1746 1611 1854 1652 aliqua

333 1660 392 1692 ctis
417 1660 612 1693 contrahere
645 1661 826 1694 volentibus
851 1661 1014 1693 transierit
1034 1661 1071 1693 ad
1092 1662 1094 1666 '
1115 1659 1176 1692 alia
1199 1671 1341 1703 persona
1368 1662 1502 1703 insignis
1528 1667 1559 1694 et
1586 1663 1701 1695 idonea
1726 1664 1765 1695 ab
1787 1664 1855 1706 epi-

333 1713 477 1746 secunda
501 1719 585 1746 vota.

376 1765 408 1798 Si
433 1766 643 1809 responderit
667 1767 835 1810 negative,
1091 1734 1094 1813 i

375 1829 432 1852 ΧΠ.
459 1819 684 1862 Interrogetur
709 1832 748 1853 an
775 1831 845 1853 esse
867 1821 968 1864 possit
986 1822 1071 1865 quod

333 1873 450 1915 aliquis
468 1883 505 1905 ex
525 1873 586 1905 illis
603 1873 767 1906 transierit
782 1875 820 1906 ad
835 1875 977 1908 secunda
993 1881 1071 1916 vota,

333 1926 453 1969 absque
479 1937 517 1959 eo
542 1927 627 1969 quod
654 1927 720 1970 ipse
747 1928 837 1960 testis
863 1928 952 1961 sciat.

376 1979 406 2012 Si
434 1979 642 2022 responderit
678 1980 887 2021 affirmative,
915 1992 1066 2024 superse-

333 2031 447 2064 deatur
470 2032 503 2064 in
528 2032 658 2065 licentia
677 2033 780 2065 donec
798 2034 1017 2075 producantur
1032 2040 1072 2067 te-

333 2089 409 2124 stes,
430 2095 488 2128 per
512 2095 591 2128 quos
617 2085 766 2128 negativa
791 2090 974 2118 coarctetur
998 2098 1070 2120 con-

333 2137 517 2170 cludenter.

378 2189 408 2223 Si
435 2201 511 2224 vero
536 2192 696 2233 negative,

376 2253 440 2276 xiv.
468 2243 691 2286 Interrogetur
716 2245 755 2277 (le
781 2247 875 2278 causa
900 2245 1069 2287 scientiae,

334 2307 396 2339 qua
422 2299 582 2340 perpensa
598 2324 605 2337 ‚
632 2297 725 2330 iudex
764 2299 884 2340 poterit
908 2298 1069 2339 iudicare,
1091 2298 1092 2303 ’

333 2359 372 2381 an
399 2349 441 2381 sit
465 2350 674 2382 concedenda
698 2351 828 2383 licentia
845 2353 894 2384 vel
915 2362 966 2384 ne.

378 2402 408 2434 Si
434 2403 664 2435 contrahentes
682 2409 755 2435 sunt
776 2404 858 2447 vagi,
879 2416 944 2437 non
964 2417 1070 2449 proce-

334 2455 428 2487 datur
447 2455 487 2487 ad
512 2455 675 2489 licentiam
693 2458 917 2498 contrahendi,
937 2458 996 2490 nisi
1015 2459 1071 2492 do·
1091 2458 1093 2480 ¹

333 2513 428 2540 ceant
451 2518 511 2551 per
544 2507 625 2541 fides
661 2509 906 2543 Ordinariorum
941 2522 1070 2544 suornm

334 2570 407 2592 esse
422 2560 551 2601 liberes,
571 2566 603 2594 et
615 2562 647 2593 in
661 2562 730 2594 aliis
745 2566 870 2595 servata
885 2564 982 2596 forma
996 2565 1071 2597 Con·
1091 2598 1093 2603 f

334 2613 399 2646 cilii
412 2612 589 2646 Tridentini
615 2614 648 2646 in
669 2626 740 2658 cap.
757 2616 863 2655 Multi,
880 2627 958 2649 sess.
985 2628 1067 2651 xxrv.
1091 2608 1093 2657 i

1114 1724 1211 1756 scopo
1246 1714 1429 1757 specialiter
1466 1715 1666 1757 deputanda:
1692 1715 1770 1748 alias
1795 1727 1851 1758 pu-

1114 1766 1220 1798 niatur
1244 1767 1387 1799 notarius
1423 1767 1557 1800 arbitrio
1582 1778 1691 1801 sacrae
1718 1779 1854 1810 congre-

1114 1819 1261 1861 gationis,
1277 1824 1308 1852 et
1321 1819 1509 1852 Ordinarius
1527 1831 1590 1853 non
1606 1821 1770 1864 permittat
1783 1820 1853 1853 fieri

1114 1873 1364 1915 publicationes.

1157 1925 1316 1958 Ordinarii
1340 1926 1546 1970 praecipiant
1567 1928 1718 1960 omnibus
1738 1934 1767 1960 et
1789 1929 1853 1961 sin-

1091 1969 1092 1978 *
1114 1979 1198 2021 gulis
1216 1979 1369 2022 parochis
1384 1979 1415 2011 in
1430 1990 1542 2012 eorum
1563 1980 1764 2013 dioecesibus
1779 1982 1854 2021 'exi-

1115 2032 1275 2064 stentibus
1305 2038 1339 2064 ut
1373 2043 1432 2075 pro
1458 2033 1675 2066 matrimoniis
1700 2044 1772 2066 cum
1803 2045 1854 2065 ex-

1115 2085 1190 2117 teris
1215 2086 1448 2118 contrahendis
1474 2096 1539 2118 non
1567 2087 1684 2118 saciant
1708 2087 1854 2129 publica-

1091 2170 1092 2174 ,
1115 2137 1217 2170 tiones
1242 2138 1274 2170 in
1299 2148 1411 2171 eorum
1430 2139 1574 2171 eeclesiis
1600 2138 1660 2170 nisi
1680 2139 1852 2172 certiorato

1091 2214 1092 2218 ,
1113 2189 1292 2231 Ordinari0‚
1319 2201 1336 2223 a
1362 2202 1434 2234 quo,
1461 2192 1511 2223 vel
1537 2191 1606 2223 eius
1631 2192 1779 2233 generali
1808 2192 1853 2224 vi—

1114 2243 1211 2283 cario,
1238 2243 1327 2286 prius
1354 2249 1526 2276 teneantur
1557 2244 1775 2276 authenticam
1804 2256 1853 2277 re-

1113 2303 1243 2339 portare
1272 2297 1356 2339 quod
1390 2308 1448 2339 pro
1475 2297 1529 2329 tali
1556 2297 1760 2329 matrimonio
1787 2299 1853 2329 l'uc-

1090 2374 1092 2393 3
1112 2356 1190 2382 runt
1203 2350 1372 2383 examinati
1393 2356 1489 2383 testes
1508 2351 1539 2382 in
1557 2362 1668 2383 eorum
1688 2351 1848 2389 tribunali,

1114 2403 1167 2446 qui
1193 2404 1331 2447 probant
1355 2408 1469 2436 statum
1496 2404 1632 2437 liberum
1659 2405 1849 2437 contrahere

1115 2457 1308 2498 volentium,
1337 2463 1400 2490 etc.

1151 2539 1160 2563 1
1182 2537 1278 2563 l'artic.
1295 2538 1369 2571 qnod
1384 2537 1508 2564 addimus
1522 2545 1553 2564 ex
1569 2537 1612 2564 ed.
1629 2537 1850 2569 Cherubim).

1151 2585 1160 2608 1
1181 2582 1280 2609 Forsan
1303 2583 1428 2608 indicfnc
1446 2584 1483 2608 vel
1501 2583 1664 2617 significent
1680 2591 1727 2617 pro
1745 2582 1849 2608 utente>

1113 2627 1195 2659 siccut
1212 2626 1352 2661 legrnvlum
1369 2629 1395 2660 (r.
1424 2627 1470 2660 72).

1857 240 1905 265 Λη.
1924 240 1950 266 C.
1978 241 2042 267 1070
