2279 3260
140 238 188 264 Αη.
204 236 231 264 C.
256 237 322 265 lss’a'5

167 403 283 430 Exponitio.

962 235 1103 260 criminas
1126 238 1141 260 κ

1064 291 1071 296 ’
1113 285 1265 318 ilinalium
1284 290 1501 328 protectorum
1518 287 1643 319 ‹tant-oia
1658 287 1840 320 buiuzmodi

554 286 686 313 clemens
713 284 792 317 Papa
811 284 851 315 X,

456 332 492 358 ad
512 333 686 365 perpetuam
706 329 751 356 rei
771 333 951 356 memoriam.

377 393 435 437 gl.
451 392 675 436 Exposuerunt
693 390 787 424 nobis
809 400 914 433 nuper
940 400 1068 423 venera-

332 447 413 479 biles
438 446 552 479 fratres
580 444 682 478 nostri
708 444 738 477 S.
763 444 798 476 R.
827 444 861 477 Ε.
887 443 1089 476 cardinales*

333 498 462 541 collegii
482 497 666 531 Germanici
685 502 714 530 et
733 496 906 540 Ilungarici
928 496 967 528 de
983 495 1067 528 Urbe

333 552 418 594 apud
442 560 501 583 nos
526 554 558 583 et
582 550 697 582 Sedem
720 549 937 593 Apostolieam
964 552 1090 591 prote-,

332 609 448 643 ctores,
467 604 552 647 quod
575 603 696 636 dudum
714 603 817 636 felicis
837 600 1068 635 recordationis

332 657 508 700 Gregorius
525 656 611 700 Papa
624 656 691 688 XIII
709 656 940 699 praedecessor
957 659 1068 686 noster

334 709 456 742 dictum
488 708 660 752 collegium
698 708 856 748 fundavit,
882 707 1025 750 illudque
1052 715 1068 737 a

333 761 503 796 seminario
520 761 707 801 romano,in
727 771 791 804 quo
808 760 928 793 alumni
949 764 981 791 et
997 768 1070 791 con-

333 815 471 849 victores
496 815 563 848 itali
590 815 777 853 educantur,
802 812 996 856 separando,
1017 821 1069 843 or-

335 869 458 902 dinavit
488 873 522 901 ut
548 877 643 900 nemo
670 867 702 899 in
728 867 893 898 alumnum
917 866 967 897 vel
992 874 1069 896 con-

333 922 488 955 victorem
513 920 657 953 eiusdem
678 919 807 961 collegii
834 917 1066 955 admitteretur,

334 974 388 1018 qui
413 984 450 1007 ex
471 972 645 1016 provinciis
671 977 702 1004 et
727 971 856 1004 circulis
880 969 1068 1003 Germaniae

334 1027 367 1059 in
392 1025 508 1059 litteris
529 1023 798 1057 constitutionum
824 1022 924 1066 ipsius
939 1021 1067 1063 collegii

334 1078 492 1122 expressis
505 1087 570 1110 non
589 1081 688 1116 esset,
710 1081 742 1108 et
759 1075 907 1115 subinde,
927 1085 998 1107 eum
1016 1084 1070 1106 cu-

332 1131 441 1164 bicula
464 1131 497 1163 in
523 1129 607 1162 dicto
633 1129 772 1171 collegio
803 1127 970 1161 nonnullis
995 1137 1070 1160 eon-

333 1182 510 1217 victoribus
536 1182 620 1215 italis
646 1181 740 1214 variis
771 1181 971 1224 temporibus
995 1190 1093 1213 con-x

335 1246 424 1269 cessa
448 1235 594 1274 fuissent,
612 1235 651 1267 ab
674 1233 818 1266 eiusdem
842 1233 873 1266 S.
893 1233 928 1265 R.
950 1233 983 1265 E.
1004 1243 1071 1265 car-

336 1289 500 1322 dinalibus
528 1287 768 1331 protectoribus
793 1291 826 1319 et
849 1286 1071 1330 superioribus

336 1341 467 1384 collegii
496 1340 632 1384 praefati
665 1345 739 1372 tunc
775 1340 988 1372 existentibus
1019 1350 1072 1372 co-

337 1394 462 1438 gnitum
487 1393 546 1426 suit
574 1392 732 1426 eiusmodi
751 1392 921 1425 nationum
941 1392 1073 1425 diversi-

337 1453 436 1480 tatem
453 1446 644 1490 disciplinae
658 1450 689 1478 et
703 1445 861 1488 gubernio
871 1446 1073 1478 alumnorum

336 1501 472 1533 multum
505 1500 639 1537 obesse,
674 1509 710 1530 ae
746 1497 842 1530 finem
877 1493 1096 1530 fundationisl

338 1553 486 1587 eiusdem
512 1552 641 1595 collegii
666 1551 840 1595 impedire,
866 1552 952 1584 unde
977 1551 1074 1584 iidem
1095 1557 1097 1583 t

337 1606 520 1639 cardinales
546 1610 749 1648 protectores
781 1615 930 1647 expresse
963 1604 1075 1637 decre-

338 1664 454 1692 verunt
479 1668 519 1691 ne
545 1657 745 1691 convictores
763 1657 795 1689 in
820 1657 990 1699 collegium
1016 1657 1076 1690 hu—

339 1712 478 1746 iusmodi
497 1712 557 1745 nisi
573 1711 659 1744 iuxta
684 1711 930 1754 dispositionem
955 1711 1075 1743 littera-

339 1775 411 1798 rum
427 1764 562 1808 praefati
581 1763 727 1806 Gregorii
745 1763 1006 1807 praedecessoris
1024 1774 1075 1796 re-

339 1818 543 1860 ciperentur,
570 1827 678 1848 verum
703 1825 878 1859 progressu
905 1816 1073 1859 temporis,

339 1881 412 1903 cum
445 1868 544 1912 aliqui
582 1868 783 1901 convictores
818 1868 906 1907 itali,
938 1874 1076 1912 propter

339 1923 549 1955 vehementes
562 1931 778 1965 personarum
794 1921 977 1964 potentium
994 1932 1077 1955 com-

338 1975 573 2014 mendationes,
587 1974 619 2007 in
635 1974 807 2017 collegium
821 1974 1019 2017 praedictum
1034 1975 1075 2007 in·
1097 1976 1098 1984 ¹

340 2027 478 2061 trodueti
489 2027 630 2059 fuissent.
643 2026 696 2070 qui
707 2026 801 2059 nimis
812 2026 913 2060 libere
924 2038 960 2060 ac
977 2028 1075 2060 modo

339 2081 379 2113 ab
414 2080 562 2113 instituto
595 2079 740 2112 eiusdem
778 2079 907 2122 collegii
940 2080 1074 2113 omnino

340 2133 466 2166 diverso
486 2132 648 2171 vivebant,
676 2132 871 2165 recolendae
900 2134 1075 2166 memoriae

340 2185 544 2219 Innocentius
565 2185 650 2227 Papa
670 2185 706 2225 X,
724 2185 820 2218 etiam
845 2186 1076 2228 praedecessor

341 2242 459 2278 noster,
470 2238 756 2278 incommodorum,
773 2249 854 2281 quae
873 2239 948 2271 inde
966 2250 1077 2273 nasce-

340 2291 468 2331 bantur,
495 2291 653 2330 conscius,
679 2291 842 2324 mandavit
866 2292 983 2325 dilecto
1009 2293 1074 2326 tilio

340 2343 453 2377 Ioanni
476 2343 575 2376 Paulo
595 2342 702 2376 Olivae
722 2344 908 2388 praeposito
930 2346 1074 2388 generali

342 2396 509 2430 Societatis
532 2396 611 2437 Iesu,
636 2400 712 2429 tunc
738 2397 811 2430 dicti
826 2398 955 2441 collegii
974 2404 1075 2432 recto-

345 2451 381 2490 ri,
406 2460 447 2483 ne
470 2449 503 2482 in
527 2449 632 2492 ipsum
658 2450 833 2493 collegium
858 2452 995 2494 amplius
1020 2453 1075 2485 ad-

343 2503 546 2536 mitterentur
584 2502 642 2535 sub
674 2513 877 2548 quocumque
908 2509 1076 2547 praetextu

342 2556 545 2590 convictores
578 2565 615 2588 ex
648 2555 832 2589 nationibus
858 2568 916 2600 per
940 2559 1075 2601 praefati

342 2608 488 2654 Gregorii
512 2608 771 2652 praedecessoris
800 2609 924 2644 litteras
949 2616 981 2645 et
1006 2621 1076 2645 car-

1169 238 1214 261 rr.
1745 230 1808 263 ata

1111 338 1265 376 ex‹⁷·ltisis;
1292 344 1330 378 et,
1346 339 1452 381 rigore
1478 340 1619 372 mandati
1647 340 1842 377 huiusmodi,

1110 391 1267 423 eiusmodi
1286 391 1495 431 convictores,
1511 393 1563 435 qui
1587 393 1627 424 ibi
1649 397 1722 425 tuuc
1742 397 1843 431 erant,

1110 443 1184 475 inde
1199 443 1318 476 dimissi
1334 444 1481 484 suerunt;
1508 455 1643 487 rumque
1669 445 1842 487 collegium

1110 496 1228 542 ipsum,
1257 497 1468 530 existentibus
1494 498 1524 530 in
1551 509 1588 531 eo
1611 498 1687 531 solis
1705 499 1843 530 alumnis

1111 555 1142 581 et
1154 550 1390 583 convictoribus
1409 561 1490 593 quos
1506 551 1633 583 litterae
1652 551 1846 593 apostolicae

1111 601 1231 634 admitti
1257 603 1497 645 praescribunt,
1517 604 1633 636 multos
1660 614 1718 647 per
1743 613 1844 635 annos

1110 655 1231 697 optima
1262 656 1430 699 disciplina
1462 663 1557 700 atque
1593 667 1671 700 pace
1703 656 1842 699 gavisum

1112 707 1232 747 suisset,
1253 708 1389 741 subinde
1407 720 1477 741 cum
1495 710 1660 742 nonnullis
1684 709 1844 742 convicto-

1111 760 1200 792 ribus
1218 761 1301 793 italis
1321 761 1540 804 dispensatum
1568 762 1624 794 l'uit
1647 767 1681 793 ut
1705 762 1736 794 in
1763 762 1841 794 illud

1111 813 1377 853 admitterentur,
1403 820 1497 857 atque
1522 815 1563 847 ita
1588 815 1776 858 praeteritae
1802 814 1843 847 iu—

1112 866 1315 908 quietudines
1337 893 1344 903 ,
1383 877 1448 899 non
1485 867 1553 899 sine
1590 878 1707 909 magno
1746 867 1843 900 divini

1112 919 1232 952 servitii
1259 919 1452 952 detrimento
1477 925 1572 963 atque
1605 920 1762 953 molestiis
1794 930 1846 952 su-

1112 972 1276 1014 periorum
1294 971 1346 1014 qui
1365 972 1483 1003 abusus
1501 977 1531 1005 et
1548 972 1755 1005 incommoda
1771 971 1846 1004 inde

1112 1024 1336 1057 subnascentia
1360 1023 1518 1067 impedire
1544 1025 1733 1068 nequibant,
1750 1035 1846 1058 reno-

1112 1081 1199 1109 vatae
1226 1077 1367 1109 suerunt.

1157 1129 1171 1171 ξ
1196 1128 1226 1160 ⁰2.
1255 1128 1332 1161 Cum
1358 1134 1481 1169 autem,
1506 1129 1587 1162 sicut
1615 1131 1726 1163 cadem
1751 1140 1848 1173 expo-

1114 1181 1185 1214 sitio
1202 1181 1428 1225 subiungehat,
1444 1183 1614 1225 collegium
1633 1183 1791 1226 prasatum
1808 1182 1846 1215 ab

1114 1235 1274 1268 eiusmodi
1288 1234 1496 1278 praeiudiciis
1518 1241 1614 1278 atque
1632 1236 1848 1269 incommodis

1114 1287 1253 1320 liberum
1278 1288 1316 1321 de
1342 1288 1504 1331 praesenti
1523 1288 1716 1331 reperiatur,
1742 1294 1784 1329 et,
1808 1299 1849 1321 ne

1115 1341 1147 1372 in
1173 1343 1209 1373 ea
1234 1341 1388 1384 deinceps
1406 1341 1578 1381 relabatur,
1599 1341 1778 1374 cardinales
1799 1351 1851 1374 ex-

1115 1399 1274 1436 ponentes
1300 1393 1456 1436 praedicti
1489 1394 1655 1427 decretum
1692 1394 1853 1427 ediderint

1117 1446 1235 1479 tenoris
1261 1447 1314 1489 qui
1340 1447 1510 1488 sequitur,
1538 1446 1711 1480 videlicet:

1158 1512 1170 1529 α
1180 1499 1244 1531 Nos
1259 1499 1447 1531 Franciscus
1459 1500 1630 1532 cardinalis
1642 1499 1849 1540 Barberinus,

1117 1551 1266 1584 Nicolaus
1291 1552 1464 1585 cardinalis
1483 1552 1672 1585 Ludovisius
1688 1580 1695 1593 ,
1723 1553 1850 1585 Flavius

1117 1604 1290 1637 cardinalis
1301 1604 1435 1645 Clusius,
1446 1605 1580 1638 Iacobus
1591 1605 1763 1638 cardinalis
1775 1606 1853 1638 Ros-

1118 1658 1301 1700 pIgliosius,
1327 1657 1469 1690 Palutius
1495 1658 1668 1691 cardinalis
1695 1658 1848 1698 Alterius,

1118 1710 1247 1753 collegii
1273 1710 1454 1743 Germanici
1482 1717 1513 1743 et
1539 1711 1714 1753 IIungarici
1747 1711 1851 1744 cardi-

1117 1764 1206 1795 nales
1235 1768 1445 1806 protectores,
1467 1764 1549 1795 bene
1574 1763 1751 1807 perspectis
1775 1763 1850 1795 dicti

1117 1815 1244 1858 collegii
1258 1816 1549 1854 constitutionibus,
1564 1817 1691 1859 quodve
1707 1827 1767 1860 pro
1781 1816 1853 1848 sul)-

1117 1868 1275 1900 veniendo
1290 1868 1513 1911 spiritualibus
1524 1868 1712 1901 Germaniae
1727 1874 1757 1901 et
1770 1869 1853 1901 llun-

1118 1921 1224 1962 gariae
1249 1921 1495 1953 necessitatibus
1517 1921 1604 1954 iuxta
1621 1921 1718 1954 finem
1735 1921 1853 1954 consti-

1118 1972 1250 2005 tutionis
1275 1973 1404 2016 collegii
1422 1975 1606 2007 consultum
1627 1974 1729 2016 magis
1756 1964 1852 2016 atque

1117 2026 1194 2059 utile
1208 2027 1346 2058 futurum
1372 2025 1412 2058 sit
1429 2026 1614 2069 diligentius
1636 2027 1850 2066 attendentes,

1117 2079 1280 2112 rationum
1306 2080 1478 2112 momentis
1496 2080 1646 2123 utrinque
1671 2081 1850 2124 perpensis,

1118 2132 1261 2165 unanimi
1298 2143 1459 2166 consensu
1484 2133 1652 2166 statuimus
1680 2138 1775 2176 atque
1797 2133 1852 2166 dc-

1117 2187 1280 2219 cernimus
1321 2191 1357 2219 ut
1388 2186 1421 2218 in
1457 2191 1623 2230 posterum
1658 2181 1766 2220 nullus
1800 2187 1851 2220 vel

1117 2240 1282 2273 convictor
1305 2240 1354 2272 vel
1381 2241 1526 2272 alumnus
1546 2239 1721 2283 recipiatur
1740 2239 1774 2272 in
1791 2241 1853 2272 col-

1117 2294 1257 2336 legium,
1282 2292 1336 2336 qui
1365 2303 1431 2325 non
1466 2293 1586 2325 haheat
1617 2293 1787 2336 qualitates
1818 2293 1851 2325 in

1117 2347 1208 2380 Bulla
1227 2345 1465 2379 constitutionis
1490 2346 1671 2389 requisitas,
1691 2351 1722 2379 et
1742 2347 1783 2379 sit
1798 2357 1852 2379 na-

1119 2405 1167 2433 tus
1192 2406 1223 2432 et
1251 2399 1404 2432 educatus
1436 2399 1466 2431 in
1493 2399 1668 2442 provinciis
1701 2399 1733 2431 in
1767 2399 1851 2432 dicta

1118 2453 1209 2486 Bulla
1234 2452 1392 2496 expressis
1428 2457 1460 2485 et
1483 2452 1652 2493 indicatis,
1678 2457 1712 2485 ut
1735 2452 1850 2485 melius

1118 2506 1243 2539 sublata
1266 2505 1435 2538 nationum
1467 2505 1650 2538 diversitate
1676 2511 1707 2538 et
1731 2506 1850 2538 incom-

1118 2558 1222 2591 modis
1247 2557 1362 2592 exinde
1387 2558 1466 2591 oriri
1491 2558 1603 2597 solitis,
1617 2558 1760 2591 eiusdem
1784 2559 1851 2591 col-

1118 2611 1196 2655 legii
1221 2611 1339 2646 alumni
1363 2612 1489 2656 possint
1511 2611 1706 2645 unanimiter
1724 2611 1757 2644 in
1774 2612 1852 2645 soli-

1855 240 1900 264 An.
1919 238 1944 262 G.
1971 237 2035 264 1677,

1884 1141 1952 1162 Tener
1963 1142 2042 1162 ila-*vnit

1858 1168 1908 1188 editi
1923 1174 1960 1194 per
1975 1170 2043 1188 canl-,-

1858 1194 1916 1214 nales
1938 1197 2043 1220 proiectu·-

1859 1226 1891 1240 τες
1900 1221 1994 1241 eiusdem
2003 1221 2043 1240 col·

1859 1247 1916 1272 legii.
