2279 3260
134 213 182 241 Λη.
200 211 229 241 C.
251 212 317 241 1676

949 208 1094 236 CLEMENS·
1111 211 1131 236 X
1153 210 1203 237 1³1³.

329 262 404 305 eligi
430 266 550 306 poterit
567 260 704 305 quilibet
722 268 761 294 θῦε
774 264 935 294 contentis
954 260 986 293 in
1002 261 1063 293 hae

329 317 573 350 constitutione.
601 316 661 348 Per
693 314 798 347 officia
830 319 936 347 autem
961 313 1062 347 conti-

330 380 392 403 nua
418 376 450 403 et
483 370 610 412 integra
634 367 873 411 intelligamus¹
899 367 954 400 illa
979 377 1061 410 quae

329 433 395 455 non
413 427 564 455 vacarunt
581 432 639 465 per
657 426 721 454 tres
738 432 864 454 menses
883 420 1060 459 continuos,

329 475 395 508 sive
413 475 455 507 sit
470 474 503 507 in
521 474 682 518 principio
698 474 827 507 triennii
841 475 889 506 vel
906 471 1061 511 sexennii,

329 527 394 560 sive
418 527 451 559 in
476 527 593 568 medio,
620 527 684 560 sive
710 527 742 559 in
767 526 840 559 line.
864 526 898 558 ln
918 524 1063 569 prohibi-

330 580 472 614 tionibus
510 580 560 613 his
593 591 657 613 nou
690 579 859 623 repetendi
884 578 1061 612 electiones

329 643 396 666 non
407 633 695 676 comprehenditur
713 633 858 665 minister
876 630 977 664 nostri
990 640 1063 663 con-

329 691 445 719 ventus
470 686 609 719 romani.

373 749 430 772 vn.
458 739 594 782 Insuper
619 739 682 771 duo
708 739 819 772 fratres
837 736 979 780 germani
997 746 1062 769 non

330 792 456 835 possint
480 792 539 824 sibi
565 791 750 824 immediate
772 791 947 823 succedere
968 789 1000 821 in
1014 799 1063 822 eo-

330 845 403 878 dem
429 845 532 877 officio
558 845 696 877 ministri
722 843 891 887 generalis,
918 842 1065 875 definito-

330 898 391 938 ris,
416 898 623 941 provincialis
650 898 698 930 vel
724 897 802 930 socii
819 923 826 936 ,
852 896 938 928 iuxta
966 895 1064 927 Breve

329 949 522 983 sanctissimi
560 950 682 983 domini
714 948 815 982 nostri
841 947 1014 981 Clementis
1038 947 1064 979 X

331 1004 516 1047 expeditum
529 1003 580 1035 die
590 1013 628 1035 xv
642 1001 821 1035 decembris
834 1011 918 1033 anno
930 1009 1064 1039 iinctxx,

329 1056 489 1099 incipiens
502 1055 633 1099 Eacpom·
650 1054 756 1094 uobis,
776 1058 843 1093 etc„
861 1064 921 1086 nec·
940 1053 1066 1096 possint

330 1109 427 1141 etiam
451 1108 526 1140 dicti
563 1108 626 1141 duo
652 1107 764 1140 fratres
789 1106 934 1149 germani
969 1105 1064 1138 simul

329 1172 387 1194 seu
410 1161 445 1193 in
476 1161 589 1194 eodem
617 1166 760 1203 tempore
791 1165 822 1192 et
847 1159 985 1191 triennio
1010 1158 1072 1191 ha·-

328 1214 408 1247 bere
433 1214 537 1247 officia
561 1214 677 1257 quibus
702 1224 862 1246 annexum
887 1212 928 1245 sit
955 1217 1063 1245 votum

329 1267 361 1300 in
387 1267 531 1311 capitulo
557 1267 714 1309 generali.

372 1330 442 1353 vin.
470 1319 647 1362 Eligendus
672 1318 705 1351 in
730 1319 913 1352 ministrum
931 1328 1066 1362 genera-

330 1374 411 1412 lem,
438 1372 537 1406 debet
564 1372 686 1404 habere
716 1372 828 1405 aetatis
854 1371 1066 1415 quadraginta

330 1431 362 1458 et
382 1430 523 1469 quatuor
547 1435 650 1458 annos
665 1451 672 1464 ,
698 1424 827 1457 habitus
851 1435 929 1457 vero
954 1424 1071 1456 sex-dea

330 1479 411 1519 cim,
432 1478 465 1517 in
490 1477 674 1510 ministrum
699 1478 954 1516 conventualem,
981 1482 1066 1509 aeta-

331 1531 372 1563 tis
394 1530 529 1573 triginta
553 1535 585 1563 et
610 1535 674 1563 tres
700 1540 813 1570 annos,
841 1529 968 1563 habitus
991 1540 1067 1572 qua-

1104 261 1208 294 lorum
1233 260 1264 293 id
1291 260 1406 304 exigat,
1433 267 1485 294 aut
1509 262 1684 306 aliquando
1710 262 1791 295 ratio
1804 267 1836 295 et

1105 313 1277 356 prudentia
1301 314 1442 354 suadeat,
1465 325 1590 358 semper
1616 324 1689 348 vero
1715 315 1837 348 dehent

1105 376 1215 400 omnes
1240 367 1284 400 illi
1317 367 1463 400 obedire.
1490 367 1578 406 Quod
1610 369 1633 400 si
1661 368 1837 401 excesserit

1105 419 1137 451 in
1163 419 1246 453 dicta
1260 421 1509 462 intromissione,
1527 433 1543 454 a
1562 421 1744 455 definitorio
1762 422 1835 453 suh-

1104 472 1200 506 misse
1225 479 1256 506 et
1280 479 1465 507 reverenter
1481 479 1659 507 moueatur.

1111 529 1120 539 ¹
1149 535 1196 558 111.
1223 525 1392 569 Nunquam
1414 526 1534 569 aliquid
1552 526 1710 569 disponat,
1736 526 1836 559 deter—

1106 577 1208 610 minet
1232 584 1284 610 aut
1307 578 1486 622 praecipiat
1510 584 1621 611 contra
1657 579 1687 611 id
1713 579 1798 621 quod
1821 589 1837 610 a

1106 630 1356 672 provincialibus
1371 631 1570 674 dispositum,
1591 631 1838 664 determinatum

1107 687 1159 714 aut
1175 688 1384 726 praeceptum
1404 684 1472 723 suit,
1494 683 1606 728 quam'
1626 683 1715 727 prius
1735 683 1766 716 id
1784 694 1839 715 no-

1108 739 1172 767 tum
1197 736 1451 778 provincialibus
1478 735 1565 769 l'uit‘2.

1151 788 1245 820 1v.Ad
1259 793 1384 831 patrem
1399 790 1582 831 generalem
1598 789 1839 833 pertinetprae—

1108 840 1215 873 sidere
1241 840 1273 873 in
1299 843 1365 873 tota
1390 841 1548 884 religione
1564 869 1572 881 ,
1599 842 1630 874 in
1657 842 1839 874 definitorio

1109 898 1141 925 et
1163 893 1195 925 in
1222 894 1361 937 capitulo
1390 895 1546 937 generali,
1566 905 1750 938 proponere
1777 900 1840 928 tam

1109 945 1140 977 in
1165 945 1226 978 isto
1252 957 1346 989 quam
1373 947 1405 979 in
1431 947 1487 980 illo
1513 958 1595 990 quae
1621 948 1651 980 in
1673 948 1718 981 eis
1744 959 1841 991 agen-

1110 999 1149 1030 da
1172 1000 1221 1031 vel
1248 999 1493 1033 determinanda
1513 1005 1596 1042 sunt,
1611 1006 1642 1034 et
1660 1001 1840 1034 executioni

1108 1051 1260 1084 mandare
1286 1052 1370 1095 quod
1396 1052 1449 1085 in³
1472 1053 1551 1096 ipsis
1585 1054 1753 1087 decretum
1777 1060 1840 1094 est,

1109 1108 1140 1135 et
1164 1103 1268 1136 facere
1294 1105 1379 1147 quod
1398 1105 1608 1138 observentur
1633 1106 1792 1149 disposita
1809 1107 1840 1139 in

1108 1157 1227 1189 nostris
1251 1158 1549 1191 constitutionibus.

1151 1219 1181 1242 v.
1209 1209 1287 1243 Item
1313 1211 1351 1244 ad
1376 1211 1482 1254 ipsum
1508 1217 1634 1255 spectat
1657 1213 1757 1245 semel
1783 1214 1844 1246 sal-

1108 1266 1173 1295 tem
1196 1262 1229 1295 in
1254 1273 1311 1296 suo
1336 1264 1490 1297 sexennio
1515 1265 1623 1298 videre
1647 1266 1754 1298 omnia
1778 1276 1844 1298 mo-

1108 1316 1251 1349 nasteria
1272 1317 1368 1350 totius
1393 1317 1538 1358 Ordinis,
1563 1324 1593 1351 et
1617 1318 1782 1362 inquirere
1807 1329 1844 1351 ac

1108 1369 1238 1402 visitare
1252 1380 1488 1413 quemeumque
1506 1374 1699 1404 conventum
1716 1372 1766 1404 vel
1780 1373 1844 1404 col-

1110 1421 1251 1463 legium,
1287 1427 1386 1466 prout
1416 1422 1476 1466 ipsi
1512 1423 1708 1457 conveniens
1744 1424 1844 1457 visum

1111 1474 1219 1507 fuerit.

1153 1537 1196 1560 vi.
1224 1527 1270 1560 Ad
1297 1528 1402 1571 ipsum
1440 1539 1570 1572 quoque
1600 1530 1743 1573 pertinet
1772 1530 1847 1563 reli-

1112 1580 1219 1623 giosos
1244 1582 1283 1614 ab
1308 1583 1371 1614 una
1396 1582 1428 1614 in
1454 1582 1548 1615 aliam
1578 1583 1752 1615 transferre
1774 1593 1847 1626 pro-

1736 203 1795 238 661
1846 212 1894 241 An.
1911 212 1939 240 c.
1960 212 2028 240 1676

333 1584 526 1617 tuordecim.

151 1646 321 1679 ⁴<ganeoni-
376 1648 398 1671 1.
426 1637 542 1670 Omnes
575 1637 729 1670 obediant
760 1637 920 1670 submisse
952 1642 984 1670 et
1007 1637 1067 1669 hu-

137 1675 268 1730 ssssssaiissf‘iiz
287 1680 450 1723 {imiliter
474 1690 558 1734 patri
590 1690 758 1733 generali,
786 1695 949 1733 tamquam
984 1689 1068 1733 patri

137 1733 193 1754 ‘¹⁰³⁰
210 1727 364 1776 adlpsuunet
388 1743 509 1787 pastori
534 1743 633 1776 totius
664 1748 796 1776 nostrae
822 1742 1010 1785 religionis,
1035 1742 1067 1774 in

1110 1633 1258 1675 vinciam,
1278 1635 1445 1668 nominare
1466 1641 1497 1668 et
1517 1635 1685 1678 designare
1707 1637 1845 1668 lectores

1112 1693 1143 1719 et
1168 1689 1309 1730 collegas
1327 1692 1390 1721 tam
1404 1688 1631 1731 philosophiae
1646 1699 1740 1732 quam
1755 1689 1847 1721 the0=

136 1754 235 1776 attinent.

332 1807 396 1840 quo
421 1796 542 1829 residet
571 1801 715 1839 potestas
747 1802 778 1828 et
809 1796 989 1828 iurisdictio
1018 1805 1069 1828 re-

331 1855 442 1893 spectu
457 1849 553 1882 totius
568 1848 845 1892 Congregatioiiis;
861 1849 982 1882 sicutin
997 1858 1070 1892 pro-

331 1902 463 1935 vinciali
488 1907 637 1945 respectu
655 1912 732 1934 suae
753 1902 953 1945 provinciae,
981 1907 1012 1934 et
1037 1902 1066 1934 in

331 1954 481 1987 ministro
507 1961 658 1997 respectu
685 1955 734 1987 sui
755 1959 945 1988 conventus.
965 1955 1070 1987 Habet

331 2013 499 2051 praeterea
531 2012 723 2050 potestatem
752 2015 782 2040 et
814 2008 1069 2041 iurisdictionem

333 2057 394 2093 sibi
411 2070 607 2100 concessam,
631 2061 698 2093 sive
722 2061 791 2093 iure
812 2060 985 2101 communi,
1005 2062 1069 2094 sive

333 2113 511 2157 privilegiis
537 2118 666 2146 nostrae
697 2113 848 2156 religioni
882 2114 1066 2169 congessis,

335 2166 476 2209 exceptis
492 2166 555 2199 illis
573 2177 656 2210 quae
674 2166 854 2200 limitantur
871 2177 929 2210 per
942 2173 1069 2200 nostras

336 2219 595 2253 constitutiones.
622 2219 734 2260 Quare,
750 2231 822 2253 cum
845 2220 892 2253 illi
909 2226 1071 2264 competat

336 2272 481 2314 regimen
498 2272 593 2305 totius
610 2272 746 2312 Ordinis,
766 2273 899 2316 vigilare
916 2278 947 2306 et
959 2284 1069 2306 curare

336 2324 474 2357 maxime
501 2324 597 2357 debet
611 2326 787 2368 perfectam
804 2326 962 2369 regularis
976 2326 1071 2359 disci-

337 2377 446 2421 plinae
464 2377 716 2412 observantiam.

382 2441 417 2464 11,
433 2431 605 2463 Hortamur
622 2436 727 2465 tamen
743 2437 868 2476 patrem
885 2434 1071 2476 generalem

337 2495 378 2517 ne
404 2495 437 2517 se
462 2484 494 2516 in
520 2483 625 2516 officia
641 2484 780 2518 aliorum
798 2486 1007 2529 superiorum
1024 2487 1072 2519 in-

339 2538 506 2579 tromittat,
530 2537 589 2570 nisi
615 2538 813 2581 negligentia
837 2541 888 2573 vel
914 2541 1010 2583 culpa
1034 2540 1071 2573 il-

332 2614 349 2625 ·
374 2601 384 2627 1
407 2599 517 2627 Videtur
536 2598 678 2635 legendum
697 2600 892 2636 inceniaimus
909 2601 948 2636 (R.
964 2602 1013 2637 T.).

1113 1740 1218 1783 legiae
1244 1741 1472 1782 scholasticae,
1499 1741 1696 1785 expositivae
1725 1747 1757 1774 et
1779 1753 1847 1775 mo-

1112 1793 1187 1826 ralis
1203 1820 1210 1833 ,
1237 1794 1399 1827 licentiam
1418 1799 1585 1837 praestare
1610 1795 1785 1828 lectoribus
1806 1791 1846 1828 ad

1112 1846 1227 1880 itinera
1262 1847 1427 1888 facienda,
1455 1848 1612 1891 deputare
1645 1848 1677 1880 in
1703 1849 1847 1891 qualibet

1113 1900 1287 1942 provincia,
1311 1911 1385 1934 cum
1410 1901 1548 1934 consilio
1574 1901 1781 1944 provincialis
1797 1912 1848 1935 re-

1113 1954 1267 1997 spective,
1285 1955 1457 1997 magistros
1474 1955 1684 1996 novitiorum,
1699 1961 1847 1988 recenter

1113 2006 1344 2049 professorum,
1354 2012 1385 2040 et
1396 2009 1590 2050 collegarum
1604 2008 1846 2052 philosophiae,

1115 2064 1146 2092 et
1170 2061 1348 2094 concedere
1385 2061 1540 2105 epistolas
1571 2062 1847 2096 confraternitatis

1114 2112 1309 2157 ubicumque
1335 2120 1366 2147 et
1387 2115 1574 2158 cuicumque
1599 2116 1776 2158 expediens
1800 2115 1848 2148 illi

1115 2165 1286 2207 videbitur,
1309 2171 1340 2199 et
1364 2173 1471 2200 cetera
1496 2168 1605 2200 onmia
1622 2179 1703 2211 quae
1719 2173 1848 2201 nostrae

1114 2218 1362 2252 constitutiones
1399 2220 1428 2253 ei
1460 2221 1643 2254 concedunt
1680 2226 1711 2253 et
1750 2231 1846 2254 curae

1114 2271 1214 2315 ipsius
1238 2273 1456 2306 committunt.

1156 2335 1213 2358 vn.
1233 2324 1264 2358 Si
1282 2325 1419 2358 osticium
1438 2326 1536 2369 patris
1554 2327 1712 2370 generalis
1730 2333 1803 2360 ante
1818 2328 1848 2360 fi-

1114 2378 1217 2410 nitum
1231 2379 1422 2412 sexennium
1442 2390 1555 2413 vacare
1577 2380 1749 2423 contigerit
1766 2391 1848 2413 mor-

1115 2431 1165 2471 tis,
1190 2432 1458 2474 renunciationis,
1480 2434 1692 2477 depositionis
1712 2438 1766 2467 aut
1786 2433 1847 2467 alia

1153 2514 1163 2539 1
1186 2512 1316 2548 Legerem
1337 2513 1408 2548 quin
1428 2519 1466 2547 ta.
1482 2514 1532 2547 T.).

1149 2557 1165 2584 2
1186 2557 1313 2592 Legerem
1332 2558 1384 2592 [ἰαί
1404 2558 1444 2584 vel
1463 2558 1554 2593 faciat
1572 2560 1609 2592 (R.
1627 2559 1674 2587 Γ),

1150 2602 1165 2630 3
1184 2602 1335 2638 Praeposit.
1357 2603 1386 2629 in
1408 2612 1454 2630 uos
1475 2603 1598 2630 addimus
1618 2604 1653 2638 (a.
1676 2605 1723 2638 T.).
