2279 3260
192 224 246 252 An.
266 223 383 252 (2.1676

427 216 492 251 638

387 284 505 317 supra,
533 284 604 318 cap.
635 285 681 315 11,
708 273 779 318 gi,
816 274 848 307 in
885 284 948 317 quo
977 273 1121 306 scriban-

388 331 439 359 tur
470 337 535 360 non
571 328 676 361 solum
709 338 790 371 quae
822 331 1000 360 conventus
1031 335 1122 367 sepa-

387 385 437 412 rat
460 391 519 423 pro
552 380 636 414 dicta
670 379 905 423 redemptione,
938 378 994 411 sed
1026 377 1121 409 etiam

387 433 495 466 omnia
526 443 608 477 quae
634 443 764 477 quoquo
784 432 880 465 modo
906 436 938 463 et
955 430 1045 462 titulo
1062 439 1121 472 pro

388 486 443 520 illa
468 487 678 531 recipiuntur.
701 487 738 519 Et
763 486 802 519 de
828 484 978 517 omnibus
1002 483 1034 515 in
1059 482 1122 515 hoc

389 551 525 573 numero
544 540 637 574 dictis
660 539 810 583 superior
835 544 866 571 et
890 536 1067 570 consiliarii
1089 535 1122 567 in

388 593 452 626 fine
489 593 626 626 cuiusvis
668 592 787 625 mensis
824 590 981 623 rationem
1024 587 1123 621 conti-

389 646 530 687 ciant,et
553 646 587 678 in
611 645 783 689 praedictis
807 643 897 676 libris
930 641 1070 675 scribant
1094 644 1123 672 et

388 700 602 732 subscribant.
629 698 719 736 Quod
741 698 765 729 si
787 697 818 729 in
837 697 899 729 hoc
925 694 1043 727 suerint
1068 704 1124 726 ne-

389 752 558 795 gligentes,
578 761 688 784 severe
706 749 880 793 puniantur
895 748 933 781 ad
955 746 1124 780 arbitrium

389 804 489 847 patris
514 802 732 848 provincialis.

433 868 475 891 1v.
513 857 614 890 Etiam
649 857 681 889 in
717 855 864 899 quolibet
899 858 1058 887 conventu
1094 857 1130 885 et

389 910 526 953 collegio
551 911 593 943 sit
616 909 649 942 in
674 911 745 942 arca
771 909 868 941 trium
886 907 1031 946 clavium,
1057 906 1123 938 sive

390 963 420 995 in
446 962 598 1002 archivio,
623 962 707 995 liber
731 971 865 1003 magnus
890 959 1019 992 nomine
1044 959 1124 991 Pro-

391 1016 512 1056 locollo,
535 1015 567 1049 in
585 1025 649 1058 quo
666 1016 750 1047 clare
780 1019 813 1047 et
829 1023 901 1046 cum
918 1012 1124 1045 distinctione

389 1068 507 1112 scripta
537 1068 601 1101 sint
638 1074 669 1101 et
701 1067 883 1100 scribantur
914 1065 1057 1099 fundatio
1094 1070 1123 1097 et

389 1127 488 1154 status
505 1125 696 1160 conventus,
717 1120 930 1162 obligationes
948 1122 1123 1161 perpetuae

389 1174 558 1206 missarum
584 1179 615 1206 et
640 1172 876 1215 suffragiorum,
897 1172 983 1203 bona
1000 1169 1125 1203 stabilia

391 1233 422 1260 et
445 1226 635 1267 immobilia,
660 1231 691 1259 et
716 1235 831 1258 census
852 1230 915 1257 tam
935 1223 967 1258 in
986 1224 1124 1256 savorem

391 1291 488 1324 quam
519 1285 648 1320 contra3
683 1284 714 1312 et
737 1279 770 1311 in
799 1278 914 1311 eodeni
943 1277 1124 1320 protocollo

392 1335 430 1366 sit
444 1344 575 1378 quoque
589 1333 683 1365 index
702 1337 734 1364 et
747 1330 961 1364 inventarium
982 1330 1124 1363 omnium

391 1386 622 1429 scripturarum
649 1385 681 1417 in
702 1385 843 1417 favorem
861 1388 1037 1416 conventus
1055 1392 1125 1414 cum

392 1440 558 1472 notatione
594 1439 667 1475 loci.
693 1436 849 1480 temporis
881 1441 913 1468 et
943 1435 1068 1468 scribae
1110 1446 1127 1467 a

393 1502 455 1535 quo
481 1492 624 1534 signatae
649 1495 732 1523 sunt.
762 1490 803 1522 Ac
828 1489 967 1531 denique
992 1489 1024 1520 in
1046 1488 1128 1520 dicta

392 1547 463 1577 arca
506 1545 557 1576 vel
593 1542 735 1575 archivio
762 1541 983 1574 custodiantur
1015 1551 1127 1574 omnes

393 1603 423 1629 et
450 1606 672 1640 quaecumque
697 1595 885 1638 scripturae,
917 1594 1129 1626 instrumenta

393 1656 425 1682 et
444 1649 622 1682 inventaria
647 1647 845 1692 pertinentia
875 1647 915 1680 ad
951 1652 1128 1679 conventus

392 1704 443 1735 vel
461 1702 589 1745 collegii
606 1702 703 1734 hona.

394 1782 522 1813 nasum
546 1791 637 1812 carrr
667 1781 749 1811 XXX.
775 1799 809 1802 —
831 1781 907 1810 Non
929 1780 1038 1810 solum
1059 1780 1129 1810 fra-

431 1831 549 1867 tribus,
572 1830 632 1860 sed
653 1834 683 1861 et
716 1829 859 1860 familiae
882 1829 1010 1865 domus,
1034 1833 1095 1859 etc.

444 1898 534 1937 Caput
556 1907 624 1927 xxx.
647 1914 687 1919 —
708 1899 751 1926 De
780 1897 915 1933 capitulo,
939 1897 1081 1926 collatione

395 1947 537 1986 sfflrituali
559 1951 583 1977 el
605 1946 788 1976 exhortatione
811 1947 838 1975 ἰιι
861 1946 953 1975 diebus
975 1946 1128 1975 dominicis.

441 2033 462 2056 1.
489 2021 630 2065 Singulis
645 2021 827 2061 dominicis,
842 2027 914 2054 ante
933 2021 1079 2061 Primam,
1098 2021 1128 2053 in

397 2076 550 2109 omnibus
574 2075 786 2108 conventibus
819 2080 849 2107 et
875 2075 1022 2117 collegiis
1048 2074 1130 2117 capi-

398 2131 498 2162 tulum
532 2129 619 2161 iuxta
651 2133 794 2161 tenorem
827 2129 955 2170 regulae
993 2128 1025 2160 in
1059 2128 1131 2160 aula

398 2182 566 2226 capitulari
592 2182 654 2222 fiat,
682 2182 715 2213 in
748 2191 811 2224 quo
836 2183 995 2224 praelatus
1021 2182 1132 2214 horte-

397 2240 449 2268 tur
482 2236 654 2278 religiosos
687 2235 726 2267 ad
752 2235 1000 2275 observantiam,
1037 2234 1132 2268 maio-

398 2299 530 2331 remque
569 2288 814 2331 perfectionem,
858 2287 986 2321 illorum
1022 2288 1131 2330 culpas

399 2342 546 2383 corrigat,
566 2346 700 2383 agatque
727 2341 766 2373 dc
790 2341 928 2383 receptis
953 2346 985 2373 et
1009 2351 1133 2383 separa-

398 2395 438 2427 tis
463 2399 495 2427 et
518 2394 705 2437 separandis
736 2404 795 2437 pro
824 2393 1051 2436 redemptione
1083 2404 1133 2426 ca-

398 2448 573 2491 ptivorum,
601 2447 640 2480 de
665 2452 747 2479 statu
773 2447 887 2479 domus
912 2451 944 2478 et
967 2446 1034 2479 eius
1059 2447 1133 2479 suh-

399 2501 527 2541 stantia,
561 2500 733 2543 audietque
759 2499 903 2532 subditos
928 2499 1130 2542 capitulares,

399 2564 481 2596 quac
506 2553 544 2586 ad
569 2551 800 2596 perfectionis¹
826 2552 929 2596 ipsius
955 2557 1130 2585 conventus

437 2619 445 2643 l
470 2615 581 2642 Videtur
600 2616 744 2651 legendum
761 2615 920 2651 perfectius
939 2621 975 2641 «κ.
992 2616 1043 2650 T.).

965 223 1145 249 mmmmm!
1167 222 1319 248 ROMANUM

1163 272 1213 305 vel
1249 271 1377 314 collegii
1412 271 1557 316 regimen
1586 273 1619 306 in
1650 273 1721 317 ipso
1757 271 1900 316 capitulo

1163 324 1402 368 proposuerint,
1418 330 1458 367 et,
1484 327 1570 370 quod
1595 326 1771 370 expediens
1792 325 1901 358 videa-

1165 383 1225 418 tur,
1240 378 1356 421 exequi
1370 383 1473 411 curet.
1492 378 1613 417 Quibus
1625 378 1733 420 sinitis,
1751 378 1777 411 si
1794 378 1901 412 adhuc

1165 440 1229 463 non
1255 430 1296 462 sit
1320 430 1401 463 hora
1425 430 1583 464 recitandi
1599 432 1748 473 Primam,
1773 431 1900 474 reliquo

1165 488 1310 526 tempore
1335 494 1437 526 usque
1454 484 1494 516 ad
1518 484 1616 526 illam,
1635 495 1746 519 omnes
1764 485 1798 518 in
1814 495 1903 518 com-

1165 536 1253 569 muni
1271 536 1459 570 mentaliter
1475 542 1581 570 orent.

1209 600 1243 623 ιι.
1271 589 1376 622 Prima
1399 589 1573 623 cuiuslibet
1591 590 1712 624 mensis
1729 590 1900 631 dominica,

1166 647 1238 675 ante
1252 643 1489 675 correctionem
1505 643 1684 686 culparum,
1703 648 1734 676 et
1750 648 1822 676 ante
1835 653 1902 677 om-

1166 695 1219 730 nia
1249 696 1412 740 praedicta
1443 706 1532 728 num.
1561 707 1582 736 1,
1611 696 1752 729 habeant
1785 697 1901 730 fratres

1167 760 1226 792 per
1251 749 1389 792 spatium
1408 748 1559 782 dimidiae
1577 749 1677 782 horae
1694 749 1903 782 collationem

1167 802 1367 845 spiritualem
1392 801 1431 834 de
1457 801 1566 844 aliquo
1591 801 1668 834 vitio
1694 801 1900 845 extirpando,

1166 865 1222 888 seu
1246 855 1361 887 virtute
1387 854 1604 898 adipiscenda,
1641 855 1691 888 vel
1719 854 1757 887 de
1782 859 1902 898 puncto

1167 909 1274 952 aliquo
1300 908 1466 948 orationis,
1481 913 1513 940 et
1537 918 1649 941 omnes
1667 918 1758 941 suam
1775 912 1902 941 senten-

1167 963 1242 995 tiam
1259 967 1290 994 et
1309 961 1461 994 iudicium
1478 961 1710 1005 pronuncient,
1731 971 1767 994 ac
1784 960 1902 994 deinde

1153 1010 1316 1058 *superior
1332 1015 1463 1047 brevem
1480 1024 1557 1057 erga
1577 1014 1723 1047 eamdem
1741 1024 1810 1047 rem
1826 1024 1904 1047 con-

1168 1068 1295 1101 cionem
1320 1072 1405 1111 agat.

1211 1131 1257 1153 111.
1282 1120 1418 1162 Insuper
1453 1129 1511 1162 per
1536 1118 1715 1152 dominicos
1740 1119 1830 1159 dies,
1853 1118 1903 1151 bis

1168 1173 1263 1205 etiam
1288 1172 1322 1204 in
1346 1168 1573 1212 hebdomada,
1596 1171 1817 1204 advertentiae
1841 1172 1905 1204 cul-

1168 1235 1347 1269 parumque
1372 1225 1531 1258 correctio
1556 1224 1590 1256 in
1615 1225 1730 1257 eadem
1758 1225 1830 1257 aula
1854 1234 1905 1257 ca-

1169 1278 1296 1322 pitulari
1321 1277 1411 1317 fiant3
1433 1288 1450 1310 a
1466 1278 1622 1310 paschate
1647 1277 1777 1320 quidem
1800 1286 1905 1319 usque

1170 1332 1208 1363 ad
1239 1331 1378 1374 primam
1404 1331 1490 1363 diem
1521 1330 1688 1370 octobris,
1720 1329 1905 1362 immediate

1170 1389 1243 1427 post
1278 1394 1448 1427 vesperas,
1486 1383 1613 1426 reliquo
1650 1392 1726 1416 vero
1758 1388 1905 1426 tempore

1171 1437 1256 1477 anni,
1274 1442 1348 1481 post
1364 1436 1626 1479 completorium.

1216 1500 1257 1523 iv.
1295 1490 1409 1522 Omnia
1445 1489 1630 1532 praedicta,
1657 1493 1720 1522 tam
1756 1488 1909 1522 videlicet

1174 1542 1375 1575 hortationes
1400 1548 1432 1575 et
1455 1542 1660 1582 collationes,
1685 1550 1778 1585 quam
1800 1542 1909 1585 culpa-

1173 1607 1242 1628 rum
1268 1596 1495 1635 correctiones,
1511 1596 1614 1628 solum
1640 1594 1709 1628 [ieri
1736 1600 1872 1638 possunt
1891 1605 1908 1627 a

1173 1650 1318 1692 patribus
1342 1648 1498 1691 generali,
1515 1647 1716 1691 provinciali,
1746 1648 1906 1688 ministro,

1173 1701 1380 1745 praesidente
1403 1702 1454 1735 vel
1478 1701 1609 1734 vicario.

1203 1782 1333 1812 Raetica
1355 1789 1448 1811 CAPUT
1470 1780 1567 1810 XXXI.
1590 1797 1630 1803 —
1650 1780 1699 1810 De
1726 1779 1880 1810 omnibus

1304 1829 1405 1860 rebus
1426 1833 1458 1859 et
1478 1829 1693 1883 clarentibus,
1716 1833 1777 1858 etc.

1192 1897 1281 1936 Caput
1302 1905 1381 1926 xxxi.
1408 1914 1443 1917 —
1465 1898 1509 1926 De
1537 1897 1703 1926 correctione
1728 1895 1891 1934 culparum,

1304 1946 1336 1974 de
1357 1955 1452 1974 earum
1471 1946 1605 1983 yrarz'tale
1626 1949 1651 1974 et
1671 1944 1775 1983 poenis.

1218 2030 1239 2053 1.
1267 2019 1408 2062 Singulis
1425 2018 1640 2052 hebdomadis
1663 2018 1852 2060 designetur
1867 2027 1912 2050 sa-

1175 2073 1289 2105 cerdos
1319 2072 1410 2105 cuius
1440 2071 1580 2104 officium
1605 2071 1646 2103 sit
1670 2071 1775 2103 zelare
1801 2070 1911 2103 obser·

1175 2125 1322 2163 vantiam,
1363 2130 1395 2156 et
1430 2124 1618 2156 charitative
1652 2133 1688 2156 ac
1719 2123 1911 2166 simpliciter

1175 2188 1358 2222 proponere
1382 2177 1414 2209 in
1440 2177 1579 2219 capitulo
1604 2177 1715 2219 culpas
1741 2176 1913 2219 religioso-

1175 2243 1254 2271 rum,
1280 2232 1365 2264 insra
1389 2231 1628 2263 hebdomadam
1654 2230 1786 2273 quidem
1811 2230 1911 2263 levio—

1177 2297 1241 2326 res,
1272 2285 1323 2318 die
1349 2294 1425 2317 vero
1450 2283 1637 2323 dominica,
1674 2294 1756 2326 quae
1781 2283 1910 2316 maioris

1177 2339 1240 2371 sint
1268 2337 1434 2381 ponderis
1461 2336 1701 2379 llortaniurque
1735 2337 1911 2369 zelatorem

1178 2397 1211 2424 ut
1241 2391 1379 2424 fideliter
1408 2394 1441 2423 et
1465 2389 1534 2423 sine
1566 2399 1782 2432 personarum
1821 2399 1912 2423 acce-

1177 2446 1285 2489 ptione
1310 2454 1404 2477 suum
1428 2443 1602 2486 adimpleat
1626 2443 1783 2484 officiuim
1813 2443 1913 2477 idem-

1176 2510 1238 2542 que
1275 2498 1369 2531 saciat
1407 2496 1539 2540 capituli
1578 2506 1708 2540 praeses
1733 2496 1757 2529 si
1783 2497 1912 2540 culpam

1176 2553 1315 2595 aliquam
1341 2550 1617 2583 animadverterit.

1220 2616 1253 2638 11.
1282 2604 1321 2637 Ut
1345 2609 1473 2636 sanctae
1500 2603 1601 2636 nostri
1627 2604 1756 2637 Ordinis
1781 2613 1914 2638 consue-

1903 222 1958 250 An.
1977 221 2007 250 C.
2023 221 2094 250 ¹67ss

1948 2028 1958 2054 5
1970 2028 1988 2049 l.
2001 2027 2030 2049 De
2043 2027 2105 2049 modo

1921 2053 2105 2075 animadvertendi

1922 2081 1996 2107 culpas
2012 2081 2032 2101 in
2047 2081 2105 2107 capi-

1921 2109 1972 2128 tulo.
