2279 3260
127 250 178 279 An.
193 248 222 278 C.
245 249 313 278 ¹676

157 1793 168 1821 S
184 1793 202 1815 ί.
222 1792 253 1814 De
277 1797 315 1822 no-

130 1826 186 1842 mmo
211 1820 316 1840 ecetesia-

130 1853 184 1871 rum,
196 1846 314 1873 provincia·

130 1879 176 1894 rum
198 1876 219 1893 et
242 1873 315 1893 domo-

130 1905 176 1921 rum
186 1899 313 1921 differentia.

946 244 1089 271 cremeas
1109 245 1129 269 x
1153 246 1202 270 mv.
1734 238 1798 272 619
1843 247 1892 275 An.
1909 246 1938 275 c.
1960 247 2028 276 1676

322 301 401 331 tant.
439 297 486 331 Ad
523 296 753 340 egrediendum
790 300 895 328 tamen
921 306 938 327 a
962 294 1056 327 domo

321 351 444 384 socium
468 350 677 394 postulabunt
707 360 724 381 a
748 348 867 381 vicario
891 347 923 380 in
948 347 1058 379 absen-

324 404 366 437 tia
390 403 537 443 ministri,
570 403 638 435 sine
676 401 918 434 deosculatione
952 405 1056 432 tamen

322 456 511 500 scapularii,
538 455 600 488 nisi
632 465 761 498 praeses
797 454 893 486 fuerit
925 457 1058 496 propter

323 509 499 543 absentiam
524 507 664 541 ministri
695 509 777 541 ultra
808 506 1058 550 vigintiquatuor

324 563 434 596 horas.

366 626 414 649 111.
437 615 585 648 Districte
602 614 820 658 praecipimus
845 611 1058 655 redemptori-

320 669 381 702 bus
406 668 616 712 captivorum,
650 678 686 700 ac
718 667 788 700 aliis
820 677 930 700 eorum
962 665 1057 698 sociis

321 721 570 766 proficientibus
587 721 625 753 ad
640 720 908 763 redemptionem,
925 729 965 750 ne
976 728 1058 750 com-

321 779 454 819 portent
477 773 601 818 aliquas
628 784 678 807 res
698 784 763 806 non
780 773 1000 806 conducentes
1019 770 1055 803 ad

322 827 410 861 illius
436 827 591 867 effectum,
618 837 679 860 nec
696 827 756 859 sibi
774 836 833 858 nec
858 824 928 858 aliis
954 834 989 856 ex
1015 823 1057 855 in-

324 881 470 915 fidelium
485 880 672 923 regionibus
690 880 722 912 in
743 879 848 912 reditu
867 878 983 911 similia
996 882 1058 909 tra-

322 935 416 976 hant;
439 934 517 967 alias
535 932 762 976 gravissimae¹
787 937 818 965 et
842 930 1057 964 irremissibili

322 987 481 1031 punitioni
507 987 546 1019 ad
571 986 738 1019 arbitrium
764 984 935 1018 definitorii
961 994 1059 1026 gene-

323 1040 400 1074 ralis
427 1039 651 1073 subiacebunt.

369 1104 410 1126 1v.
424 1093 660 1135 Redemptores
674 1091 883 1134 captivorum,
898 1091 1059 1123 intratres

323 1155 450 1178 menses
475 1150 549 1188 post
578 1144 716 1177 reditum
737 1143 776 1177 ab
801 1144 990 1176 executione
1014 1153 1061 1175 re-

323 1197 531 1242 demptionis,
546 1208 762 1241 expensarum
776 1196 866 1230 istius
880 1202 911 1230 et
925 1196 1059 1229 aliarum

324 1262 432 1285 rerum
450 1252 489 1285 ad
505 1262 621 1285 munus
639 1251 726 1284 istud
744 1250 849 1294 aptius
867 1250 900 1283 in
917 1250 1060 1283 futurum

324 1305 548 1348 peragendum
583 1304 742 1337 rationem
778 1304 915 1336 reddant
949 1308 1060 1336 nostro

326 1357 534 1391 definitorio:
559 1358 646 1401 quod
671 1358 697 1390 si
723 1357 902 1397 omiserint,
923 1356 1062 1399 graviter

325 1411 503 1454 puniantur
526 1410 611 1444 iuxta
635 1412 746 1454 eulpae
772 1410 970 1454 qualitatem.

340 1501 469 1531 REGULAE
491 1509 595 1529 CAPUT.
619 1499 666 1529 111.
682 1518 721 1523 —
743 1499 867 1529 Omnes
889 1498 1048 1529 eeclesiae

517 1548 612 1578 istius
634 1548 780 1585 Ordinis,
804 1552 865 1578 ete.

326 1615 417 1655 Caput
438 1624 478 1645 111.
492 1633 532 1637 —
544 1615 582 1644 De
598 1615 730 1644 divisione
743 1616 950 1654 prouinciarum
971 1619 996 1644 et
1017 1625 1062 1644 ea—

366 1674 429 1693 rum
451 1664 616 1701 nominibus,
636 1673 667 1693 ac
682 1664 713 1693 de
731 1668 909 1693 conventuum
930 1664 1062 1703 differen-

365 1713 415 1751 tici,
435 1717 460 1742 et
479 1722 574 1743 eorum
596 1713 738 1751 aedificiis

370 1794 392 1817 1.
404 1783 522 1817 Omnes
542 1789 668 1817 nostrae
686 1784 841 1817 ecclesiae
857 1783 1063 1817 intitulentur

325 1837 457 1871 nomine
482 1837 536 1870 SS.
554 1837 728 1877 Trinitatis,
755 1837 969 1881 similiterque
995 1848 1062 1871 om-

325 1901 383 1924 nes
401 1890 584 1934 provinciae
603 1890 735 1924 nomine
760 1890 896 1924 alicuius
919 1892 1062 1935 mysterii

324 1944 374 1976 vel
388 1943 494 1976 Sancti
509 1953 516 1975 t
537 1942 658 1976 idcireo
675 1944 783 1987 prima
799 1944 928 1977 titulum
945 1944 1064 1977 habeat

324 1995 463 2039 Spiritus
486 1995 605 2036 Sancti,
635 1997 776 2029 secunda
800 1996 1064 2040 Transfiguratie-

324 2049 385 2089 nis,
417 2049 512 2081 tertia
544 2048 774 2092 Conceptionis
804 2050 919 2083 Beatae
946 2051 1061 2084 Mariae

324 2101 465 2145 Virginis
489 2102 723 2143 immaculatae,
745 2108 777 2136 et
799 2103 844 2136 sic
868 2104 906 2136 de
931 2104 1002 2137 aliis
1030 2104 1061 2137 in

327 2155 481 2188 futurum.

372 2218 407 2241 11.
427 2208 461 2241 In
477 2208 595 2242 Ordine
613 2215 725 2243 nostro
744 2216 883 2254 quatuor
899 2211 963 2244 sint
979 2212 1062 2245 dille

328 2261 453 2294 rentiae
481 2268 708 2296 conventuum.
733 2264 840 2297 Prima
867 2265 1062 2299 novitiorum

328 2319 361 2347 et
377 2314 611 2357 professorum,
629 2316 685 2348 ubi
712 2328 728 2349 a
753 2317 913 2360 magistris
935 2318 968 2351 in
993 2330 1063 2352 eae-

327 2366 493 2407 remoniis,
520 2368 778 2411 mortificatione,
811 2371 937 2415 vitaque
970 2373 1064 2415 spiri-

328 2420 407 2454 tuali
432 2421 650 2463 instruentum
677 2424 819 2457 secunda
839 2426 1062 2468 collegiorum,

328 2474 384 2506 ubi
408 2474 472 2507 iam
499 2475 638 2518 professi
663 2476 907 2521 philosophiam
925 2489 1064 2512 sacram-

329 2537 392 2570 que
409 2526 608 2570 theologiam
627 2528 846 2572 edoceantur,
869 2531 962 2565 tertia
988 2543 1064 2565 con-

366 2642 378 2670 1
399 2640 470 2669 Edit.
491 2641 569 2670 Main.
586 2642 650 2678 legit
668 2645 841 2678 9'1'avissinm
860 2647 897 2681 (ft.
918 2648 968 2683 Τ.).

1098 298 1251 326 ventuum
1275 293 1308 326 in
1343 294 1458 337 quibus
1493 296 1638 338 religiosi
1672 296 1833 339 spirituali

1098 348 1259 390 profectui
1297 352 1361 380 tam
1392 348 1525 392 proprio
1551 360 1645 392 quam
1671 350 1834 393 proximo-

1099 410 1167 433 rum
1188 400 1396 442 incumbant;
1431 407 1544 445 quarta
1567 403 1695 435 demum
1722 404 1834 436 dorno-

1099 463 1168 485 rum
1192 453 1225 486 in
1250 454 1399 495 desertis,
1424 454 1480 487 ubi
1504 455 1563 488 soli
1588 455 1654 488 Deo
1679 461 1802 488 vacent.

1105 532 1114 543 ,
1143 515 1190 538 111.
1217 507 1390 540 statuimus
1414 518 1454 540 ne
1479 506 1532 540 [iat
1556 519 1635 541 nova
1656 514 1832 541 conventus

1098 558 1251 599 fundatio,
1277 560 1340 592 nisi
1364 560 1396 592 in
1422 571 1460 593 eo
1487 571 1642 594 numerus
1665 560 1835 604 religioso-

1099 622 1170 644 rum
1187 623 1204 645 a
1221 614 1334 656 regula
1350 616 1459 646 nostra
1477 614 1638 647 stabilitus
1664 615 1834 648 commode

1100 676 1171 698 euin
1211 666 1413 699 observantia
1449 672 1480 699 et
1515 667 1584 701 sine
1624 668 1834 701 distractione

1099 719 1273 752 sustentari
1300 726 1408 763 queat.
1695 746 1697 748 -

1144 782 1186 805 iv.
1213 772 1297 805 Situs
1321 779 1497 806 conventus
1524 774 1570 816 (si
1607 773 1676 806 sieri
1711 774 1835 817 possit)

1100 824 1238 867 eligatur
1257 825 1342 858 intra
1366 826 1528 859 civitatem
1546 828 1595 860 vel
1614 827 1783 871 oppidum,
1804 827 1836 859 in

1100 878 1172 910 loco
1191 883 1297 911 tamen
1314 879 1353 911 ad
1372 879 1602 922 religiosorum
1621 879 1763 923 quietem
1781 890 1838 923 op-

1101 936 1292 973 portuno,et
1317 932 1349 964 in
1374 943 1438 975 quo
1455 943 1684 976 permansurus
1702 934 1757 974 sit,
1778 943 1839 966 neo

1101 984 1133 1016 in
1158 994 1196 1017 eo
1222 985 1375 1018 assistent
1405 987 1489 1019 ultra
1525 992 1590 1019 tres
1626 988 1676 1020 vel
1702 992 1840 1031 quatuor

1101 1036 1281 1079 religiosos,
1301 1037 1355 1080 qui
1380 1038 1419 1071 de
1444 1038 1565 1071 fabrica
1587 1045 1714 1081 curent,
1735 1040 1840 1073 donee

1102 1088 1271 1121 ecelesiam
1307 1094 1338 1122 et
1374 1090 1612 1124 habitationem
1649 1103 1722 1125 eum
1753 1092 1841 1125 suffi-

1102 1142 1199 1175 cienti
1225 1144 1376 1176 clausura
1396 1146 1647 1179 construxerint.

1146 1207 1174 1229 v.
1194 1196 1254 1229 Pro
1290 1199 1372 1230 nova
1405 1203 1584 1231 conventus
1620 1209 1675 1232 seu
1711 1199 1840 1242 collegii

1104 1249 1291 1283 fundatione
1336 1250 1486 1284 minister
1528 1251 1604 1294 eligi
1639 1262 1705 1284 non
1739 1252 1843 1295 possit

1104 1302 1181 1345 quin
1206 1303 1364 1336 tredecim
1388 1303 1453 1336 sint
1476 1304 1592 1337 fratres
1618 1315 1698 1348 quos
1729 1306 1842 1348 regula

1104 1355 1262 1398 exposcit.
1282 1356 1414 1389 Interim
1432 1362 1541 1390 tamen
1559 1358 1761 1400 gubernetur
1782 1370 1843 1402 per

1104 1408 1347 1452 praesidentem
1371 1420 1389 1442 a
1408 1415 1500 1453 patre
1522 1411 1668 1453 generali
1695 1422 1751 1445 seu
1768 1422 1842 1455 pro-

1106 1462 1233 1495 vinciali
1259 1462 1474 1504 nominatum.

1149 1525 1169 1548 1.
1187 1515 1360 1548 statuimus
1377 1527 1417 1549 ne
1436 1516 1569 1550 alicuius
1587 1523 1766 1551 conventus
1784 1529 1841 1551 seu
1880 1533 1925 1563 §22
1941 1533 1971 1554 μθ
1987 1540 2037 1564 ⁰0³¹·

1104 1568 1234 1611 collegii
1259 1568 1380 1601 fabrica
1405 1569 1587 1613 incipiatur,
1613 1571 1691 1615 quin
1716 1562 2036 1616 praeee-{¹5123¹'⁰223l331

1104 1623 1157 1656 dat
1180 1623 1265 1656 illius
1291 1624 1467 1667 descriptio
1493 1635 1551 1658 seu
1573 1627 1739 1669 exemplar
1764 1616 1917 1660 deli-¹⁰⁰¹*

1104 1682 1235 1710 neatum
1255 1677 1294 1710 ab
1319 1678 1498 1711 architecto
1523 1679 1633 1723 aliquo
1658 1680 1762 1712 nostri
1787 1679 1843 1712 Or-

1105 1731 1197 1772 dinis,
1213 1736 1244 1764 et
1268 1731 1485 1765 examinatum
1517 1744 1533 1765 a
1563 1738 1655 1776 patre
1686 1734 1841 1776 generali,

1105 1785 1158 1828 qui
1183 1785 1375 1818 reformabit
1399 1796 1567 1827 excessus,
1598 1786 1623 1819 si
1649 1787 1702 1830 qui
1729 1793 1843 1820 contra

1104 1838 1351 1871 constitutiones
1391 1839 1475 1872 infra
1513 1840 1683 1883 ponendas
1723 1840 1842 1873 inventi

1104 1891 1235 1924 fuerint.
1262 1892 1368 1925 Semel
1394 1898 1501 1925 autem
1536 1904 1553 1925 a
1582 1899 1672 1936 patre
1698 1894 1843 1936 generali

1105 1945 1310 1986 examinato,
1348 1945 1431 1978 nihil
1467 1946 1537 1978 sine
1573 1946 1675 1989 ipsius
1712 1946 1842 1979 lieentia

1104 2003 1218 2031 contra
1241 1998 1322 2031 illud
1344 1999 1439 2031 faciat
1470 1999 1534 2032 sive
1560 2010 1618 2042 per
1642 2000 1842 2033 additionem

1104 2051 1167 2085 sive
1188 2062 1246 2095 per
1271 2052 1532 2085 diminutionem.
1551 2052 1608 2091 Qui
1631 2064 1707 2086 vero
1725 2053 1757 2085 in
1776 2058 1843 2086 toto

1103 2107 1154 2139 vel
1194 2105 1227 2138 in
1264 2111 1355 2149 parte
1394 2106 1579 2139 huiusmodi
1619 2107 1843 2140 constitutioni

1104 2159 1350 2199 contravenerit,
1375 2160 1425 2193 vel
1447 2160 1665 2193 contraveniri
1690 2160 1843 2204 permise2

1104 2213 1163 2252 rit,
1197 2223 1375 2256 suspensus
1401 2213 1442 2245 sit
1465 2214 1504 2246 ab
1531 2214 1637 2247 officio
1667 2224 1724 2247 suo
1756 2213 1842 2246 iuxta

1105 2265 1291 2309 gravitatem
1316 2267 1445 2309 culpae.

1149 2330 1184 2352 11.
1200 2319 1363 2352 Ecclesiae
1382 2320 1518 2353 latitudo
1538 2320 1579 2353 sit
1595 2321 1709 2353 saltem
1727 2320 1841 2363 viginti

1106 2377 1246 2415 quatuor
1265 2373 1398 2416 pedum,
1425 2379 1456 2405 et
1480 2373 1519 2406 ad
1545 2384 1704 2406 summum
1730 2374 1842 2416 viginti

1106 2430 1241 2468 septem,
1259 2426 1309 2457 cui
1328 2426 1489 2458 latitudini
1508 2428 1763 2470 correspondeat
1779 2428 1843 2460 lon·

1107 2478 1219 2521 gitudo
1241 2484 1273 2511 et
1297 2479 1433 2512 altitudo
1463 2480 1550 2512 iuxta
1576 2482 1705 2523 regulas
1740 2480 1843 2513 arehi-

1108 2536 1260 2564 tecturae.
1287 2532 1499 2565 Pinnaculuin
1531 2533 1617 2574 item,
1643 2534 1708 2566 sive
1741 2538 1844 2566 extre—

1108 2585 1200 2617 mitas
1225 2587 1391 2628 cappellae
1410 2587 1540 2619 maioris
1556 2586 1688 2618 humilis
1710 2586 1762 2626 sit,
1783 2596 1843 2619 nec

1108 2645 1196 2673 extra
1215 2640 1382 2673 eeclesiam
1413 2650 1512 2684 opera
1535 2639 1653 2674 affabre
1678 2639 1843 2674 elaborata
