2279 3260
173 236 225 263 Αη.
242 235 270 262 C.
295 235 361 262 1673

198 609 297 630 Prohibe!
311 609 354 629 clo-

171 636 295 657 ricisdictae
304 636 354 655 Con·

172 662 298 687 gregattonus
308 677 312 685 ,
328 667 353 682 ne

172 689 244 709 habito
269 694 353 708 recursu

171 716 197 735 ad
214 715 317 740 principes
335 716 354 733 et

170 741 294 766 praelatos,
318 746 354 759 seu

171 766 290 787 cardinale<
310 766 354 786 offi-

171 794 205 812 cia
216 793 246 813 vel
255 794 355 817 gubernus

172 819 242 839 dictae
266 819 355 844 Congre-

172 845 355 871 aatwnisassequi

173 874 293 899 procurent.

365 288 462 316 tatem
500 283 632 315 sinceris
670 283 890 315 desideramus
925 281 1100 322 affectibus,

363 336 559 379 propellere,
587 346 622 367 ac
648 335 747 367 felicis
772 335 1005 367 recordationis
1030 334 1101 366 Gre-

363 388 445 429 gorii
470 388 528 420 Pr.
558 388 607 420 XV
632 388 893 430 praedecessoris
925 387 1023 420 nostri
1049 398 1101 419 ve-

363 440 466 483 stigiis
486 440 669 477 inhaerere,
687 440 819 482 ciusqiu¹
832 440 1099 473 Constitutioncm

364 494 414 525 die
440 504 510 526 xxV1
538 493 688 525 februarii
716 503 845 526 nncxxu
872 494 991 526 editam
1010 494 1121 542 inno-l

363 556 437 578 vare
463 550 495 578 et
519 546 673 588 ampliare
700 546 887 589 cupientes:

408 599 422 640 ᾗ
444 598 474 630 2.
499 599 584 631 Motu
609 599 754 642 proprio,
776 605 807 631 et
827 610 862 631 ex
889 601 975 632 certa
1001 599 1102 631 scien-

366 651 418 689 tia,
443 661 479 682 ac
504 651 542 683 de
560 652 757 693 apostolicae
776 653 945 694 potestatis
963 651 1102 694 plenitu-

366 703 449 742 dine,
469 703 620 735 omnibus
641 709 671 736 et
696 704 830 746 singulis
859 704 1001 736 eiusdem
1022 704 1102 736 Con-

367 756 565 798 grcgationis
594 757 720 789 clericis
749 762 780 789 et
804 758 970 800 personis,
997 757 1102 789 cuius-

367 820 500 852 cumque
526 810 650 849 aetatis,
676 815 787 849 status,
807 811 924 852 gradus
943 815 974 843 et
991 810 1102 843 condi-

368 861 463 894 tionis
481 862 703 902 existentibus,
721 863 948 904 praesentibus
966 868 998 895 et
1019 863 1103 894 sutu-

367 914 422 954 ris,
449 925 488 947 ne
514 916 552 947 de
579 921 696 955 cetero,
724 916 834 948 habito
855 916 894 948 ad
919 916 1101 958 principum

368 974 399 1001 et
421 969 641 1010 praelatorum
670 979 705 1000 ac
726 968 858 1001 aliarum
876 978 1104 1010 quarumcum-

368 1031 429 1063 que
447 1030 662 1063 personarum
682 1026 743 1052 tam
763 1020 979 1052 saecularium
1008 1031 1102 1062 quam

367 1072 668 1113 ecclesiasticarum,
690 1073 729 1105 de
755 1073 879 1115 gremio
905 1073 1008 1105 (lictae
1026 1073 1105 1106 Con-

367 1125 565 1167 gregationis
591 1136 657 1158 non
682 1125 895 1165 existentium,
916 1126 1011 1158 etiam
1037 1136 1105 1158 car-

366 1177 524 1210 dinalatus
543 1172 670 1211 honore
692 1178 892 1220 fulgentium,
913 1179 1037 1211 favores
1054 1189 1105 1211 re-

367 1241 473 1270 cursu,
491 1231 557 1263 sive
579 1231 649 1263 aliis
668 1231 927 1274 quibuscumque
948 1231 1052 1264 modis
1074 1236 1106 1264 et

367 1283 434 1322 viis,
462 1283 584 1316 directe
605 1285 655 1316 vel
675 1284 839 1323 indirecte,
859 1285 962 1327 palam
985 1286 1035 1317 vel
1053 1295 1105 1317 oc-

368 1337 462 1376 culte,
499 1336 639 1369 mediate
676 1338 725 1369 vel
759 1337 954 1377 immediate,
981 1348 1015 1369 ac
1042 1342 1104 1369 tam

367 1399 427 1431 pro
441 1399 474 1421 se
489 1399 585 1431 quam
602 1399 660 1432 pro
677 1388 759 1429 aliis,
772 1400 992 1432 quaecumque
1009 1389 1106 1432 ipsius

369 1441 637 1484 Congregationis
663 1442 767 1475 officia
801 1443 848 1474 vel
874 1442 1046 1484 gubernia,
1071 1453 1106 1474 ac

368 1495 558 1538 praesertim
586 1496 773 1537 generalem
799 1495 943 1538 aliasque
970 1506 1108 1538 praepo—

369 1547 497 1588 situras,
523 1549 696 1588 consultae,
722 1547 933 1588 visitationes,
960 1558 1108 1591 procura-

370 1600 470 1633 torias
488 1602 665 1643 generales,
688 1600 931 1644 superioritates
950 1607 1109 1634 monaste-

320 1667 323 1669 ·
370 1653 494 1686 riorum
521 1653 708 1686 monialium
749 1653 851 1686 dictae
885 1653 1108 1696 congregatio-

370 1706 420 1739 nis
446 1717 542 1739 Curae
568 1713 598 1739 et
623 1707 781 1749 gubernio
804 1707 1035 1747 subiectorum,
1058 1714 1110 1740 aut

373 1759 544 1792 vicariatus
563 1760 730 1793 domorum
747 1759 988 1803 particularium
1008 1760 1108 1804 ipsius

372 1812 650 1855 Congregationis,
664 1812 730 1845 sive
746 1813 841 1845 etiam
855 1814 1045 1855 vocalatum,
1057 1819 1110 1846 aut

373 1865 556 1899 facultatem
582 1866 733 1898 audiendi
759 1868 1010 1899 sacramentales
1042 1878 1110 1900 mu-

372 1918 486 1951 lierum
504 1918 733 1958 consessiones,
753 1919 811 1951 sub
830 1919 944 1961 quovis
963 1920 1109 1962 quaesito

372 1974 479 2004 colore
511 1972 561 2004 vel
594 1977 770 2014 praetextu,
797 1972 892 2004 etiam
917 1972 949 2004 in
975 1984 1107 2015 genere,

373 2024 500 2067 assequi
527 2029 558 2057 et
582 2024 731 2057 obtinere
757 2031 937 2067 procurent,
970 2026 1027 2058 sub
1057 2037 1110 2059 ex-

374 2077 676 2110 communicationis
695 2079 776 2110 latae
799 2078 988 2118 sententiae,
1007 2089 1024 2111 a
1049 2090 1110 2122 qua

374 2130 505 2163 nonnisi
536 2140 596 2173 per
627 2141 686 2163 nos
719 2136 772 2162 aut
798 2130 962 2164 Romanos
986 2132 1110 2164 Pontifi-

375 2193 427 2215 ces
452 2193 512 2225 pro
531 2188 677 2226 tempore
697 2183 869 2216 existentes
886 2189 1111 2227 praeterquam

376 2235 407 2267 in
430 2235 542 2268 mortis
568 2235 703 2268 articulo
729 2236 868 2276 absolvi,
894 2247 1021 2269 necnon
1046 2238 1111 2280 pri-

376 2287 514 2319 vationis
532 2287 617 2320 vocis
635 2288 753 2321 activae
772 2294 803 2320 et
820 2289 975 2331 passivae,
991 2300 1026 2321 ac
1043 2301 1112 2333 per-

376 2345 492 2383 petuae
517 2340 731 2373 inhabilitatis
750 2342 788 2374 ad
807 2342 910 2374 officia
928 2343 976 2375 vel
995 2343 1112 2385 guber-

376 2393 429 2425 nia
454 2393 640 2427 huiusmodi
666 2395 793 2437 aliaque
814 2395 979 2437 praedicta
1002 2395 1033 2427 in
1059 2407 1112 2438 po-

377 2451 499 2479 sterum
519 2447 705 2487 obtinenda,
720 2448 758 2479 ad
773 2458 854 2490 quae
872 2448 1019 2481 similiter
1035 2460 1113 2481 non-

377 2499 438 2532 nisi
456 2510 515 2542 per
531 2510 602 2539 nos,
619 2505 673 2532 aut
689 2500 851 2533 Romanos
866 2501 1038 2534 Pontifices
1053 2513 1111 2545 pro

379 2559 528 2595 tempore
554 2553 736 2592 existentes,
756 2554 803 2586 vel
824 2554 999 2596 capitulum
1018 2566 1111 2597 gene-

377 2607 444 2641 rale
481 2605 580 2650 ipsius
617 2606 879 2649 Congrcgationis
911 2607 1111 2640 rehabilitari

1006 234 1147 259 CLEMENS
1169 236 1187 259 Χ
1212 236 1249 259 PP

1778 227 1842 262 [427
1889 238 1937 265 An.
1955 238 1983 264 c,
2005 238 2070 264 1673

1142 283 1279 325 possint,
1298 283 1421 326 poenis,
1445 289 1505 316 tam
1524 295 1583 327 per
1603 285 1689 327 ipsos
1707 296 1803 328 quam
1826 296 1879 318 eo-

1144 346 1213 367 rum
1239 336 1412 378 complices
1431 341 1459 368 et
1480 337 1621 369 fautores
1654 348 1690 369 ac
1708 348 1771 369 non
1791 348 1879 370 reve-

1142 388 1247 421 lantes
1273 399 1310 421 eo
1331 388 1400 431 ipso
1420 389 1634 429 incurrendis,
1655 394 1766 421 tenore
1788 401 1880 432 prae-

1142 441 1279 473 sentium
1304 441 1528 474 interdicimus
1554 447 1586 473 et
1610 442 1832 484 prohibemus.

1186 495 1199 537 ᾗ
1227 494 1258 527 3.
1287 494 1473 527 Mandantes
1504 499 1678 537 proptcrfffl
1702 494 1732 525 in
1760 494 1878 526 virtute
1916 507 2072 533 manumme-

1143 552 1269 579 sanctac
1291 547 1508 587 obedientiae,
1526 558 1563 579 ac
1582 547 1639 579 sul)
1661 536 2073 585 excommuni-Ettssllii1S⁰¹¹ZJtssl¹2

1143 600 1275 633 cationis
1306 600 1401 632 etiam
1434 602 1517 633 latae
1550 601 1732 632 sententiae
1763 586 2074 642 poena,i‚'›‘1'1¹{1','s'.'1¹·2,„0!.'i1‘ff

1143 652 1249 684 eidem
1270 653 1460 696 praeposito
1482 653 1627 695 generali
1646 657 1678 685 et
1695 652 1765 684 aliis
1783 663 1880 695 supe-
1891 638 2076 689 {¹.3'1'.'.','1¹L¹1'¹.›'i};'„⁰.2

1143 705 1282 738 rioribus
1303 706 1407 739 dictae
1425 706 1708 749 Congregationis,
1728 692 2076 748 quocum-}‚¹.l¹„⁰.,''‘i¹31'1¹''}?.''..''0¹3

1144 769 1205 800 que
1224 758 1317 791 titulo
1336 759 1539 802 nuncupatis,
1551 759 1774 801 praesentibus
1792 764 1823 791 et
1836 744 2077 789 su-li'.'.2'J.¹.¹H'„;‘'fl't't'si

1893 796 1938 814 tima
1948 794 2015 813 dictae
2026 795 2077 813 Cun-

1145 811 1237 850 turis,
1263 822 1301 843 ne
1328 812 1511 854 quempiam
1536 812 1602 844 ullo
1629 816 1787 854 tempore,
1811 821 1882 854 pre·
1894 823 2019 845 venatum
2042 821 2077 840 :211-

1145 863 1248 904 cibus,
1268 863 1384 896 litteris
1412 865 1462 896 vel
1489 864 1651 897 favoribus
1672 864 1810 903 adducti,
1833 848 2078 898 vcl‘rl'i'fsslroffiui'm'ur'fiss

1145 916 1223 948 alias
1257 917 1296 948 ad
1326 916 1511 948 instantiam
1544 928 1599 949 seu
1633 902 1959 959 requisitionemmwa.

1146 973 1199 1000 aut
1245 969 1557 1011 contemplationem
1604 970 1790 1012 principum
1836 970 1885 1002 vel

1146 1022 1377 1064 praelatorum,
1409 1026 1461 1053 aut
1492 1021 1628 1054 aliarum
1663 1033 1886 1064 quarumcum-

1147 1083 1207 1115 que
1231 1083 1453 1116 personarum,
1472 1078 1536 1106 tam
1554 1074 1771 1106 saecularium
1792 1085 1886 1117 quam

1147 1126 1447 1165 ecclesiasticarum,
1466 1126 1504 1159 de
1531 1126 1653 1168 gremio
1681 1127 1783 1160 dictae
1807 1127 1887 1160 Con-

1148 1179 1347 1222 gregationis
1373 1190 1437 1212 non
1465 1179 1684 1220 existentium,
1706 1180 1802 1212 etiam
1819 1191 1887 1213 car-

1148 1233 1307 1265 dinalatus
1334 1233 1461 1265 honore
1480 1232 1683 1275 fulgentium,
1704 1233 1887 1275 praedicto-

1148 1296 1219 1318 rum
1246 1286 1285 1318 ad
1311 1286 1415 1318 officia
1439 1287 1489 1318 vel
1515 1285 1681 1327 gubernia,
1702 1287 1887 1328 generalem

1149 1339 1267 1371 aliasve
1300 1339 1549 1382 praeposituras,
1576 1340 1750 1378 consultas,
1776 1339 1884 1371 visita·

1150 1392 1265 1432 tiones,
1285 1391 1525 1435 procuratorias
1544 1394 1725 1435 generales,
1743 1392 1889 1435 superio-

1150 1445 1260 1478 ritates
1295 1445 1567 1478 monasteriorum
1602 1445 1799 1484 monialium,
1837 1451 1889 1477 aut

1150 1498 1317 1530 vicariatus
1334 1499 1384 1531 vel
1402 1499 1581 1531 vocalatum
1607 1498 1795 1530 huiusmodi
1820 1508 1889 1540 pro-

1149 1561 1292 1590 movere,
1311 1552 1361 1583 vel
1383 1550 1534 1593 cuiquam
1556 1551 1740 1583 facultatem
1759 1551 1890 1583 audien-

1151 1603 1181 1636 di
1203 1603 1424 1636 consessiones
1445 1603 1617 1636 mulierum
1634 1604 1816 1636 concedere
1834 1613 1889 1635 au-

1151 1657 1249 1689 deant
1265 1667 1319 1689 seu
1338 1662 1569 1699 praesumant,
1589 1657 1657 1697 sed,
1678 1656 1762 1688 circa
1779 1656 1890 1689 admis-

1151 1708 1276 1741 sionem
1313 1708 1508 1741 clericorum
1549 1709 1746 1751 regularium
1786 1708 1889 1741 dictae

1151 1761 1419 1804 Congregationis
1446 1762 1484 1794 ad
1504 1761 1551 1793 ius
1569 1761 1724 1804 suffragii,
1741 1772 1776 1793 ac
1794 1761 1891 1793 sacul-

1152 1820 1248 1847 tatem
1281 1814 1432 1847 audiendi
1465 1814 1689 1847 consessiones
1717 1814 1889 1847 mulierum

1152 1867 1197 1900 eis
1224 1868 1477 1907 concedendam,
1504 1878 1541 1900 ea
1562 1878 1643 1910 quae
1662 1878 1720 1910 per
1736 1867 1890 1899 constitu-

1133 1922 1255 1954 ‘tiones
1282 1926 1314 1953 et
1338 1921 1469 1953 decreta
1495 1920 1638 1953 eiusdem
1663 1920 1891 1963 Congrcgatio⁶

1152 1974 1201 2007 nis
1228 1973 1377 2007 ordinata
1401 1979 1485 2014 sunt,
1505 1984 1541 2006 ac
1567 1973 1599 2006 in
1616 1973 1804 2017 praemissis
1828 1974 1892 2006 sor—

1152 2038 1237 2060 mam
1261 2032 1464 2059 secretorum
1489 2026 1713 2068 suffragiorum
1739 2038 1798 2070 per
1823 2037 1892 2059 eas-

1153 2080 1225 2113 dem
1249 2079 1498 2112 constitutiones
1524 2078 1713 2118 stabilitam,
1735 2080 1891 2121 abrogata

1153 2133 1214 2165 alia
1234 2142 1437 2175 quacumque
1457 2132 1567 2171 forma,
1587 2137 1697 2164 exacte
1716 2137 1746 2164 et
1763 2141 1892 2164 accura-

1154 2190 1183 2217 te
1209 2195 1244 2217 ac
1267 2184 1498 2217 inviolabiliter
1522 2185 1698 2217 observent
1723 2190 1755 2217 et
1778 2185 1891 2217 obser-

1153 2238 1219 2270 vari
1240 2242 1368 2270 curent.

1197 2291 1259 2333 §le
1286 2291 1323 2323 Et
1346 2290 1562 2323 nibilominus
1588 2300 1805 2334 quascumque
1831 2291 1891 2323 ele·
1924 2328 1926 2330 q
1950 2300 2026 2320 Omna«
2042 2299 2082 2320 eio-

1154 2344 1276 2376 ctiones
1313 2349 1345 2376 ct
1378 2344 1600 2386 promotiones
1633 2355 1669 2376 ac
1704 2329 2085 2388 facultatumssifsiltffilsss‘ff-‘qlllffi

1154 2396 1305 2429 audiendi
1331 2396 1567 2437 consessiones,
1586 2397 1760 2429 mulierum
1786 2380 2084 2428 huius-lssssl‘ftl'sslffi‘llls'il

1155 2449 1243 2482 modi
1268 2449 1512 2489 concessiones,
1532 2455 1645 2481 contra
1670 2431 2084 2502 praesentiumlssssfn‘ldzssss'ffliucffsss'}

1155 2501 1400 2544 dispositionem
1426 2502 1539 2544 (quod
1566 2501 1674 2544 absit)
1708 2488 2085 2541 faciendas,Fignasidcpxissress

1155 2555 1260 2587 nullas
1281 2565 1417 2597 prorsus
1442 2560 1473 2587 et
1496 2555 1654 2587 invalidas
1673 2565 1744 2586 esse
1762 2559 1793 2586 et
1811 2536 2002 2593 sore,d³⁰¹³¹³¹'

1155 2618 1190 2641 ac
1214 2618 1325 2641 omnes
1350 2613 1381 2641 et
1405 2608 1548 2650 singulos
1575 2607 1606 2640 in
1632 2606 1819 2651 praemissis
1839 2607 1891 2640 de-
