<?xml version="1.0" encoding="UTF-8"?>
<!DOCTYPE html PUBLIC "-//W3C//DTD XHTML 1.0 Transitional//EN"
    "http://www.w3.org/TR/xhtml1/DTD/xhtml1-transitional.dtd">
<html xmlns="http://www.w3.org/1999/xhtml" xml:lang="en" lang="en">
 <head>
  <title>
</title>
<meta http-equiv="Content-Type" content="text/html;charset=utf-8" />
  <meta name='ocr-system' content='tesseract 3.04.00' />
  <meta name='ocr-capabilities' content='ocr_page ocr_carea ocr_par ocr_line ocrx_word'/>
</head>
<body>
  <div class='ocr_page' id='page_1' title='image "./bullarumdiplomat18cath_0564.png"; bbox 0 0 2279 3260; ppageno 0'>
   <div class='ocr_carea' id='block_1_1' title="bbox 229 245 416 274">
    <p class='ocr_par' dir='ltr' id='par_1_1' title="bbox 229 245 416 274">
     <span class='ocr_line' id='line_1_1' title="bbox 229 245 416 274; baseline -0.011 0"><span class='ocrx_word' id='word_1_1' title='bbox 229 247 282 274; x_wconf 77' lang='lat' dir='ltr'>An.</span> <span class='ocrx_word' id='word_1_2' title='bbox 298 246 326 271; x_wconf 69' lang='grc' dir='ltr'>(ἶ.</span> <span class='ocrx_word' id='word_1_3' title='bbox 350 245 416 272; x_wconf 72' lang='lat'>¹075</span> 
     </span>
    </p>
   </div>
   <div class='ocr_carea' id='block_1_2' title="bbox 240 1573 420 1622">
    <p class='ocr_par' dir='ltr' id='par_1_2' title="bbox 240 1573 420 1622">
     <span class='ocr_line' id='line_1_2' title="bbox 265 1573 420 1594; baseline 0.006 -3"><span class='ocrx_word' id='word_1_4' title='bbox 265 1575 377 1594; x_wconf 58' lang='lat' dir='ltr'>[incretum</span> <span class='ocrx_word' id='word_1_5' title='bbox 396 1573 420 1592; x_wconf 86' lang='lat' dir='ltr'>ir-</span> 
     </span>
     <span class='ocr_line' id='line_1_3' title="bbox 240 1605 313 1622; baseline -0.027 0"><span class='ocrx_word' id='word_1_6' title='bbox 240 1605 313 1622; x_wconf 61' lang='lat' dir='ltr'>[itatis.</span> 
     </span>
    </p>
   </div>
   <div class='ocr_carea' id='block_1_3' title="bbox 241 2312 426 2366">
    <p class='ocr_par' dir='ltr' id='par_1_3' title="bbox 241 2312 426 2366">
     <span class='ocr_line' id='line_1_4' title="bbox 310 2312 426 2334; baseline -0.017 -1"><span class='ocrx_word' id='word_1_7' title='bbox 310 2312 426 2334; x_wconf 74' lang='lat' dir='ltr'>Contrariis</span> 
     </span>
     <span class='ocr_line' id='line_1_5' title="bbox 241 2339 338 2366; baseline -0.01 -5"><span class='ocrx_word' id='word_1_8' title='bbox 241 2339 338 2366; x_wconf 66' lang='lat' dir='ltr'>derogat.</span> 
     </span>
    </p>
   </div>
   <div class='ocr_carea' id='block_1_4' title="bbox 462 235 1182 268">
    <p class='ocr_par' dir='ltr' id='par_1_4' title="bbox 462 235 1182 268">
     <span class='ocr_line' id='line_1_6' title="bbox 462 235 1182 268; baseline -0.006 -1"><span class='ocrx_word' id='word_1_9' title='bbox 462 235 525 268; x_wconf 71' lang='lat' dir='ltr'>5⁶2ss</span> <span class='ocrx_word' id='word_1_10' title='bbox 1004 240 1182 265; x_wconf 62' lang='lat' dir='ltr'>nrirmuvu</span> 
     </span>
    </p>
   </div>
   <div class='ocr_carea' id='block_1_5' title="bbox 423 288 1191 1437">
    <p class='ocr_par' dir='ltr' id='par_1_5' title="bbox 423 288 1191 1441">
     <span class='ocr_line' id='line_1_7' title="bbox 423 288 1158 330; baseline -0.007 -4"><span class='ocrx_word' id='word_1_11' title='bbox 423 293 603 327; x_wconf 78' lang='lat' dir='ltr'>inodolihet</span> <span class='ocrx_word' id='word_1_12' title='bbox 627 293 799 326; x_wconf 83' lang='lat' dir='ltr'>innodatae</span> <span class='ocrx_word' id='word_1_13' title='bbox 829 292 981 330; x_wconf 85' lang='lat' dir='ltr'>existunt,</span> <span class='ocrx_word' id='word_1_14' title='bbox 1014 290 1051 321; x_wconf 71' lang='lat' dir='ltr'>:id</span> <span class='ocrx_word' id='word_1_15' title='bbox 1085 288 1158 321; x_wconf 78' lang='lat' dir='ltr'>etl&#39;c-</span> 
     </span>
     <span class='ocr_line' id='line_1_8' title="bbox 424 346 1159 389; baseline -0.01 -10"><span class='ocrx_word' id='word_1_16' title='bbox 424 353 508 379; x_wconf 77' lang='lat' dir='ltr'>etum</span> <span class='ocrx_word' id='word_1_17' title='bbox 530 346 746 389; x_wconf 74' lang='lat' dir='ltr'>praesentium</span> <span class='ocrx_word' id='word_1_18' title='bbox 772 346 933 378; x_wconf 82' lang='lat' dir='ltr'>dumtaxat</span> <span class='ocrx_word' id='word_1_19' title='bbox 962 352 1159 384; x_wconf 78' lang='lat' dir='ltr'>consequen·</span> 
     </span>
     <span class='ocr_line' id='line_1_9' title="bbox 425 393 1182 438; baseline -0.008 -6"><span class='ocrx_word' id='word_1_20' title='bbox 425 400 509 438; x_wconf 82' lang='grc'><strong>1111111,</strong></span> <span class='ocrx_word' id='word_1_21' title='bbox 537 399 651 431; x_wconf 89' lang='lat' dir='ltr'>harum</span> <span class='ocrx_word' id='word_1_22' title='bbox 676 399 758 431; x_wconf 85' lang='lat' dir='ltr'>serie</span> <span class='ocrx_word' id='word_1_23' title='bbox 785 398 989 431; x_wconf 76' lang='lat' dir='ltr'>absolventes</span> <span class='ocrx_word' id='word_1_24' title='bbox 1015 400 1047 426; x_wconf 80' lang='lat' dir='ltr'>et</span> <span class='ocrx_word' id='word_1_25' title='bbox 1071 393 1182 426; x_wconf 45' lang='lat' dir='ltr'>abso-¹</span> 
     </span>
     <span class='ocr_line' id='line_1_10' title="bbox 425 446 1183 491; baseline -0.012 -5"><span class='ocrx_word' id='word_1_26' title='bbox 425 455 508 486; x_wconf 87' lang='lat' dir='ltr'>lutas</span> <span class='ocrx_word' id='word_1_27' title='bbox 545 453 611 485; x_wconf 80' lang='lat' dir='ltr'>fore</span> <span class='ocrx_word' id='word_1_28' title='bbox 649 457 828 487; x_wconf 80' lang='lat' dir='ltr'>censentes,</span> <span class='ocrx_word' id='word_1_29' title='bbox 869 446 1162 491; x_wconf 71' lang='lat' dir='ltr'>supplicationibus</span> <span class='ocrx_word' id='word_1_30' title='bbox 1182 470 1183 473; x_wconf 25' lang='lat'>¹</span> 
     </span>
     <span class='ocr_line' id='line_1_11' title="bbox 426 499 1162 544; baseline -0.011 -6"><span class='ocrx_word' id='word_1_31' title='bbox 426 517 536 538; x_wconf 82' lang='lat' dir='ltr'>eorum</span> <span class='ocrx_word' id='word_1_32' title='bbox 563 505 692 537; x_wconf 88' lang='lat' dir='ltr'>nomine</span> <span class='ocrx_word' id='word_1_33' title='bbox 719 503 811 536; x_wconf 82' lang='lat' dir='ltr'>nobis</span> <span class='ocrx_word' id='word_1_34' title='bbox 838 512 935 544; x_wconf 84' lang='lat' dir='ltr'>super</span> <span class='ocrx_word' id='word_1_35' title='bbox 968 501 1030 533; x_wconf 85' lang='lat' dir='ltr'>hoe</span> <span class='ocrx_word' id='word_1_36' title='bbox 1055 499 1162 531; x_wconf 91' lang='lat' dir='ltr'>humi-</span> 
     </span>
     <span class='ocr_line' id='line_1_12' title="bbox 425 550 1183 601; baseline -0.011 -10"><span class='ocrx_word' id='word_1_37' title='bbox 425 559 499 592; x_wconf 89' lang='lat' dir='ltr'>liter</span> <span class='ocrx_word' id='word_1_38' title='bbox 524 558 683 601; x_wconf 75' lang='lat' dir='ltr'>porrectis</span> <span class='ocrx_word' id='word_1_39' title='bbox 710 556 864 593; x_wconf 74' lang='lat' dir='ltr'>inclinati,</span> <span class='ocrx_word' id='word_1_40' title='bbox 903 564 1014 587; x_wconf 83' lang='lat' dir='ltr'>onmes</span> <span class='ocrx_word' id='word_1_41' title='bbox 1040 559 1072 585; x_wconf 88' lang='lat' dir='ltr'>et</span> <span class='ocrx_word' id='word_1_42' title='bbox 1096 550 1183 584; x_wconf 70' lang='lat' dir='ltr'>sin-1</span> 
     </span>
     <span class='ocr_line' id='line_1_13' title="bbox 427 605 1163 653; baseline -0.008 -11"><span class='ocrx_word' id='word_1_43' title='bbox 427 613 517 653; x_wconf 68' lang='lat' dir='ltr'>gulas</span> <span class='ocrx_word' id='word_1_44' title='bbox 548 610 765 643; x_wconf 70' lang='lat' dir='ltr'>resolutiones</span> <span class='ocrx_word' id='word_1_45' title='bbox 802 609 832 640; x_wconf 92' lang='grc'>111</span> <span class='ocrx_word' id='word_1_46' title='bbox 869 608 1002 639; x_wconf 69' lang='lat' dir='ltr'>‹let-reto</span> <span class='ocrx_word' id='word_1_47' title='bbox 1038 605 1163 648; x_wconf 82' lang='lat' dir='ltr'>praein-</span> 
     </span>
     <span class='ocr_line' id='line_1_14' title="bbox 425 649 1184 706; baseline -0.012 -10"><span class='ocrx_word' id='word_1_48' title='bbox 425 669 512 697; x_wconf 86' lang='lat' dir='ltr'>serto</span> <span class='ocrx_word' id='word_1_49' title='bbox 537 673 716 706; x_wconf 76' lang='lat' dir='ltr'>expressas,</span> <span class='ocrx_word' id='word_1_50' title='bbox 738 666 765 693; x_wconf 89' lang='lat' dir='ltr'>ct</span> <span class='ocrx_word' id='word_1_51' title='bbox 785 672 801 693; x_wconf 84' lang='lat' dir='ltr'>a</span> <span class='ocrx_word' id='word_1_52' title='bbox 827 661 1003 692; x_wconf 71' lang='lat' dir='ltr'>memorata</span> <span class='ocrx_word' id='word_1_53' title='bbox 1025 657 1164 700; x_wconf 75' lang='lat' dir='ltr'>particu-</span> <span class='ocrx_word' id='word_1_54' title='bbox 1182 649 1184 664; x_wconf 80' lang='lat'><strong>¹</strong></span> 
     </span>
     <span class='ocr_line' id='line_1_15' title="bbox 426 710 1186 775; baseline -0.013 -25"><span class='ocrx_word' id='word_1_55' title='bbox 426 718 484 750; x_wconf 84' lang='lat' dir='ltr'>lari</span> <span class='ocrx_word' id='word_1_56' title='bbox 511 716 765 758; x_wconf 68' lang='lat' dir='ltr'>Congregatione</span> <span class='ocrx_word' id='word_1_57' title='bbox 796 718 962 746; x_wconf 84' lang='lat' dir='ltr'>emanatas</span> <span class='ocrx_word' id='word_1_58' title='bbox 993 717 1026 743; x_wconf 89' lang='lat' dir='ltr'>ut</span> <span class='ocrx_word' id='word_1_59' title='bbox 1051 710 1186 775; x_wconf 72' lang='lat' dir='ltr'>produ-¹</span> 
     </span>
     <span class='ocr_line' id='line_1_16' title="bbox 427 767 1164 810; baseline -0.012 -7"><span class='ocrx_word' id='word_1_60' title='bbox 427 771 522 809; x_wconf 82' lang='lat' dir='ltr'>citur,</span> <span class='ocrx_word' id='word_1_61' title='bbox 543 769 730 802; x_wconf 79' lang='lat' dir='ltr'>auctoritate</span> <span class='ocrx_word' id='word_1_62' title='bbox 743 767 932 810; x_wconf 72' lang='lat' dir='ltr'>apostolica,</span> <span class='ocrx_word' id='word_1_63' title='bbox 949 771 1062 797; x_wconf 78' lang='lat' dir='ltr'>tenore</span> <span class='ocrx_word' id='word_1_64' title='bbox 1077 774 1164 806; x_wconf 89' lang='lat' dir='ltr'>prae-</span> 
     </span>
     <span class='ocr_line' id='line_1_17' title="bbox 426 817 1162 864; baseline -0.01 -11"><span class='ocrx_word' id='word_1_65' title='bbox 426 823 588 861; x_wconf 75' lang='lat' dir='ltr'>sentium,</span> <span class='ocrx_word' id='word_1_66' title='bbox 618 821 833 864; x_wconf 82' lang='lat' dir='ltr'>approbamus</span> <span class='ocrx_word' id='word_1_67' title='bbox 872 824 902 850; x_wconf 88' lang='lat' dir='ltr'>et</span> <span class='ocrx_word' id='word_1_68' title='bbox 927 817 1162 855; x_wconf 74' lang='lat' dir='ltr'>confirmamus,</span> 
     </span>
     <span class='ocr_line' id='line_1_18' title="bbox 427 868 1186 918; baseline -0.012 -10"><span class='ocrx_word' id='word_1_69' title='bbox 427 875 558 918; x_wconf 81' lang='lat' dir='ltr'>illisque</span> <span class='ocrx_word' id='word_1_70' title='bbox 585 873 780 906; x_wconf 77' lang='lat' dir='ltr'>inviolabilis</span> <span class='ocrx_word' id='word_1_71' title='bbox 814 870 1009 915; x_wconf 74' lang='lat' dir='ltr'>apostolicae</span> <span class='ocrx_word' id='word_1_72' title='bbox 1035 868 1186 913; x_wconf 25' lang='lat' dir='ltr'>sii-mita&amp;</span> 
     </span>
     <span class='ocr_line' id='line_1_19' title="bbox 429 921 1186 964; baseline -0.007 -5"><span class='ocrx_word' id='word_1_73' title='bbox 429 929 467 959; x_wconf 91' lang='lat' dir='ltr'>tis</span> <span class='ocrx_word' id='word_1_74' title='bbox 495 927 592 959; x_wconf 89' lang='lat' dir='ltr'>robur</span> <span class='ocrx_word' id='word_1_75' title='bbox 628 925 806 964; x_wconf 72' lang='lat' dir='ltr'>atliieimus,</span> <span class='ocrx_word' id='word_1_76' title='bbox 841 935 876 956; x_wconf 87' lang='lat' dir='ltr'>ac</span> <span class='ocrx_word' id='word_1_77' title='bbox 909 933 1019 956; x_wconf 79' lang='lat' dir='ltr'>omnes</span> <span class='ocrx_word' id='word_1_78' title='bbox 1045 926 1075 953; x_wconf 92' lang='lat' dir='ltr'>et</span> <span class='ocrx_word' id='word_1_79' title='bbox 1101 921 1186 954; x_wconf 75' lang='lat' dir='ltr'>sin-t</span> 
     </span>
     <span class='ocr_line' id='line_1_20' title="bbox 434 974 1165 1021; baseline -0.011 -9"><span class='ocrx_word' id='word_1_80' title='bbox 434 981 528 1021; x_wconf 71' lang='lat' dir='ltr'>gulos</span> <span class='ocrx_word' id='word_1_81' title='bbox 555 979 632 1011; x_wconf 85' lang='lat' dir='ltr'>iuris</span> <span class='ocrx_word' id='word_1_82' title='bbox 650 984 675 1011; x_wconf 90' lang='lat' dir='ltr'>et</span> <span class='ocrx_word' id='word_1_83' title='bbox 699 977 770 1010; x_wconf 84' lang='lat' dir='ltr'>sacti</span> <span class='ocrx_word' id='word_1_84' title='bbox 790 977 943 1015; x_wconf 75' lang='lat' dir='ltr'>desertus,</span> <span class='ocrx_word' id='word_1_85' title='bbox 960 974 1052 1018; x_wconf 82' lang='lat' dir='ltr'>siqui</span> <span class='ocrx_word' id='word_1_86' title='bbox 1072 974 1165 1005; x_wconf 80' lang='lat' dir='ltr'>(lesu-</span> 
     </span>
     <span class='ocr_line' id='line_1_21' title="bbox 428 1026 1170 1076; baseline -0.011 -11"><span class='ocrx_word' id='word_1_87' title='bbox 428 1044 487 1076; x_wconf 89' lang='lat' dir='ltr'>per</span> <span class='ocrx_word' id='word_1_88' title='bbox 505 1031 749 1075; x_wconf 85' lang='lat' dir='ltr'>quomodolibet</span> <span class='ocrx_word' id='word_1_89' title='bbox 774 1029 1015 1067; x_wconf 86' lang='lat' dir='ltr'>intervenerint,</span> <span class='ocrx_word' id='word_1_90' title='bbox 1034 1026 1170 1070; x_wconf 62' lang='grc' dir='ltr'><strong>51111111οέ</strong></span> 
     </span>
     <span class='ocr_line' id='line_1_22' title="bbox 428 1079 1165 1118; baseline -0.009 0"><span class='ocrx_word' id='word_1_91' title='bbox 428 1097 511 1118; x_wconf 86' lang='lat' dir='ltr'>mus.</span> <span class='ocrx_word' id='word_1_92' title='bbox 531 1086 701 1118; x_wconf 86' lang='lat' dir='ltr'>Praeterea</span> <span class='ocrx_word' id='word_1_93' title='bbox 731 1083 860 1116; x_wconf 77' lang='lat' dir='ltr'>easdem</span> <span class='ocrx_word' id='word_1_94' title='bbox 888 1081 1102 1115; x_wconf 69' lang='lat' dir='ltr'>resolutiones</span> <span class='ocrx_word' id='word_1_95' title='bbox 1126 1079 1165 1111; x_wconf 87' lang='lat' dir='ltr'>ab</span> 
     </span>
     <span class='ocr_line' id='line_1_23' title="bbox 429 1133 1165 1179; baseline -0.01 -8"><span class='ocrx_word' id='word_1_96' title='bbox 429 1138 578 1172; x_wconf 87' lang='lat' dir='ltr'>omnibus</span> <span class='ocrx_word' id='word_1_97' title='bbox 595 1143 627 1171; x_wconf 89' lang='lat' dir='ltr'>et</span> <span class='ocrx_word' id='word_1_98' title='bbox 644 1137 777 1179; x_wconf 75' lang='lat' dir='ltr'>singulis</span> <span class='ocrx_word' id='word_1_99' title='bbox 796 1135 963 1169; x_wconf 84' lang='lat' dir='ltr'>abbatibus</span> <span class='ocrx_word' id='word_1_100' title='bbox 982 1133 1165 1166; x_wconf 88' lang='lat' dir='ltr'>titularibus</span> 
     </span>
     <span class='ocr_line' id='line_1_24' title="bbox 429 1186 1165 1233; baseline -0.01 -9"><span class='ocrx_word' id='word_1_101' title='bbox 429 1192 532 1224; x_wconf 72' lang='lat' dir='ltr'>dietae</span> <span class='ocrx_word' id='word_1_102' title='bbox 557 1189 825 1233; x_wconf 72' lang='lat' dir='ltr'>Congregationis</span> <span class='ocrx_word' id='word_1_103' title='bbox 846 1187 1056 1226; x_wconf 83' lang='lat' dir='ltr'>Cassinensis,</span> <span class='ocrx_word' id='word_1_104' title='bbox 1070 1186 1165 1218; x_wconf 84' lang='lat' dir='ltr'>etiam</span> 
     </span>
     <span class='ocr_line' id='line_1_25' title="bbox 429 1237 1189 1286; baseline -0.011 -9"><span class='ocrx_word' id='word_1_105' title='bbox 429 1255 499 1277; x_wconf 83' lang='lat' dir='ltr'>cum</span> <span class='ocrx_word' id='word_1_106' title='bbox 521 1245 670 1283; x_wconf 74' lang='lat' dir='ltr'>clausula,</span> <span class='ocrx_word' id='word_1_107' title='bbox 684 1242 819 1286; x_wconf 74' lang='lat' dir='ltr'>perinde</span> <span class='ocrx_word' id='word_1_108' title='bbox 843 1252 880 1273; x_wconf 75' lang='lat' dir='ltr'>ac</span> <span class='ocrx_word' id='word_1_109' title='bbox 906 1241 934 1273; x_wconf 80' lang='lat' dir='ltr'>si</span> <span class='ocrx_word' id='word_1_110' title='bbox 959 1240 1095 1283; x_wconf 77' lang='lat' dir='ltr'>fuissent</span> <span class='ocrx_word' id='word_1_111' title='bbox 1119 1237 1189 1271; x_wconf 32' lang='lat' dir='ltr'>obn</span> 
     </span>
     <span class='ocr_line' id='line_1_26' title="bbox 429 1293 1167 1339; baseline -0.009 -9"><span class='ocrx_word' id='word_1_112' title='bbox 429 1297 514 1330; x_wconf 77' lang='lat' dir='ltr'>hales</span> <span class='ocrx_word' id='word_1_113' title='bbox 540 1297 576 1329; x_wconf 83' lang='lat' dir='ltr'>de</span> <span class='ocrx_word' id='word_1_114' title='bbox 608 1296 766 1339; x_wconf 67' lang='lat' dir='ltr'>reyimine</span> <span class='ocrx_word' id='word_1_115' title='bbox 791 1295 912 1338; x_wconf 75' lang='lat' dir='ltr'>absque</span> <span class='ocrx_word' id='word_1_116' title='bbox 939 1293 1009 1325; x_wconf 67' lang='lat' dir='ltr'>utta</span> <span class='ocrx_word' id='word_1_117' title='bbox 1032 1302 1167 1335; x_wconf 76' lang='lat' dir='ltr'>prorsus</span> 
     </span>
     <span class='ocr_line' id='line_1_27' title="bbox 429 1345 1191 1392; baseline -0.009 -9"><span class='ocrx_word' id='word_1_118' title='bbox 429 1350 612 1392; x_wconf 57' lang='lat' dir='ltr'>differentia</span> <span class='ocrx_word' id='word_1_119' title='bbox 638 1348 755 1381; x_wconf 85' lang='lat' dir='ltr'>creatis</span> <span class='ocrx_word' id='word_1_120' title='bbox 783 1358 837 1379; x_wconf 86' lang='lat' dir='ltr'>seu</span> <span class='ocrx_word' id='word_1_121' title='bbox 863 1346 1041 1390; x_wconf 85' lang='lat' dir='ltr'>promotis,</span> <span class='ocrx_word' id='word_1_122' title='bbox 1067 1345 1168 1377; x_wconf 76' lang='lat' dir='ltr'>invio·</span> <span class='ocrx_word' id='word_1_123' title='bbox 1189 1375 1191 1391; x_wconf 61' lang='lat' dir='ltr'>s</span> 
     </span>
     <span class='ocr_line' id='line_1_28' title="bbox 430 1397 1170 1437; baseline -0.009 -2"><span class='ocrx_word' id='word_1_124' title='bbox 430 1402 572 1436; x_wconf 71' lang='lat' dir='ltr'>labiliter</span> <span class='ocrx_word' id='word_1_125' title='bbox 597 1400 764 1434; x_wconf 75' lang='lat' dir='ltr'>obsetvari</span> <span class='ocrx_word' id='word_1_126' title='bbox 783 1399 910 1437; x_wconf 82' lang='lat' dir='ltr'>debere,</span> <span class='ocrx_word' id='word_1_127' title='bbox 927 1397 1116 1431; x_wconf 87' lang='lat' dir='ltr'>auctoritate</span> <span class='ocrx_word' id='word_1_128' title='bbox 1138 1402 1170 1429; x_wconf 91' lang='lat' dir='ltr'>et</span> 
     </span>
    </p>
   </div>
   <div class='ocr_carea' id='block_1_6' title="bbox 1180 294 1188 867">
    <p class='ocr_par' dir='ltr' id='par_1_6' title="bbox 1180 294 1188 867">
     <span class='ocr_line' id='line_1_29' title="bbox 1180 294 1188 867; baseline 0 0"><span class='ocrx_word' id='word_1_129' title='bbox 1180 294 1188 867; x_wconf 95' lang='lat' dir='ltr'> </span> 
     </span>
    </p>
   </div>
   <div class='ocr_carea' id='block_1_7' title="bbox 431 1450 1192 1498">
    <p class='ocr_par' dir='ltr' id='par_1_7' title="bbox 431 1450 1192 1498">
     <span class='ocr_line' id='line_1_30' title="bbox 431 1450 1192 1498; baseline -0.009 -10"><span class='ocrx_word' id='word_1_130' title='bbox 431 1461 543 1488; x_wconf 86' lang='lat' dir='ltr'>tenore</span> <span class='ocrx_word' id='word_1_131' title='bbox 568 1454 750 1498; x_wconf 82' lang='lat' dir='ltr'>praedictis,</span> <span class='ocrx_word' id='word_1_132' title='bbox 774 1452 979 1485; x_wconf 85' lang='lat' dir='ltr'>decernimus</span> <span class='ocrx_word' id='word_1_133' title='bbox 1004 1456 1035 1483; x_wconf 84' lang='lat' dir='ltr'>et</span> <span class='ocrx_word' id='word_1_134' title='bbox 1059 1450 1166 1483; x_wconf 85' lang='lat' dir='ltr'>decla·</span> <span class='ocrx_word' id='word_1_135' title='bbox 1190 1481 1192 1493; x_wconf 21' lang='grc' dir='ltr'>ι</span> 
     </span>
    </p>
   </div>
   <div class='ocr_carea' id='block_1_8' title="bbox 432 1519 1175 2030">
    <p class='ocr_par' dir='ltr' id='par_1_8' title="bbox 432 1519 553 1542">
     <span class='ocr_line' id='line_1_31' title="bbox 432 1519 553 1542; baseline -0.008 0"><span class='ocrx_word' id='word_1_136' title='bbox 432 1519 553 1542; x_wconf 87' lang='lat' dir='ltr'>ramus.</span> 
     </span>
    </p>

    <p class='ocr_par' dir='ltr' id='par_1_9' title="bbox 434 1558 1175 2030">
     <span class='ocr_line' id='line_1_32' title="bbox 477 1558 1172 1605; baseline -0.007 -11"><span class='ocrx_word' id='word_1_137' title='bbox 477 1563 492 1605; x_wconf 64' lang='grc' dir='ltr'>ξ</span> <span class='ocrx_word' id='word_1_138' title='bbox 508 1561 540 1594; x_wconf 81' lang='grc'>3.</span> <span class='ocrx_word' id='word_1_139' title='bbox 560 1561 778 1594; x_wconf 88' lang='lat' dir='ltr'>Decernentes</span> <span class='ocrx_word' id='word_1_140' title='bbox 796 1559 917 1602; x_wconf 86' lang='lat' dir='ltr'>pariter</span> <span class='ocrx_word' id='word_1_141' title='bbox 933 1558 1061 1591; x_wconf 84' lang='lat' dir='ltr'>easdem</span> <span class='ocrx_word' id='word_1_142' title='bbox 1080 1567 1172 1600; x_wconf 87' lang='lat' dir='ltr'>prae-</span> 
     </span>
     <span class='ocr_line' id='line_1_33' title="bbox 434 1611 1173 1656; baseline -0.007 -8"><span class='ocrx_word' id='word_1_143' title='bbox 434 1621 540 1648; x_wconf 86' lang='lat' dir='ltr'>sentes</span> <span class='ocrx_word' id='word_1_144' title='bbox 566 1615 691 1647; x_wconf 87' lang='lat' dir='ltr'>litteras</span> <span class='ocrx_word' id='word_1_145' title='bbox 710 1623 839 1656; x_wconf 78' lang='lat' dir='ltr'>semper</span> <span class='ocrx_word' id='word_1_146' title='bbox 855 1611 972 1651; x_wconf 81' lang='lat' dir='ltr'>firmas,</span> <span class='ocrx_word' id='word_1_147' title='bbox 994 1611 1116 1644; x_wconf 84' lang='lat' dir='ltr'>validas</span> <span class='ocrx_word' id='word_1_148' title='bbox 1142 1615 1173 1642; x_wconf 89' lang='lat' dir='ltr'>et</span> 
     </span>
     <span class='ocr_line' id='line_1_34' title="bbox 435 1664 1173 1707; baseline -0.007 -6"><span class='ocrx_word' id='word_1_149' title='bbox 435 1668 581 1701; x_wconf 80' lang='lat' dir='ltr'>efficaces</span> <span class='ocrx_word' id='word_1_150' title='bbox 608 1667 748 1700; x_wconf 76' lang='lat' dir='ltr'>existere</span> <span class='ocrx_word' id='word_1_151' title='bbox 775 1671 807 1698; x_wconf 92' lang='lat' dir='ltr'>et</span> <span class='ocrx_word' id='word_1_152' title='bbox 832 1665 913 1706; x_wconf 80' lang='lat' dir='ltr'>sore,</span> <span class='ocrx_word' id='word_1_153' title='bbox 941 1674 1080 1707; x_wconf 87' lang='lat' dir='ltr'>suosque</span> <span class='ocrx_word' id='word_1_154' title='bbox 1105 1664 1173 1706; x_wconf 87' lang='lat' dir='ltr'>ple-</span> 
     </span>
     <span class='ocr_line' id='line_1_35' title="bbox 435 1716 1174 1762; baseline -0.007 -9"><span class='ocrx_word' id='word_1_155' title='bbox 435 1721 542 1754; x_wconf 87' lang='lat' dir='ltr'>narios</span> <span class='ocrx_word' id='word_1_156' title='bbox 569 1725 598 1752; x_wconf 91' lang='lat' dir='ltr'>et</span> <span class='ocrx_word' id='word_1_157' title='bbox 623 1719 769 1762; x_wconf 77' lang='lat' dir='ltr'>integros</span> <span class='ocrx_word' id='word_1_158' title='bbox 791 1717 925 1751; x_wconf 76' lang='lat' dir='ltr'>effectus</span> <span class='ocrx_word' id='word_1_159' title='bbox 943 1716 1050 1750; x_wconf 88' lang='lat' dir='ltr'>sortiri</span> <span class='ocrx_word' id='word_1_160' title='bbox 1071 1722 1101 1749; x_wconf 87' lang='lat' dir='ltr'>et</span> <span class='ocrx_word' id='word_1_161' title='bbox 1119 1716 1174 1749; x_wconf 89' lang='lat' dir='ltr'>ob-</span> 
     </span>
     <span class='ocr_line' id='line_1_36' title="bbox 436 1772 1173 1814; baseline -0.005 -8"><span class='ocrx_word' id='word_1_162' title='bbox 436 1775 550 1812; x_wconf 86' lang='lat' dir='ltr'>tinere,</span> <span class='ocrx_word' id='word_1_163' title='bbox 578 1783 613 1805; x_wconf 87' lang='lat' dir='ltr'>ac</span> <span class='ocrx_word' id='word_1_164' title='bbox 638 1772 712 1811; x_wconf 87' lang='lat' dir='ltr'>illis,</span> <span class='ocrx_word' id='word_1_165' title='bbox 728 1772 767 1804; x_wconf 88' lang='lat' dir='ltr'>ad</span> <span class='ocrx_word' id='word_1_166' title='bbox 794 1782 875 1814; x_wconf 87' lang='lat' dir='ltr'>quos</span> <span class='ocrx_word' id='word_1_167' title='bbox 900 1776 1027 1814; x_wconf 82' lang='lat' dir='ltr'>spectat</span> <span class='ocrx_word' id='word_1_168' title='bbox 1057 1775 1089 1803; x_wconf 90' lang='lat' dir='ltr'>et</span> <span class='ocrx_word' id='word_1_169' title='bbox 1113 1780 1173 1813; x_wconf 91' lang='lat' dir='ltr'>pro</span> 
     </span>
     <span class='ocr_line' id='line_1_37' title="bbox 437 1824 1175 1870; baseline -0.004 -10"><span class='ocrx_word' id='word_1_170' title='bbox 437 1834 582 1870; x_wconf 89' lang='lat' dir='ltr'>tempore</span> <span class='ocrx_word' id='word_1_171' title='bbox 600 1826 873 1869; x_wconf 76' lang='lat' dir='ltr'>quandocumque</span> <span class='ocrx_word' id='word_1_172' title='bbox 899 1824 1068 1868; x_wconf 69' lang='lat' dir='ltr'>spectabit,</span> <span class='ocrx_word' id='word_1_173' title='bbox 1084 1824 1114 1855; x_wconf 93' lang='lat' dir='ltr'>in</span> <span class='ocrx_word' id='word_1_174' title='bbox 1140 1835 1175 1857; x_wconf 94' lang='lat' dir='ltr'>o-</span> 
     </span>
     <span class='ocr_line' id='line_1_38' title="bbox 436 1876 1174 1921; baseline -0.003 -9"><span class='ocrx_word' id='word_1_175' title='bbox 436 1880 564 1912; x_wconf 87' lang='lat' dir='ltr'>mnibus</span> <span class='ocrx_word' id='word_1_176' title='bbox 587 1884 617 1911; x_wconf 85' lang='lat' dir='ltr'>et</span> <span class='ocrx_word' id='word_1_177' title='bbox 641 1889 699 1921; x_wconf 89' lang='lat' dir='ltr'>per</span> <span class='ocrx_word' id='word_1_178' title='bbox 721 1878 828 1910; x_wconf 88' lang='lat' dir='ltr'>omnia</span> <span class='ocrx_word' id='word_1_179' title='bbox 849 1877 1038 1920; x_wconf 70' lang='lat' dir='ltr'>plenissime</span> <span class='ocrx_word' id='word_1_180' title='bbox 1064 1876 1174 1910; x_wconf 78' lang='lat' dir='ltr'>suffra-</span> 
     </span>
     <span class='ocr_line' id='line_1_39' title="bbox 437 1930 1175 1976; baseline -0.005 -10"><span class='ocrx_word' id='word_1_181' title='bbox 437 1933 504 1976; x_wconf 69' lang='lat' dir='ltr'>gari</span> <span class='ocrx_word' id='word_1_182' title='bbox 520 1960 527 1973; x_wconf 89' lang='lat'>,</span> <span class='ocrx_word' id='word_1_183' title='bbox 546 1932 656 1975; x_wconf 86' lang='lat' dir='ltr'>sieque</span> <span class='ocrx_word' id='word_1_184' title='bbox 675 1931 708 1963; x_wconf 91' lang='lat' dir='ltr'>in</span> <span class='ocrx_word' id='word_1_185' title='bbox 726 1930 912 1974; x_wconf 73' lang='lat' dir='ltr'>praemissis</span> <span class='ocrx_word' id='word_1_186' title='bbox 929 1941 988 1973; x_wconf 85' lang='lat' dir='ltr'>per</span> <span class='ocrx_word' id='word_1_187' title='bbox 1005 1941 1175 1973; x_wconf 86' lang='lat' dir='ltr'>quoscum-</span> 
     </span>
     <span class='ocr_line' id='line_1_40' title="bbox 435 1983 1174 2030; baseline -0.004 -11"><span class='ocrx_word' id='word_1_188' title='bbox 435 1997 499 2030; x_wconf 89' lang='lat' dir='ltr'>que</span> <span class='ocrx_word' id='word_1_189' title='bbox 511 1985 633 2019; x_wconf 87' lang='lat' dir='ltr'>iudices</span> <span class='ocrx_word' id='word_1_190' title='bbox 645 1984 825 2017; x_wconf 83' lang='lat' dir='ltr'>ordinarios</span> <span class='ocrx_word' id='word_1_191' title='bbox 841 1989 873 2016; x_wconf 89' lang='lat' dir='ltr'>et</span> <span class='ocrx_word' id='word_1_192' title='bbox 887 1983 1063 2026; x_wconf 69' lang='lat' dir='ltr'>delegatos,</span> <span class='ocrx_word' id='word_1_193' title='bbox 1079 1983 1174 2016; x_wconf 88' lang='lat' dir='ltr'>etiam</span> 
     </span>
    </p>
   </div>
   <div class='ocr_carea' id='block_1_9' title="bbox 1187 1043 1198 2070">
    <p class='ocr_par' dir='ltr' id='par_1_10' title="bbox 1187 1043 1198 2070">
     <span class='ocr_line' id='line_1_41' title="bbox 1187 1043 1198 2070; baseline 0 0"><span class='ocrx_word' id='word_1_194' title='bbox 1187 1043 1198 2070; x_wconf 95' lang='lat' dir='ltr'> </span> 
     </span>
    </p>
   </div>
   <div class='ocr_carea' id='block_1_10' title="bbox 433 2037 1175 2665">
    <p class='ocr_par' dir='ltr' id='par_1_11' title="bbox 434 2037 1175 2294">
     <span class='ocr_line' id='line_1_42' title="bbox 435 2037 1175 2081; baseline -0.003 -10"><span class='ocrx_word' id='word_1_195' title='bbox 435 2049 600 2072; x_wconf 80' lang='lat' dir='ltr'>causarum</span> <span class='ocrx_word' id='word_1_196' title='bbox 624 2037 735 2081; x_wconf 84' lang='lat' dir='ltr'>palatii</span> <span class='ocrx_word' id='word_1_197' title='bbox 753 2037 923 2080; x_wconf 85' lang='lat' dir='ltr'>apostolici</span> <span class='ocrx_word' id='word_1_198' title='bbox 941 2037 1114 2077; x_wconf 74' lang='lat' dir='ltr'>auditores,</span> <span class='ocrx_word' id='word_1_199' title='bbox 1130 2037 1175 2069; x_wconf 92' lang='lat' dir='ltr'>iu-</span> 
     </span>
     <span class='ocr_line' id='line_1_43' title="bbox 434 2089 1175 2129; baseline -0.003 -5"><span class='ocrx_word' id='word_1_200' title='bbox 434 2091 534 2124; x_wconf 83' lang='lat' dir='ltr'>dicari</span> <span class='ocrx_word' id='word_1_201' title='bbox 561 2096 593 2123; x_wconf 86' lang='lat' dir='ltr'>et</span> <span class='ocrx_word' id='word_1_202' title='bbox 616 2089 742 2122; x_wconf 82' lang='lat' dir='ltr'>deliniri</span> <span class='ocrx_word' id='word_1_203' title='bbox 769 2090 887 2122; x_wconf 87' lang='lat' dir='ltr'>debere</span> <span class='ocrx_word' id='word_1_204' title='bbox 903 2115 910 2129; x_wconf 94' lang='lat'>,</span> <span class='ocrx_word' id='word_1_205' title='bbox 931 2100 968 2122; x_wconf 88' lang='lat' dir='ltr'>ac</span> <span class='ocrx_word' id='word_1_206' title='bbox 993 2090 1120 2122; x_wconf 86' lang='lat' dir='ltr'>irritum</span> <span class='ocrx_word' id='word_1_207' title='bbox 1142 2095 1175 2122; x_wconf 90' lang='lat' dir='ltr'>et</span> 
     </span>
     <span class='ocr_line' id='line_1_44' title="bbox 434 2143 1173 2187; baseline -0.001 -10"><span class='ocrx_word' id='word_1_208' title='bbox 434 2145 531 2178; x_wconf 84' lang='lat' dir='ltr'>inane</span> <span class='ocrx_word' id='word_1_209' title='bbox 556 2145 580 2177; x_wconf 83' lang='lat' dir='ltr'>si</span> <span class='ocrx_word' id='word_1_210' title='bbox 607 2154 702 2177; x_wconf 90' lang='lat' dir='ltr'>secus</span> <span class='ocrx_word' id='word_1_211' title='bbox 739 2154 837 2187; x_wconf 87' lang='lat' dir='ltr'>super</span> <span class='ocrx_word' id='word_1_212' title='bbox 872 2143 922 2176; x_wconf 91' lang='lat' dir='ltr'>his</span> <span class='ocrx_word' id='word_1_213' title='bbox 955 2154 972 2176; x_wconf 87' lang='lat' dir='ltr'>a</span> <span class='ocrx_word' id='word_1_214' title='bbox 997 2154 1173 2187; x_wconf 84' lang='lat' dir='ltr'>quoquam,</span> 
     </span>
     <span class='ocr_line' id='line_1_45' title="bbox 435 2197 1175 2242; baseline -0.001 -11"><span class='ocrx_word' id='word_1_215' title='bbox 435 2199 547 2242; x_wconf 81' lang='lat' dir='ltr'>quavis</span> <span class='ocrx_word' id='word_1_216' title='bbox 573 2198 774 2237; x_wconf 87' lang='lat' dir='ltr'>auctoritate,</span> <span class='ocrx_word' id='word_1_217' title='bbox 789 2197 930 2230; x_wconf 79' lang='lat' dir='ltr'>scienter</span> <span class='ocrx_word' id='word_1_218' title='bbox 954 2199 1003 2231; x_wconf 80' lang='lat' dir='ltr'>vel</span> <span class='ocrx_word' id='word_1_219' title='bbox 1024 2197 1175 2241; x_wconf 76' lang='lat' dir='ltr'>ignoran-</span> 
     </span>
     <span class='ocr_line' id='line_1_46' title="bbox 436 2251 868 2294; baseline -0.005 -9"><span class='ocrx_word' id='word_1_220' title='bbox 436 2257 494 2292; x_wconf 83' lang='lat' dir='ltr'>ter,</span> <span class='ocrx_word' id='word_1_221' title='bbox 511 2251 684 2294; x_wconf 80' lang='lat' dir='ltr'>contigerit</span> <span class='ocrx_word' id='word_1_222' title='bbox 708 2251 868 2284; x_wconf 82' lang='lat' dir='ltr'>attentari.</span> 
     </span>
    </p>

    <p class='ocr_par' dir='ltr' id='par_1_12' title="bbox 433 2304 1175 2665">
     <span class='ocr_line' id='line_1_47' title="bbox 481 2304 1175 2349; baseline 0 -11"><span class='ocrx_word' id='word_1_223' title='bbox 481 2306 494 2349; x_wconf 64' lang='lat' dir='ltr'>g</span> <span class='ocrx_word' id='word_1_224' title='bbox 519 2304 549 2338; x_wconf 78' lang='grc'>4.</span> <span class='ocrx_word' id='word_1_225' title='bbox 577 2305 646 2337; x_wconf 81' lang='lat' dir='ltr'>Non</span> <span class='ocrx_word' id='word_1_226' title='bbox 672 2304 875 2337; x_wconf 67' lang='lat' dir='ltr'>obstantibus</span> <span class='ocrx_word' id='word_1_227' title='bbox 908 2304 1110 2347; x_wconf 82' lang='lat' dir='ltr'>praemissis,</span> <span class='ocrx_word' id='word_1_228' title='bbox 1139 2316 1175 2338; x_wconf 85' lang='lat' dir='ltr'>ae</span> 
     </span>
     <span class='ocr_line' id='line_1_48' title="bbox 435 2357 1173 2401; baseline 0.001 -11"><span class='ocrx_word' id='word_1_229' title='bbox 435 2357 722 2392; x_wconf 60' lang='lat' dir='ltr'>constitutionibus</span> <span class='ocrx_word' id='word_1_230' title='bbox 753 2362 783 2389; x_wconf 89' lang='lat' dir='ltr'>et</span> <span class='ocrx_word' id='word_1_231' title='bbox 807 2357 1068 2390; x_wconf 80' lang='lat' dir='ltr'>ordinationibus</span> <span class='ocrx_word' id='word_1_232' title='bbox 1097 2368 1173 2401; x_wconf 88' lang='lat' dir='ltr'>apo·</span> 
     </span>
     <span class='ocr_line' id='line_1_49' title="bbox 436 2410 1172 2453; baseline -0.001 -9"><span class='ocrx_word' id='word_1_233' title='bbox 436 2412 568 2451; x_wconf 74' lang='lat' dir='ltr'>stolicis,</span> <span class='ocrx_word' id='word_1_234' title='bbox 581 2416 891 2453; x_wconf 84' lang='lat' dir='ltr'>necnon,quatenus</span> <span class='ocrx_word' id='word_1_235' title='bbox 907 2420 987 2453; x_wconf 85' lang='lat' dir='ltr'>opus</span> <span class='ocrx_word' id='word_1_236' title='bbox 1005 2410 1052 2449; x_wconf 84' lang='lat' dir='ltr'>sit,</span> <span class='ocrx_word' id='word_1_237' title='bbox 1069 2410 1172 2443; x_wconf 87' lang='lat' dir='ltr'>dietae</span> 
     </span>
     <span class='ocr_line' id='line_1_50' title="bbox 435 2462 1173 2506; baseline -0.001 -9"><span class='ocrx_word' id='word_1_238' title='bbox 435 2462 700 2506; x_wconf 64' lang='lat' dir='ltr'>Congregationis</span> <span class='ocrx_word' id='word_1_239' title='bbox 725 2462 938 2503; x_wconf 81' lang='lat' dir='ltr'>Cassinensis,</span> <span class='ocrx_word' id='word_1_240' title='bbox 965 2463 1075 2495; x_wconf 83' lang='lat' dir='ltr'>aliisve</span> <span class='ocrx_word' id='word_1_241' title='bbox 1102 2463 1173 2506; x_wconf 89' lang='lat' dir='ltr'>qui-</span> 
     </span>
     <span class='ocr_line' id='line_1_51' title="bbox 433 2514 1171 2557; baseline -0.003 -7"><span class='ocrx_word' id='word_1_242' title='bbox 433 2518 554 2557; x_wconf 77' lang='lat' dir='ltr'>busvis,</span> <span class='ocrx_word' id='word_1_243' title='bbox 581 2516 677 2549; x_wconf 86' lang='lat' dir='ltr'>etiam</span> <span class='ocrx_word' id='word_1_244' title='bbox 703 2515 898 2554; x_wconf 84' lang='lat' dir='ltr'>iuramento,</span> <span class='ocrx_word' id='word_1_245' title='bbox 925 2514 1171 2548; x_wconf 79' lang='lat' dir='ltr'>confirmatione</span> 
     </span>
     <span class='ocr_line' id='line_1_52' title="bbox 435 2568 1171 2613; baseline 0 -11"><span class='ocrx_word' id='word_1_246' title='bbox 435 2570 627 2613; x_wconf 73' lang='lat' dir='ltr'>apostoliea,</span> <span class='ocrx_word' id='word_1_247' title='bbox 650 2570 699 2601; x_wconf 76' lang='lat' dir='ltr'>vel</span> <span class='ocrx_word' id='word_1_248' title='bbox 727 2569 836 2612; x_wconf 68' lang='lat' dir='ltr'>quavis</span> <span class='ocrx_word' id='word_1_249' title='bbox 863 2568 1013 2600; x_wconf 76' lang='lat' dir='ltr'>firmitate</span> <span class='ocrx_word' id='word_1_250' title='bbox 1039 2568 1100 2600; x_wconf 73' lang='lat' dir='ltr'>alia</span> <span class='ocrx_word' id='word_1_251' title='bbox 1126 2580 1171 2602; x_wconf 90' lang='lat' dir='ltr'>ro-</span> 
     </span>
     <span class='ocr_line' id='line_1_53' title="bbox 435 2621 1172 2665; baseline -0.003 -9"><span class='ocrx_word' id='word_1_252' title='bbox 435 2622 564 2663; x_wconf 76' lang='lat' dir='ltr'>boratis,</span> <span class='ocrx_word' id='word_1_253' title='bbox 585 2622 712 2655; x_wconf 81' lang='lat' dir='ltr'>statutis</span> <span class='ocrx_word' id='word_1_254' title='bbox 738 2628 768 2655; x_wconf 85' lang='lat' dir='ltr'>et</span> <span class='ocrx_word' id='word_1_255' title='bbox 794 2621 1090 2662; x_wconf 64' lang='lat' dir='ltr'>consuetudinibus,</span> <span class='ocrx_word' id='word_1_256' title='bbox 1108 2623 1172 2665; x_wconf 91' lang='lat' dir='ltr'>pri-</span> 
     </span>
    </p>
   </div>
   <div class='ocr_carea' id='block_1_11' title="bbox 1207 239 1359 265">
    <p class='ocr_par' dir='ltr' id='par_1_13' title="bbox 1207 239 1359 265">
     <span class='ocr_line' id='line_1_54' title="bbox 1207 239 1359 265; baseline 0.013 -2"><span class='ocrx_word' id='word_1_257' title='bbox 1207 239 1359 265; x_wconf 61' lang='lat' dir='ltr'>nomam!</span> 
     </span>
    </p>
   </div>
   <div class='ocr_carea' id='block_1_12' title="bbox 1201 287 1949 1436">
    <p class='ocr_par' dir='ltr' id='par_1_14' title="bbox 1201 287 1945 856">
     <span class='ocr_line' id='line_1_55' title="bbox 1201 287 1941 332; baseline -0.001 -11"><span class='ocrx_word' id='word_1_258' title='bbox 1201 288 1326 331; x_wconf 75' lang='lat' dir='ltr'>vilegiis</span> <span class='ocrx_word' id='word_1_259' title='bbox 1351 299 1492 332; x_wconf 89' lang='lat' dir='ltr'>quoque,</span> <span class='ocrx_word' id='word_1_260' title='bbox 1511 289 1646 322; x_wconf 85' lang='lat' dir='ltr'>indultis</span> <span class='ocrx_word' id='word_1_261' title='bbox 1672 293 1704 322; x_wconf 85' lang='lat' dir='ltr'>et</span> <span class='ocrx_word' id='word_1_262' title='bbox 1726 287 1842 322; x_wconf 83' lang='lat' dir='ltr'>litteris</span> <span class='ocrx_word' id='word_1_263' title='bbox 1863 297 1941 331; x_wconf 89' lang='lat' dir='ltr'>apo-</span> 
     </span>
     <span class='ocr_line' id='line_1_56' title="bbox 1201 340 1941 385; baseline 0 -13"><span class='ocrx_word' id='word_1_264' title='bbox 1201 340 1322 373; x_wconf 85' lang='lat' dir='ltr'>stolicis</span> <span class='ocrx_word' id='word_1_265' title='bbox 1363 341 1395 373; x_wconf 94' lang='lat' dir='ltr'>in</span> <span class='ocrx_word' id='word_1_266' title='bbox 1440 342 1640 375; x_wconf 87' lang='lat' dir='ltr'>contrarium</span> <span class='ocrx_word' id='word_1_267' title='bbox 1685 341 1941 385; x_wconf 87' lang='lat' dir='ltr'>praemissorum</span> 
     </span>
     <span class='ocr_line' id='line_1_57' title="bbox 1203 393 1944 435; baseline 0 -10"><span class='ocrx_word' id='word_1_268' title='bbox 1203 393 1451 435; x_wconf 90' lang='lat' dir='ltr'>quomodolibet</span> <span class='ocrx_word' id='word_1_269' title='bbox 1474 395 1649 435; x_wconf 85' lang='lat' dir='ltr'>concessis,</span> <span class='ocrx_word' id='word_1_270' title='bbox 1683 393 1880 428; x_wconf 81' lang='lat' dir='ltr'>confirmatis</span> <span class='ocrx_word' id='word_1_271' title='bbox 1912 398 1944 425; x_wconf 84' lang='lat' dir='ltr'>et</span> 
     </span>
     <span class='ocr_line' id='line_1_58' title="bbox 1203 445 1942 489; baseline 0.001 -12"><span class='ocrx_word' id='word_1_272' title='bbox 1203 445 1381 486; x_wconf 86' lang='lat' dir='ltr'>innovatis;</span> <span class='ocrx_word' id='word_1_273' title='bbox 1408 447 1525 489; x_wconf 87' lang='lat' dir='ltr'>quibus</span> <span class='ocrx_word' id='word_1_274' title='bbox 1549 448 1699 481; x_wconf 86' lang='lat' dir='ltr'>omnibus</span> <span class='ocrx_word' id='word_1_275' title='bbox 1733 453 1766 480; x_wconf 87' lang='lat' dir='ltr'>et</span> <span class='ocrx_word' id='word_1_276' title='bbox 1795 445 1942 488; x_wconf 83' lang='lat' dir='ltr'>singulis,</span> 
     </span>
     <span class='ocr_line' id='line_1_59' title="bbox 1202 497 1940 542; baseline 0.003 -13"><span class='ocrx_word' id='word_1_277' title='bbox 1202 497 1334 530; x_wconf 89' lang='lat' dir='ltr'>illorum</span> <span class='ocrx_word' id='word_1_278' title='bbox 1361 504 1489 531; x_wconf 87' lang='lat' dir='ltr'>tenores</span> <span class='ocrx_word' id='word_1_279' title='bbox 1510 499 1736 542; x_wconf 83' lang='lat' dir='ltr'>praesentibus</span> <span class='ocrx_word' id='word_1_280' title='bbox 1760 509 1818 542; x_wconf 91' lang='lat' dir='ltr'>pro</span> <span class='ocrx_word' id='word_1_281' title='bbox 1844 499 1940 541; x_wconf 82' lang='lat' dir='ltr'>plene</span> 
     </span>
     <span class='ocr_line' id='line_1_60' title="bbox 1203 551 1939 594; baseline 0 -11"><span class='ocrx_word' id='word_1_282' title='bbox 1203 556 1235 583; x_wconf 90' lang='lat' dir='ltr'>et</span> <span class='ocrx_word' id='word_1_283' title='bbox 1253 551 1450 583; x_wconf 81' lang='lat' dir='ltr'>sufficienter</span> <span class='ocrx_word' id='word_1_284' title='bbox 1474 552 1636 594; x_wconf 82' lang='lat' dir='ltr'>expressis</span> <span class='ocrx_word' id='word_1_285' title='bbox 1661 563 1697 584; x_wconf 86' lang='lat' dir='ltr'>ae</span> <span class='ocrx_word' id='word_1_286' title='bbox 1717 552 1756 585; x_wconf 92' lang='lat' dir='ltr'>de</span> <span class='ocrx_word' id='word_1_287' title='bbox 1783 552 1882 584; x_wconf 85' lang='lat' dir='ltr'>verbo</span> <span class='ocrx_word' id='word_1_288' title='bbox 1901 551 1939 583; x_wconf 87' lang='lat' dir='ltr'>ad</span> 
     </span>
     <span class='ocr_line' id='line_1_61' title="bbox 1204 603 1942 643; baseline 0 -8"><span class='ocrx_word' id='word_1_289' title='bbox 1204 603 1335 635; x_wconf 86' lang='lat' dir='ltr'>verbum</span> <span class='ocrx_word' id='word_1_290' title='bbox 1362 603 1494 636; x_wconf 84' lang='lat' dir='ltr'>insertis</span> <span class='ocrx_word' id='word_1_291' title='bbox 1523 604 1692 643; x_wconf 85' lang='lat' dir='ltr'>habentes,</span> <span class='ocrx_word' id='word_1_292' title='bbox 1717 603 1780 636; x_wconf 89' lang='lat' dir='ltr'>illis</span> <span class='ocrx_word' id='word_1_293' title='bbox 1802 604 1880 636; x_wconf 76' lang='lat' dir='ltr'>alias</span> <span class='ocrx_word' id='word_1_294' title='bbox 1908 603 1942 635; x_wconf 91' lang='lat' dir='ltr'>in</span> 
     </span>
     <span class='ocr_line' id='line_1_62' title="bbox 1204 655 1944 699; baseline 0.003 -13"><span class='ocrx_word' id='word_1_295' title='bbox 1204 665 1261 687; x_wconf 89' lang='lat' dir='ltr'>suo</span> <span class='ocrx_word' id='word_1_296' title='bbox 1287 655 1405 688; x_wconf 86' lang='lat' dir='ltr'>robore</span> <span class='ocrx_word' id='word_1_297' title='bbox 1432 655 1659 698; x_wconf 77' lang='lat' dir='ltr'>permansuris,</span> <span class='ocrx_word' id='word_1_298' title='bbox 1686 656 1725 688; x_wconf 84' lang='lat' dir='ltr'>ad</span> <span class='ocrx_word' id='word_1_299' title='bbox 1749 655 1944 699; x_wconf 84' lang='lat' dir='ltr'>praemisso-</span> 
     </span>
     <span class='ocr_line' id='line_1_63' title="bbox 1205 707 1945 751; baseline 0.003 -13"><span class='ocrx_word' id='word_1_300' title='bbox 1205 718 1274 739; x_wconf 86' lang='lat' dir='ltr'>rum</span> <span class='ocrx_word' id='word_1_301' title='bbox 1301 707 1459 747; x_wconf 74' lang='lat' dir='ltr'>etlectuni,</span> <span class='ocrx_word' id='word_1_302' title='bbox 1478 708 1537 740; x_wconf 85' lang='lat' dir='ltr'>hac</span> <span class='ocrx_word' id='word_1_303' title='bbox 1551 708 1618 740; x_wconf 81' lang='lat' dir='ltr'>vice</span> <span class='ocrx_word' id='word_1_304' title='bbox 1636 708 1808 747; x_wconf 78' lang='lat' dir='ltr'>dumtaxat,</span> <span class='ocrx_word' id='word_1_305' title='bbox 1822 708 1945 751; x_wconf 87' lang='lat' dir='ltr'>specia-</span> 
     </span>
     <span class='ocr_line' id='line_1_64' title="bbox 1205 759 1945 803; baseline 0.003 -12"><span class='ocrx_word' id='word_1_306' title='bbox 1205 759 1279 792; x_wconf 82' lang='lat' dir='ltr'>liter</span> <span class='ocrx_word' id='word_1_307' title='bbox 1300 765 1332 792; x_wconf 93' lang='lat' dir='ltr'>et</span> <span class='ocrx_word' id='word_1_308' title='bbox 1353 770 1503 803; x_wconf 81' lang='lat' dir='ltr'>expresse</span> <span class='ocrx_word' id='word_1_309' title='bbox 1530 760 1741 803; x_wconf 77' lang='lat' dir='ltr'>derogamus;</span> <span class='ocrx_word' id='word_1_310' title='bbox 1761 761 1945 803; x_wconf 84' lang='lat' dir='ltr'>ceterisque</span> 
     </span>
     <span class='ocr_line' id='line_1_65' title="bbox 1206 813 1674 856; baseline 0.002 -11"><span class='ocrx_word' id='word_1_311' title='bbox 1206 813 1377 845; x_wconf 81' lang='lat' dir='ltr'>contrariis</span> <span class='ocrx_word' id='word_1_312' title='bbox 1405 813 1674 856; x_wconf 84' lang='lat' dir='ltr'>quibuscumque.</span> 
     </span>
    </p>

    <p class='ocr_par' dir='ltr' id='par_1_15' title="bbox 1206 865 1947 1267">
     <span class='ocr_line' id='line_1_66' title="bbox 1250 865 1943 909; baseline 0.001 -12"><span class='ocrx_word' id='word_1_313' title='bbox 1250 866 1264 909; x_wconf 58' lang='lat' dir='ltr'>g</span> <span class='ocrx_word' id='word_1_314' title='bbox 1289 865 1320 898; x_wconf 79' lang='lat'>5.</span> <span class='ocrx_word' id='word_1_315' title='bbox 1349 866 1500 898; x_wconf 74' lang='lat' dir='ltr'>Volumus</span> <span class='ocrx_word' id='word_1_316' title='bbox 1531 871 1637 899; x_wconf 87' lang='lat' dir='ltr'>autem</span> <span class='ocrx_word' id='word_1_317' title='bbox 1659 871 1694 897; x_wconf 86' lang='lat' dir='ltr'>ut</span> <span class='ocrx_word' id='word_1_318' title='bbox 1721 865 1943 909; x_wconf 86' lang='lat' dir='ltr'>praesentium</span> 
     </span>
     <span class='ocr_line' id='line_1_67' title="bbox 1206 919 1941 963; baseline 0.001 -12"><span class='ocrx_word' id='word_1_319' title='bbox 1206 919 1386 951; x_wconf 87' lang='lat' dir='ltr'>litterarum</span> <span class='ocrx_word' id='word_1_320' title='bbox 1422 919 1648 962; x_wconf 79' lang='lat' dir='ltr'>transumptis,</span> <span class='ocrx_word' id='word_1_321' title='bbox 1682 930 1738 952; x_wconf 83' lang='lat' dir='ltr'>seu</span> <span class='ocrx_word' id='word_1_322' title='bbox 1760 920 1941 963; x_wconf 76' lang='lat' dir='ltr'>exemplis.</span> 
     </span>
     <span class='ocr_line' id='line_1_68' title="bbox 1207 972 1944 1015; baseline -0.001 -10"><span class='ocrx_word' id='word_1_323' title='bbox 1207 972 1303 1005; x_wconf 83' lang='lat' dir='ltr'>etiam</span> <span class='ocrx_word' id='word_1_324' title='bbox 1325 972 1515 1015; x_wconf 79' lang='lat' dir='ltr'>impressis,</span> <span class='ocrx_word' id='word_1_325' title='bbox 1540 982 1636 1004; x_wconf 89' lang='lat' dir='ltr'>manu</span> <span class='ocrx_word' id='word_1_326' title='bbox 1667 972 1800 1005; x_wconf 87' lang='lat' dir='ltr'>alicuius</span> <span class='ocrx_word' id='word_1_327' title='bbox 1824 972 1944 1005; x_wconf 88' lang='lat' dir='ltr'>notarii</span> 
     </span>
     <span class='ocr_line' id='line_1_69' title="bbox 1207 1024 1944 1068; baseline 0.001 -12"><span class='ocrx_word' id='word_1_328' title='bbox 1207 1024 1328 1068; x_wconf 85' lang='lat' dir='ltr'>publici</span> <span class='ocrx_word' id='word_1_329' title='bbox 1358 1025 1567 1068; x_wconf 82' lang='lat' dir='ltr'>subscriptis,</span> <span class='ocrx_word' id='word_1_330' title='bbox 1587 1030 1619 1058; x_wconf 88' lang='lat' dir='ltr'>et</span> <span class='ocrx_word' id='word_1_331' title='bbox 1647 1025 1755 1067; x_wconf 77' lang='lat' dir='ltr'>sigillo</span> <span class='ocrx_word' id='word_1_332' title='bbox 1784 1035 1944 1068; x_wconf 84' lang='lat' dir='ltr'>personae</span> 
     </span>
     <span class='ocr_line' id='line_1_70' title="bbox 1207 1077 1945 1120; baseline 0 -12"><span class='ocrx_word' id='word_1_333' title='bbox 1207 1077 1239 1109; x_wconf 91' lang='lat' dir='ltr'>in</span> <span class='ocrx_word' id='word_1_334' title='bbox 1258 1077 1479 1110; x_wconf 75' lang='lat' dir='ltr'>ecclesiastiea</span> <span class='ocrx_word' id='word_1_335' title='bbox 1493 1077 1650 1120; x_wconf 71' lang='lat' dir='ltr'>dignitate</span> <span class='ocrx_word' id='word_1_336' title='bbox 1665 1077 1860 1110; x_wconf 82' lang='lat' dir='ltr'>constitutae</span> <span class='ocrx_word' id='word_1_337' title='bbox 1874 1087 1945 1109; x_wconf 89' lang='lat' dir='ltr'>mu-</span> 
     </span>
     <span class='ocr_line' id='line_1_71' title="bbox 1208 1129 1947 1172; baseline -0.001 -11"><span class='ocrx_word' id='word_1_338' title='bbox 1208 1129 1291 1169; x_wconf 87' lang='lat' dir='ltr'>nitis,</span> <span class='ocrx_word' id='word_1_339' title='bbox 1311 1129 1422 1162; x_wconf 86' lang='lat' dir='ltr'>eadem</span> <span class='ocrx_word' id='word_1_340' title='bbox 1451 1139 1587 1172; x_wconf 86' lang='lat' dir='ltr'>prorsus</span> <span class='ocrx_word' id='word_1_341' title='bbox 1618 1129 1696 1161; x_wconf 85' lang='lat' dir='ltr'>tides</span> <span class='ocrx_word' id='word_1_342' title='bbox 1725 1129 1758 1162; x_wconf 92' lang='lat' dir='ltr'>in</span> <span class='ocrx_word' id='word_1_343' title='bbox 1778 1129 1896 1162; x_wconf 86' lang='lat' dir='ltr'>iudicio</span> <span class='ocrx_word' id='word_1_344' title='bbox 1915 1135 1947 1162; x_wconf 83' lang='lat' dir='ltr'>et</span> 
     </span>
     <span class='ocr_line' id='line_1_72' title="bbox 1209 1181 1947 1224; baseline 0.003 -11"><span class='ocrx_word' id='word_1_345' title='bbox 1209 1187 1296 1214; x_wconf 83' lang='lat' dir='ltr'>extra</span> <span class='ocrx_word' id='word_1_346' title='bbox 1319 1181 1398 1214; x_wconf 91' lang='lat' dir='ltr'>illud</span> <span class='ocrx_word' id='word_1_347' title='bbox 1428 1182 1594 1222; x_wconf 84' lang='lat' dir='ltr'>habeatur,</span> <span class='ocrx_word' id='word_1_348' title='bbox 1614 1181 1714 1224; x_wconf 71' lang='lat' dir='ltr'>quae*</span> <span class='ocrx_word' id='word_1_349' title='bbox 1737 1181 1947 1215; x_wconf 82' lang='lat' dir='ltr'>adhiberetur</span> 
     </span>
     <span class='ocr_line' id='line_1_73' title="bbox 1209 1234 1820 1267; baseline 0.002 -1"><span class='ocrx_word' id='word_1_350' title='bbox 1209 1235 1234 1266; x_wconf 88' lang='lat' dir='ltr'>si</span> <span class='ocrx_word' id='word_1_351' title='bbox 1261 1235 1369 1267; x_wconf 77' lang='lat' dir='ltr'>forent</span> <span class='ocrx_word' id='word_1_352' title='bbox 1393 1234 1556 1267; x_wconf 85' lang='lat' dir='ltr'>exhibitae</span> <span class='ocrx_word' id='word_1_353' title='bbox 1580 1235 1631 1267; x_wconf 83' lang='lat' dir='ltr'>vel</span> <span class='ocrx_word' id='word_1_354' title='bbox 1657 1239 1820 1267; x_wconf 87' lang='lat' dir='ltr'>ostensae.</span> 
     </span>
    </p>

    <p class='ocr_par' dir='ltr' id='par_1_16' title="bbox 1210 1286 1949 1436">
     <span class='ocr_line' id='line_1_74' title="bbox 1253 1286 1949 1330; baseline -0.001 -11"><span class='ocrx_word' id='word_1_355' title='bbox 1253 1287 1368 1319; x_wconf 91' lang='lat' dir='ltr'>Datum</span> <span class='ocrx_word' id='word_1_356' title='bbox 1394 1287 1530 1327; x_wconf 83' lang='lat' dir='ltr'>Romae,</span> <span class='ocrx_word' id='word_1_357' title='bbox 1559 1287 1645 1330; x_wconf 88' lang='lat' dir='ltr'>apud</span> <span class='ocrx_word' id='word_1_358' title='bbox 1669 1286 1700 1319; x_wconf 84' lang='lat' dir='ltr'>S.</span> <span class='ocrx_word' id='word_1_359' title='bbox 1728 1287 1859 1319; x_wconf 81' lang='lat' dir='ltr'>Mariam</span> <span class='ocrx_word' id='word_1_360' title='bbox 1886 1286 1949 1319; x_wconf 78' lang='lat' dir='ltr'>Ma-</span> 
     </span>
     <span class='ocr_line' id='line_1_75' title="bbox 1210 1339 1948 1380; baseline -0.001 -7"><span class='ocrx_word' id='word_1_361' title='bbox 1210 1341 1334 1379; x_wconf 87' lang='lat' dir='ltr'>iorem,</span> <span class='ocrx_word' id='word_1_362' title='bbox 1367 1341 1426 1373; x_wconf 88' lang='lat' dir='ltr'>sub</span> <span class='ocrx_word' id='word_1_363' title='bbox 1452 1340 1572 1373; x_wconf 88' lang='lat' dir='ltr'>annulo</span> <span class='ocrx_word' id='word_1_364' title='bbox 1606 1339 1788 1380; x_wconf 84' lang='lat' dir='ltr'>Piscatoris‚</span> <span class='ocrx_word' id='word_1_365' title='bbox 1814 1339 1865 1372; x_wconf 90' lang='lat' dir='ltr'>dic</span> <span class='ocrx_word' id='word_1_366' title='bbox 1896 1349 1948 1373; x_wconf 84' lang='lat' dir='ltr'>xiv</span> 
     </span>
     <span class='ocr_line' id='line_1_76' title="bbox 1210 1391 1949 1436; baseline -0.003 -11"><span class='ocrx_word' id='word_1_367' title='bbox 1210 1393 1347 1426; x_wconf 89' lang='lat' dir='ltr'>ianuarii</span> <span class='ocrx_word' id='word_1_368' title='bbox 1387 1402 1556 1433; x_wconf 74' lang='lat' dir='ltr'>MDCLxxV,</span> <span class='ocrx_word' id='word_1_369' title='bbox 1590 1391 1801 1436; x_wconf 70' lang='lat' dir='ltr'>pontificatus</span> <span class='ocrx_word' id='word_1_370' title='bbox 1843 1391 1949 1425; x_wconf 86' lang='lat' dir='ltr'>nostri</span> 
     </span>
    </p>
   </div>
   <div class='ocr_carea' id='block_1_13' title="bbox 1211 1456 1859 1523">
    <p class='ocr_par' dir='ltr' id='par_1_17' title="bbox 1211 1456 1859 1523">
     <span class='ocr_line' id='line_1_77' title="bbox 1211 1456 1352 1479; baseline 0 -1"><span class='ocrx_word' id='word_1_371' title='bbox 1211 1456 1296 1479; x_wconf 71' lang='lat' dir='ltr'>ssllssO</span> <span class='ocrx_word' id='word_1_372' title='bbox 1323 1456 1352 1479; x_wconf 76' lang='lat' dir='ltr'>V.</span> 
     </span>
     <span class='ocr_line' id='line_1_78' title="bbox 1605 1489 1859 1523; baseline 0 -2"><span class='ocrx_word' id='word_1_373' title='bbox 1605 1489 1628 1521; x_wconf 94' lang='lat' dir='ltr'>l.</span> <span class='ocrx_word' id='word_1_374' title='bbox 1656 1489 1692 1521; x_wconf 91' lang='lat' dir='ltr'>G.</span> <span class='ocrx_word' id='word_1_375' title='bbox 1719 1489 1859 1523; x_wconf 80' lang='lat' dir='ltr'>SLusius.</span> 
     </span>
    </p>
   </div>
   <div class='ocr_carea' id='block_1_14' title="bbox 1248 1550 1913 1585">
    <p class='ocr_par' dir='ltr' id='par_1_18' title="bbox 1248 1550 1913 1585">
     <span class='ocr_line' id='line_1_79' title="bbox 1248 1550 1913 1585; baseline 0 -8"><span class='ocrx_word' id='word_1_376' title='bbox 1248 1551 1305 1578; x_wconf 79' lang='lat' dir='ltr'>Dat.</span> <span class='ocrx_word' id='word_1_377' title='bbox 1328 1551 1370 1578; x_wconf 84' lang='lat' dir='ltr'>die</span> <span class='ocrx_word' id='word_1_378' title='bbox 1393 1551 1425 1578; x_wconf 65' lang='lat'>14</span> <span class='ocrx_word' id='word_1_379' title='bbox 1445 1550 1559 1578; x_wconf 85' lang='lat' dir='ltr'>ianuarii</span> <span class='ocrx_word' id='word_1_380' title='bbox 1582 1550 1660 1583; x_wconf 68' lang='lat'>1675,</span> <span class='ocrx_word' id='word_1_381' title='bbox 1682 1550 1779 1585; x_wconf 82' lang='lat' dir='ltr'>pontif.</span> <span class='ocrx_word' id='word_1_382' title='bbox 1801 1558 1873 1576; x_wconf 82' lang='lat' dir='ltr'>anno</span> <span class='ocrx_word' id='word_1_383' title='bbox 1888 1557 1913 1577; x_wconf 84' lang='lat' dir='ltr'>v.</span> 
     </span>
    </p>
   </div>
   <div class='ocr_carea' id='block_1_15' title="bbox 1213 1611 1951 1693">
    <p class='ocr_par' dir='ltr' id='par_1_19' title="bbox 1213 1611 1951 1693">
     <span class='ocr_line' id='line_1_80' title="bbox 1249 1611 1951 1647; baseline -0.001 -8"><span class='ocrx_word' id='word_1_384' title='bbox 1249 1613 1414 1647; x_wconf 69' lang='lat' dir='ltr'>Reyistrata</span> <span class='ocrx_word' id='word_1_385' title='bbox 1428 1613 1460 1640; x_wconf 83' lang='lat' dir='ltr'>in</span> <span class='ocrx_word' id='word_1_386' title='bbox 1468 1613 1583 1644; x_wconf 65' lang='lat' dir='ltr'>Sem-et„</span> <span class='ocrx_word' id='word_1_387' title='bbox 1595 1612 1680 1639; x_wconf 81' lang='lat' dir='ltr'>inlib.</span> <span class='ocrx_word' id='word_1_388' title='bbox 1694 1612 1831 1638; x_wconf 81' lang='lat' dir='ltr'>Brevium</span> <span class='ocrx_word' id='word_1_389' title='bbox 1842 1611 1951 1639; x_wconf 80' lang='lat' dir='ltr'>mensis</span> 
     </span>
     <span class='ocr_line' id='line_1_81' title="bbox 1213 1656 1760 1693; baseline -0.002 -9"><span class='ocrx_word' id='word_1_390' title='bbox 1213 1657 1359 1691; x_wconf 69' lang='lat' dir='ltr'>ianuarii,</span> <span class='ocrx_word' id='word_1_391' title='bbox 1377 1660 1456 1693; x_wconf 78' lang='lat' dir='ltr'>part.</span> <span class='ocrx_word' id='word_1_392' title='bbox 1474 1658 1608 1692; x_wconf 69' lang='lat' dir='ltr'>utraque,</span> <span class='ocrx_word' id='word_1_393' title='bbox 1628 1657 1678 1691; x_wconf 83' lang='lat' dir='ltr'>sol.</span> <span class='ocrx_word' id='word_1_394' title='bbox 1700 1656 1760 1684; x_wconf 68' lang='lat'>143.</span> 
     </span>
    </p>
   </div>
   <div class='ocr_carea' id='block_1_16' title="bbox 1517 1782 1645 1816">
    <p class='ocr_par' dir='ltr' id='par_1_20' title="bbox 1517 1782 1645 1816">
     <span class='ocr_line' id='line_1_82' title="bbox 1517 1782 1645 1816; baseline -0.008 0"><span class='ocrx_word' id='word_1_395' title='bbox 1517 1782 1645 1816; x_wconf 76' lang='lat' dir='ltr'>CLXXI.</span> 
     </span>
    </p>
   </div>
   <div class='ocr_carea' id='block_1_17' title="bbox 1216 1861 1952 2010">
    <p class='ocr_par' dir='ltr' id='par_1_21' title="bbox 1216 1861 1952 2010">
     <span class='ocr_line' id='line_1_83' title="bbox 1216 1861 1951 1905; baseline -0.001 -10"><span class='ocrx_word' id='word_1_396' title='bbox 1216 1862 1419 1905; x_wconf 76' lang='lat' dir='ltr'>Beatisicatio</span> <span class='ocrx_word' id='word_1_397' title='bbox 1442 1862 1528 1894; x_wconf 65' lang='lat' dir='ltr'>servi</span> <span class='ocrx_word' id='word_1_398' title='bbox 1551 1861 1612 1894; x_wconf 77' lang='lat' dir='ltr'>Dei</span> <span class='ocrx_word' id='word_1_399' title='bbox 1636 1861 1770 1894; x_wconf 74' lang='lat' dir='ltr'>Ioannis</span> <span class='ocrx_word' id='word_1_400' title='bbox 1794 1861 1831 1894; x_wconf 72' lang='lat' dir='ltr'>de</span> <span class='ocrx_word' id='word_1_401' title='bbox 1846 1861 1951 1901; x_wconf 81' lang='lat' dir='ltr'>Cruce,</span> 
     </span>
     <span class='ocr_line' id='line_1_84' title="bbox 1255 1914 1952 1958; baseline -0.001 -11"><span class='ocrx_word' id='word_1_402' title='bbox 1255 1915 1361 1958; x_wconf 73' lang='lat' dir='ltr'>primi</span> <span class='ocrx_word' id='word_1_403' title='bbox 1392 1915 1563 1958; x_wconf 72' lang='lat' dir='ltr'>reliqiom&#39;s</span> <span class='ocrx_word' id='word_1_404' title='bbox 1596 1914 1847 1948; x_wconf 74' lang='lat' dir='ltr'>Carmelum-um</span> <span class='ocrx_word' id='word_1_405' title='bbox 1881 1914 1952 1947; x_wconf 66' lang='lat' dir='ltr'>Em-</span> 
     </span>
     <span class='ocr_line' id='line_1_85' title="bbox 1259 1967 1696 2010; baseline -0.002 -10"><span class='ocrx_word' id='word_1_406' title='bbox 1259 1967 1473 2000; x_wconf 78' lang='lat' dir='ltr'>calceazorum</span> <span class='ocrx_word' id='word_1_407' title='bbox 1497 1967 1696 2010; x_wconf 58' lang='lat' dir='ltr'>professori&amp;</span> 
     </span>
    </p>
   </div>
   <div class='ocr_carea' id='block_1_18' title="bbox 1333 2037 1831 2117">
    <p class='ocr_par' dir='ltr' id='par_1_22' title="bbox 1333 2037 1831 2117">
     <span class='ocr_line' id='line_1_86' title="bbox 1441 2037 1725 2071; baseline -0.004 -6"><span class='ocrx_word' id='word_1_408' title='bbox 1441 2038 1574 2065; x_wconf 81' lang='lat' dir='ltr'>Clemens</span> <span class='ocrx_word' id='word_1_409' title='bbox 1594 2038 1673 2071; x_wconf 84' lang='lat' dir='ltr'>Papa</span> <span class='ocrx_word' id='word_1_410' title='bbox 1693 2037 1725 2071; x_wconf 86' lang='lat' dir='ltr'>X,</span> 
     </span>
     <span class='ocr_line' id='line_1_87' title="bbox 1333 2081 1831 2117; baseline -0.006 -6"><span class='ocrx_word' id='word_1_411' title='bbox 1333 2083 1370 2111; x_wconf 81' lang='lat' dir='ltr'>ad</span> <span class='ocrx_word' id='word_1_412' title='bbox 1391 2085 1567 2117; x_wconf 75' lang='lat' dir='ltr'>perpetuam</span> <span class='ocrx_word' id='word_1_413' title='bbox 1585 2081 1630 2108; x_wconf 80' lang='lat' dir='ltr'>rei</span> <span class='ocrx_word' id='word_1_414' title='bbox 1650 2081 1831 2108; x_wconf 83' lang='lat' dir='ltr'>memoriam.</span> 
     </span>
    </p>
   </div>
   <div class='ocr_carea' id='block_1_19' title="bbox 1213 2142 1953 2607">
    <p class='ocr_par' dir='ltr' id='par_1_23' title="bbox 1213 2142 1953 2607">
     <span class='ocr_line' id='line_1_88' title="bbox 1260 2142 1950 2189; baseline -0.004 -11"><span class='ocrx_word' id='word_1_415' title='bbox 1260 2145 1396 2189; x_wconf 86' lang='lat' dir='ltr'>Spiritus</span> <span class='ocrx_word' id='word_1_416' title='bbox 1413 2143 1550 2183; x_wconf 85' lang='lat' dir='ltr'>Domini,</span> <span class='ocrx_word' id='word_1_417' title='bbox 1569 2142 1623 2186; x_wconf 88' lang='lat' dir='ltr'>qui</span> <span class='ocrx_word' id='word_1_418' title='bbox 1641 2143 1893 2186; x_wconf 85' lang='lat' dir='ltr'>triumphantem</span> <span class='ocrx_word' id='word_1_419' title='bbox 1919 2142 1950 2175; x_wconf 92' lang='grc'>111</span> 
     </span>
     <span class='ocr_line' id='line_1_89' title="bbox 1216 2196 1952 2240; baseline -0.004 -8"><span class='ocrx_word' id='word_1_420' title='bbox 1216 2198 1313 2232; x_wconf 87' lang='lat' dir='ltr'>caelis</span> <span class='ocrx_word' id='word_1_421' title='bbox 1337 2196 1514 2230; x_wconf 83' lang='lat' dir='ltr'>Ecclesiam</span> <span class='ocrx_word' id='word_1_422' title='bbox 1541 2207 1578 2229; x_wconf 85' lang='lat' dir='ltr'>ex</span> <span class='ocrx_word' id='word_1_423' title='bbox 1603 2196 1668 2229; x_wconf 86' lang='lat' dir='ltr'>suis</span> <span class='ocrx_word' id='word_1_424' title='bbox 1692 2196 1813 2240; x_wconf 86' lang='lat' dir='ltr'>lapillis</span> <span class='ocrx_word' id='word_1_425' title='bbox 1839 2207 1952 2230; x_wconf 86' lang='lat' dir='ltr'>seeun—</span> 
     </span>
     <span class='ocr_line' id='line_1_90' title="bbox 1216 2249 1950 2294; baseline -0.004 -9"><span class='ocrx_word' id='word_1_426' title='bbox 1216 2252 1290 2285; x_wconf 88' lang='lat' dir='ltr'>dum</span> <span class='ocrx_word' id='word_1_427' title='bbox 1317 2250 1494 2284; x_wconf 75' lang='lat' dir='ltr'>ineffabiles</span> <span class='ocrx_word' id='word_1_428' title='bbox 1527 2249 1703 2293; x_wconf 83' lang='lat' dir='ltr'>sapientiae</span> <span class='ocrx_word' id='word_1_429' title='bbox 1730 2249 1950 2294; x_wconf 84' lang='lat' dir='ltr'>bonitatisque</span> 
     </span>
     <span class='ocr_line' id='line_1_91' title="bbox 1215 2302 1952 2347; baseline -0.001 -9"><span class='ocrx_word' id='word_1_430' title='bbox 1215 2316 1290 2338; x_wconf 85' lang='lat' dir='ltr'>suae</span> <span class='ocrx_word' id='word_1_431' title='bbox 1309 2303 1434 2338; x_wconf 83' lang='lat' dir='ltr'>divitias</span> <span class='ocrx_word' id='word_1_432' title='bbox 1450 2302 1620 2337; x_wconf 77' lang='lat' dir='ltr'>aedificare</span> <span class='ocrx_word' id='word_1_433' title='bbox 1641 2313 1707 2336; x_wconf 91' lang='lat' dir='ltr'>non</span> <span class='ocrx_word' id='word_1_434' title='bbox 1724 2309 1839 2344; x_wconf 84' lang='lat' dir='ltr'>cessat,</span> <span class='ocrx_word' id='word_1_435' title='bbox 1858 2314 1952 2347; x_wconf 90' lang='lat' dir='ltr'>prae-</span> 
     </span>
     <span class='ocr_line' id='line_1_92' title="bbox 1215 2356 1952 2401; baseline -0.003 -10"><span class='ocrx_word' id='word_1_436' title='bbox 1215 2358 1386 2401; x_wconf 89' lang='lat' dir='ltr'>cipuorum</span> <span class='ocrx_word' id='word_1_437' title='bbox 1413 2356 1625 2399; x_wconf 83' lang='lat' dir='ltr'>quorumdam</span> <span class='ocrx_word' id='word_1_438' title='bbox 1657 2366 1824 2389; x_wconf 85' lang='lat' dir='ltr'>servorum</span> <span class='ocrx_word' id='word_1_439' title='bbox 1856 2361 1952 2400; x_wconf 86' lang='lat' dir='ltr'>atque</span> 
     </span>
     <span class='ocr_line' id='line_1_93' title="bbox 1215 2409 1952 2452; baseline -0.001 -8"><span class='ocrx_word' id='word_1_440' title='bbox 1215 2412 1393 2444; x_wconf 86' lang='lat' dir='ltr'>electorum</span> <span class='ocrx_word' id='word_1_441' title='bbox 1418 2419 1560 2449; x_wconf 81' lang='lat' dir='ltr'>suorum,</span> <span class='ocrx_word' id='word_1_442' title='bbox 1579 2420 1668 2452; x_wconf 88' lang='lat' dir='ltr'>quos,</span> <span class='ocrx_word' id='word_1_443' title='bbox 1691 2420 1708 2442; x_wconf 89' lang='lat' dir='ltr'>a</span> <span class='ocrx_word' id='word_1_444' title='bbox 1722 2409 1952 2443; x_wconf 87' lang='lat' dir='ltr'>constitutione</span> 
     </span>
     <span class='ocr_line' id='line_1_94' title="bbox 1215 2462 1950 2506; baseline -0.001 -10"><span class='ocrx_word' id='word_1_445' title='bbox 1215 2464 1326 2497; x_wconf 87' lang='lat' dir='ltr'>mundi</span> <span class='ocrx_word' id='word_1_446' title='bbox 1363 2463 1394 2495; x_wconf 93' lang='lat' dir='ltr'>in</span> <span class='ocrx_word' id='word_1_447' title='bbox 1431 2473 1511 2506; x_wconf 87' lang='lat' dir='ltr'>opus</span> <span class='ocrx_word' id='word_1_448' title='bbox 1545 2473 1638 2495; x_wconf 89' lang='lat' dir='ltr'>suum</span> <span class='ocrx_word' id='word_1_449' title='bbox 1675 2462 1950 2506; x_wconf 77' lang='lat' dir='ltr'>praedestinatos,</span> 
     </span>
     <span class='ocr_line' id='line_1_95' title="bbox 1213 2515 1953 2558; baseline -0.001 -8"><span class='ocrx_word' id='word_1_450' title='bbox 1213 2516 1419 2550; x_wconf 81' lang='lat' dir='ltr'>multiformis</span> <span class='ocrx_word' id='word_1_451' title='bbox 1450 2515 1570 2558; x_wconf 67' lang='lat' dir='ltr'>gratiae</span> <span class='ocrx_word' id='word_1_452' title='bbox 1602 2525 1677 2548; x_wconf 86' lang='lat' dir='ltr'>suae</span> <span class='ocrx_word' id='word_1_453' title='bbox 1705 2515 1953 2549; x_wconf 83' lang='lat' dir='ltr'>charismatibus</span> 
     </span>
     <span class='ocr_line' id='line_1_96' title="bbox 1214 2567 1952 2607; baseline -0.001 -6"><span class='ocrx_word' id='word_1_454' title='bbox 1214 2569 1362 2603; x_wconf 89' lang='lat' dir='ltr'>iustruxit</span> <span class='ocrx_word' id='word_1_455' title='bbox 1386 2574 1417 2601; x_wconf 90' lang='lat' dir='ltr'>ct</span> <span class='ocrx_word' id='word_1_456' title='bbox 1442 2568 1614 2607; x_wconf 77' lang='lat' dir='ltr'>exornavit,</span> <span class='ocrx_word' id='word_1_457' title='bbox 1633 2568 1835 2601; x_wconf 82' lang='lat' dir='ltr'>sanctitatem</span> <span class='ocrx_word' id='word_1_458' title='bbox 1853 2567 1952 2601; x_wconf 89' lang='lat' dir='ltr'>inter-</span> 
     </span>
    </p>
   </div>
   <div class='ocr_carea' id='block_1_20' title="bbox 1254 2629 1914 2664">
    <p class='ocr_par' dir='ltr' id='par_1_24' title="bbox 1254 2629 1914 2664">
     <span class='ocr_line' id='line_1_97' title="bbox 1254 2629 1914 2664; baseline -0.003 -6"><span class='ocrx_word' id='word_1_459' title='bbox 1254 2633 1261 2658; x_wconf 94' lang='lat' dir='ltr'>l</span> <span class='ocrx_word' id='word_1_460' title='bbox 1287 2630 1386 2658; x_wconf 79' lang='lat' dir='ltr'>Desunt</span> <span class='ocrx_word' id='word_1_461' title='bbox 1410 2629 1490 2656; x_wconf 75' lang='lat' dir='ltr'>xcrbu</span> <span class='ocrx_word' id='word_1_462' title='bbox 1523 2629 1592 2664; x_wconf 74' lang='lat' dir='ltr'>ipsis</span> <span class='ocrx_word' id='word_1_463' title='bbox 1605 2629 1802 2664; x_wconf 69' lang='lat' dir='ltr'>praesentibus</span> <span class='ocrx_word' id='word_1_464' title='bbox 1818 2630 1914 2663; x_wconf 62' lang='grc' dir='ltr'><strong>111.Τ.).</strong></span> 
     </span>
    </p>
   </div>
   <div class='ocr_carea' id='block_1_21' title="bbox 1945 237 2132 267">
    <p class='ocr_par' dir='ltr' id='par_1_25' title="bbox 1945 237 2132 267">
     <span class='ocr_line' id='line_1_98' title="bbox 1945 237 2132 267; baseline 0.011 -3"><span class='ocrx_word' id='word_1_465' title='bbox 1945 237 1995 265; x_wconf 82' lang='grc' dir='ltr'>Αη.</span> <span class='ocrx_word' id='word_1_466' title='bbox 2014 237 2046 266; x_wconf 84' lang='lat' dir='ltr'>C.</span> <span class='ocrx_word' id='word_1_467' title='bbox 2064 238 2132 267; x_wconf 71' lang='lat'>1675</span> 
     </span>
    </p>
   </div>
   <div class='ocr_carea' id='block_1_22' title="bbox 1956 877 2142 925">
    <p class='ocr_par' dir='ltr' id='par_1_26' title="bbox 1956 877 2142 925">
     <span class='ocr_line' id='line_1_99' title="bbox 1991 877 2142 903; baseline 0.007 -6"><span class='ocrx_word' id='word_1_468' title='bbox 1991 877 2142 903; x_wconf 65' lang='lat' dir='ltr'>Trans-ummo·</span> 
     </span>
     <span class='ocr_line' id='line_1_100' title="bbox 1956 905 2076 925; baseline 0 -1"><span class='ocrx_word' id='word_1_469' title='bbox 1956 911 2000 925; x_wconf 81' lang='lat' dir='ltr'>rum</span> <span class='ocrx_word' id='word_1_470' title='bbox 2016 905 2076 924; x_wconf 67' lang='lat' dir='ltr'>titios.</span> 
     </span>
    </p>
   </div>
   <div class='ocr_carea' id='block_1_23' title="bbox 1990 2158 2111 2180">
    <p class='ocr_par' dir='ltr' id='par_1_27' title="bbox 1990 2158 2111 2180">
     <span class='ocr_line' id='line_1_101' title="bbox 1990 2158 2111 2180; baseline 0.008 -1"><span class='ocrx_word' id='word_1_471' title='bbox 1990 2158 2111 2180; x_wconf 66' lang='lat' dir='ltr'>Exordium.</span> 
     </span>
    </p>
   </div>
  </div>
 </body>
</html>
