2279 3260
201 241 252 267 An.
271 240 299 266 C.
319 239 379 265 167¹

241 1408 311 1428 smus
321 1405 346 1426 IV
360 1411 396 1425 nn-

214 1439 292 1454 merum
314 1432 395 1452 auduo-

215 1467 257 1480 rurn
274 1462 294 1478 at
304 1459 395 1478 loc-aten—

214 1487 292 1507 entium
308 1485 397 1506 rodunt.

429 230 492 262 ⁶21³AE

395 287 454 319 mis
473 286 646 329 propensis
665 289 696 317 et,
717 282 888 316 indefessis
906 281 1020 313 studiis
1040 289 1130 311 cura-

395 349 431 371 re
456 344 488 371 et
513 337 707 380 excogitare,
723 342 758 368 ut
776 335 928 367 nimirum
951 332 1015 364 suis
1034 331 1129 363 etiam

397 391 510 424 suturis
537 389 758 433 temporibus¹
788 398 853 420 non
879 387 983 418 solum
1009 384 1131 415 incom-

397 445 502 477 modis
534 443 691 486 publicis,
720 442 775 473 sed
805 440 902 472 etiam
936 435 1131 479 litigantium

398 496 547 539 expensis
567 507 601 528 ac
620 492 906 536 defatigationibus
923 491 955 522 in
978 493 1132 532 quantum

398 550 467 582 sieri
485 554 604 592 potest,
618 548 805 580 consulatur
819 550 849 576 et.
863 543 1016 581 obvietur,
1031 546 1063 574 et
1080 541 1134 573 illa

399 602 575 640 interdum,
595 611 677 643 quac
696 610 712 631 a
732 595 1038 641 praedecessoribus
1058 593 1133 633 suis,

401 661 583 697 temporum
601 659 631 685 et
649 662 755 684 rerum
772 650 922 693 qualitate
941 648 972 681 id
991 653 1066 680 tune
1084 657 1137 679 ex-

401 713 565 751 poscente,
591 705 725 749 provide
751 714 809 746 pro
835 702 985 734 Gamerae
1008 705 1136 733 nostrae

403 759 608 802 Apostolieae
628 757 758 795 iurium,
780 754 966 788 reddituum
989 758 1020 786 et
1037 753 1139 784 bono-

403 823 472 845 rum
490 816 578 843 recto
604 815 635 843 ct
653 810 743 841 firmo
762 807 931 850 regimine,
950 811 982 839 et
998 806 1138 838 nonnul-

403 867 506 898 lorum
532 863 623 896 Sedis
649 860 854 904 Apostolicae
880 858 1063 891 officialium
1092 857 1140 889 in-

403 916 591 953 demnitate,
612 920 641 947 et
660 913 772 946 maiori
790 922 1004 956 personarum
1022 911 1060 943 ad
1078 910 1140 943 Ro-

404 981 529 1003 manam
551 968 679 1002 Curiam
705 977 764 1010 pro
794 965 916 998 iustitia
939 974 1140 1007 consequen-

404 1025 443 1057 da
461 1022 694 1056 confluentium
712 1019 933 1054 sublevamine
956 1023 986 1051 et
1003 1027 1142 1050 commo-

405 1077 504 1110 ditate
530 1074 651 1108 sancita
675 1078 758 1112 sunt,
785 1072 874 1105 novis
900 1070 1141 1113 emergentibus

404 1129 593 1167 rationibus,
610 1137 762 1160 revocare
777 1130 808 1158 et
822 1125 999 1163 immutare,
1015 1123 1142 1165 aliaque

406 1183 550 1224 desuper
567 1180 740 1223 disponere
760 1183 791 1210 et
805 1177 955 1210 ordinare
969 1174 1142 1214 consuevit,

405 1239 515 1278 prout„
542 1243 648 1265 rerum
674 1237 707 1264 et
731 1236 913 1273 temporum
936 1227 1142 1271 qualitatibus

407 1287 515 1320 debite
542 1285 695 1330 pensatis,
714 1283 873 1326 conspicit
894 1282 925 1314 in
944 1280 1080 1313 Domino
1101 1290 1144 1311 sa-

407 1340 543 1373 lubriter
567 1337 733 1381 expedire.

451 1392 465 1433 ξ
491 1391 521 1423 ’1.
540 1391 664 1423 Dudum
689 1388 849 1431 siquidem
876 1386 977 1419 felicis
993 1385 1145 1418 recorda-

408 1444 505 1477 tionis
523 1443 626 1476 Sixtns
644 1442 701 1473 Pr.
723 1440 758 1472 IV
776 1439 1010 1483 praedecessor
1035 1443 1146 1470 noster

408 1498 603 1540 (postquam
633 1504 690 1537 per
719 1493 875 1536 quasdam
894 1502 967 1524 suas
986 1491 1109 1524 litteras
1122 1489 1144 1527 ⁹,

409 1554 496 1582 motu
510 1547 652 1592 proprio,
668 1551 748 1578 etex
765 1547 851 1577 certa
865 1543 1008 1582 scientia,
1023 1547 1147 1585 aposto-

410 1601 470 1635 lica
495 1600 687 1633 auctoritate
713 1602 869 1631 statuerat
890 1602 920 1629 et
944 1596 1150 1629 ordinaverat

411 1654 497 1698 quod
530 1653 613 1686 sacri
647 1651 756 1695 palatii
785 1649 953 1693 apostolici
978 1658 1148 1681 causarum

412 1707 595 1740 auditorum
621 1710 654 1737 et
678 1714 791 1737 eorum
815 1702 1068 1736 loeatenentium
1093 1711 1151 1733 nu-

413 1771 533 1799 merus,
561 1759 613 1802 qui
639 1763 715 1790 tunc
740 1755 1034 1799 quatuordenarius
1060 1758 1149 1792 erat,

414 1824 451 1846 ex
478 1819 551 1845 tunc
578 1811 733 1853 deinceps
753 1808 969 1842 duodenarius
988 1807 1151 1846 existeret,

414 1866 577 1909 quodque,
598 1864 623 1896 si
657 1863 710 1906 qui
729 1873 830 1905 supra
855 1861 975 1894 dietum
1000 1864 1152 1892 statutum

414 1927 582 1950 numerum
599 1916 838 1949 nominatorum
859 1914 1042 1946 auditorum
1059 1918 1090 1945 et
1107 1913 1154 1945 lo-

415 1969 634 2003 catenentium
665 1969 743 2000 tales
762 1978 832 2000 esse
858 1966 1059 2005 desinerent,
1081 1965 1092 1981 ⁸
1116 1966 1153 1998 it-

416 2023 521 2055 lorum
540 2022 645 2054 officia
666 2021 697 2053 in
716 2031 750 2052 se
768 2020 845 2063 ipsis
864 2019 1001 2052 extincta
1023 2019 1152 2062 penitus

416 2080 530 2108 essent
554 2079 584 2107 et
610 2085 680 2106 esse
706 2078 929 2113 censerentur,
946 2072 1077 2115 illisque
1103 2082 1154 2114 ag·
1174 2079 1176 2095 Ι

417 2127 558 2171 gregari,
592 2132 623 2159 et
653 2127 738 2158 ultra
770 2126 889 2158 dictum
918 2125 1154 2158 duodenarium

417 2190 591 2214 nnmerum
610 2182 641 2211 in
661 2179 837 2211 auditorem
853 2180 902 2211 vel
919 2180 1155 2211 locatenentem

417 2233 543 2266 admitti
562 2243 657 2265 nemo
671 2236 787 2274 posset,
806 2236 903 2274 prout
918 2230 1059 2263 in'dictis
1075 2230 1154 2262 litte-
1175 2242 1176 2254 t

418 2287 462 2320 ris
481 2286 609 2329 plenius
623 2285 878 2326 continebatur),
898 2283 1068 2316 attendens
1091 2293 1154 2316 non

418 2340 525 2373 miuus
559 2343 643 2371 recte
670 2349 767 2381 quam
799 2337 977 2380 prudenter
1000 2336 1084 2379 quod
1110 2335 1153 2375 si,

456 2439 465 2462 1
490 2437 587 2462 Vocem
607 2435 683 2470 quod
702 2434 871 2460 interiectam
892 2433 1012 2459 delemus
1031 2433 1059 2466 (R
1087 2433 1135 2465 τ.).

454 2481 469 2506 2
490 2480 647 2507 Huiusmodi
677 2479 781 2504 litterae
810 2479 934 2512 leguntur
954 2478 980 2503 in
1001 2477 1153 2509 Ratiaria,

420 2529 484 2553 tom.
506 2533 541 2557 v,
564 2533 623 2559 pag.
645 2524 694 2550 ⁹207
717 2528 753 2558 (R.
771 2525 819 2556 T.).
906 2555 914 2561 .

455 2570 471 2597 3
490 2568 710 2596 Coniunctionem
736 2570 762 2593 et
789 2566 956 2593 interiectam
983 2565 1105 2592 delemus
1125 2574 1155 2593 ex

421 2615 479 2651 loco
499 2612 606 2653 parall„
626 2615 689 2638 tom.
710 2617 752 2644 vt,
773 2618 832 2646 pag.
854 2610 906 2636 υ205
926 2610 941 2636 b
961 2611 997 2644 (u.
1014 2610 1061 2642 τ.).

978 230 1156 257 anLtmt'M
1180 230 1330 254 ROMKNI'M

1172 279 1442 320 quemadmodum
1470 278 1653 311 auditorum
1671 282 1703 310 et
1720 276 1906 310 locatenen-

1174 332 1252 363 tium
1266 331 1451 363 eorumdem
1471 341 1623 363 numerus
1638 335 1704 363 erat
1719 328 1856 373 proinde
1873 327 1906 361 li-

1174 384 1324 423 mitatus,
1356 383 1398 415 ita
1422 384 1539 416 notarii
1567 393 1734 416 causarum
1761 381 1904 414 eiusdem

1176 435 1285 478 palatii
1311 446 1419 467 coram
1446 435 1569 468 eisdem
1595 434 1797 468 auditoribus
1811 437 1843 465 et
1860 433 1906 465 lo-

1176 487 1400 520 catenentibus
1427 488 1608 520 scribentes
1639 493 1728 520 certo
1754 485 1907 519 determi-

1178 545 1252 572 nato
1266 550 1400 572 numero
1418 540 1607 572 eorumdem
1624 539 1805 572 auditorum
1818 544 1850 572 et
1866 539 1909 570 lo-

1178 593 1396 625 catenentium
1414 603 1549 625 numero
1568 593 1844 635 correspondente
1861 590 1910 623 in-

1179 646 1408 686 cltulerentur‚
1436 645 1563 688 ipsique
1589 644 1764 687 collegium
1789 643 1910 677 eonsti-

1181 703 1317 738 tuerent,
1334 703 1365 731 et
1378 697 1582 740 Apostolicae
1595 697 1685 729 Sedis
1699 696 1851 729 officiales
1863 706 1912 729 es-

1181 756 1262 791 sent,
1281 761 1316 783 ac
1333 751 1364 782 in
1388 749 1655 793 processionibus
1672 754 1704 782 et
1719 748 1788 781 aliis
1805 749 1912 792 publi-

1181 805 1227 837 cis
1252 804 1389 844 actibus,
1417 803 1467 840 ad,
1482 813 1560 846 quas
1585 802 1637 834 alii
1664 801 1807 834 eiusdem
1824 800 1914 833 Sedis

1182 857 1335 890 officiales
1361 855 1532 889 convocari
1554 858 1808 893 consueverunt,
1834 853 1916 886 inte-

1182 916 1321 949 ressent,
1344 919 1520 952 eorumque
1546 908 1650 941 officia
1674 912 1831 950 perpetua
1851 906 1917 939 exi-

1184 968 1315 1003 sterent,
1331 968 1360 995 et
1379 974 1415 995 cx
1435 967 1481 994 tot
1498 962 1675 1005 proborum
1691 965 1722 993 et
1740 959 1916 1002 peritorum

1185 1016 1327 1049 virorum
1354 1015 1494 1057 collegio
1515 1014 1608 1047 Curia
1632 1012 1795 1056 praedicta
1821 1011 1918 1055 pluri-

1184 1080 1269 1102 mum
1288 1069 1516 1107 illustraretur,
1534 1067 1662 1110 ipsique
1679 1066 1794 1099 notarii
1812 1075 1919 1108 quam-

1186 1123 1257 1155 dam
1276 1122 1410 1155 honoris
1428 1126 1460 1153 et
1477 1120 1643 1164 dignitatis
1660 1118 1918 1163 praerogativam

1186 1187 1220 1208 se
1238 1180 1401 1208 assecutos
1415 1175 1482 1207 sore
1501 1174 1689 1215 gauderent,
1706 1172 1920 1214 mitioresque

1187 1230 1220 1261 in
1237 1227 1405 1270 exigendis
1421 1227 1537 1259 debitis
1557 1236 1669 1258 eorum
1694 1225 1819 1258 salariis
1834 1235 1867 1257 se
1884 1224 1922 1256 li-

1187 1281 1363 1324 tigantibus
1384 1280 1538 1313 exhibere
1556 1280 1702 1311 valerent
1719 1278 1817 1320 (quod
1835 1282 1923 1309 eate-

1188 1345 1248 1366 nus
1265 1334 1388 1376 absque
1407 1343 1518 1365 eorum
1541 1331 1747 1369 detrimento,
1768 1335 1800 1363 et
1816 1327 1921 1372 quod'

1189 1387 1294 1420 officia
1310 1387 1454 1430 ipsorum
1471 1384 1595 1427 magnis
1614 1395 1686 1416 eum
1705 1382 1857 1426 impensis
1873 1393 1924 1414 ac-

1189 1439 1307 1482 quisita
1321 1436 1534 1481 temporibus²
1548 1442 1579 1469 et
1592 1436 1681 1469 brevi
1696 1437 1835 1479 quodam
1851 1440 1925 1467 tem—

1190 1504 1268 1537 pore
1294 1492 1436 1536 peritura
1461 1495 1568 1531 erant,
1595 1490 1699 1522 faeere
1726 1500 1788 1522 non
1813 1493 1926 1532 potue-

1190 1547 1288 1590 rant),
1317 1552 1348 1579 et
1368 1545 1483 1579 exinde
1509 1545 1672 1587 litigantes
1697 1543 1756 1586 ipsi
1774 1553 1841 1575 non
1858 1552 1927 1574 mo-

1193 1601 1299 1633 dicum
1320 1603 1527 1642 reportarent
1552 1606 1766 1640 expensarum
1783 1595 1927 1628 subleva-

1193 1665 1285 1687 men:
1311 1658 1399 1686 motu
1416 1662 1473 1684 suo
1492 1651 1636 1694 proprio,
1659 1660 1695 1682 ae
1713 1647 1927 1691 irrefragabili

1194 1713 1225 1740 et
1241 1712 1399 1750 perpetuo
1417 1705 1553 1737 valitura
1570 1701 1802 1735 constitutione
1824 1700 1929 1733 sanci-

1194 1761 1248 1799 vit,
1266 1759 1375 1792 statuit
1399 1764 1430 1791 et
1447 1756 1616 1795 ordinavit,
1644 1755 1732 1798 quod
1757 1754 1796 1787 de
1817 1758 1928 1786 cetero

1195 1813 1359 1856 perpetuis
1374 1811 1487 1843 suturis
1505 1809 1704 1852 temporibus
1721 1817 1874 1840 numerus
1887 1805 1929 1839 di-

1196 1872 1321 1899 ctorum
1356 1864 1555 1897 notariorum
1593 1866 1680 1894 esset
1714 1859 1930 1903 quadraginta

1195 1923 1279 1958 octo,
1306 1926 1442 1949 numero
1460 1914 1609 1947 videlicet
1629 1913 1789 1946 dictorum
1807 1911 1930 1944 audito-

1196 1982 1265 2003 rum
1284 1975 1315 2003 et
1331 1968 1581 2003 locatenentium
1598 1966 1714 1999 merito
1734 1975 1930 2007 correspon-

1197 2025 1289 2064 dens,
1311 2023 1374 2066 qui,
1393 2022 1432 2055 ad
1454 2022 1557 2054 instar
1577 2020 1715 2053 aliorum
1731 2018 1822 2051 Sedis
1839 2028 1931 2060 prae-

1197 2078 1300 2111 dictae
1325 2075 1522 2115 officialium,
1549 2073 1723 2115 collegium
1758 2071 1932 2104 constitue-

1199 2135 1284 2171 rent,
1303 2129 1464 2172 quodque,
1483 2138 1522 2160 ne
1540 2126 1598 2166 illi,
1617 2126 1669 2169 qui
1689 2126 1727 2158 de
1747 2124 1860 2157 officiis
1878 2134 1932 2156 no-

1198 2182 1353 2215 tariorum
1380 2180 1568 2213 eorumdem
1594 2178 1768 2220 disponere
1797 2181 1931 2209 eatenus

1198 2238 1446 2273 consueverant,
1465 2232 1595 2265 illorum
1612 2229 1828 2273 dispositione
1848 2229 1933 2261 frau-

1175 2297 1177 2314 t
1198 2288 1370 2326 darentur,
1397 2290 1450 2318 aut
1474 2285 1513 2317 ad
1538 2294 1619 2327 quos
1645 2284 1789 2326 ipsorum
1814 2281 1935 2314 officio-

1199 2351 1270 2373 rum
1284 2339 1450 2382 dispositio
1468 2337 1633 2381 pertinere
1648 2336 1785 2368 debebat
1801 2334 1934 2367 dubium

1198 2393 1326 2436 aliquod
1345 2392 1511 2434 insurgere
1528 2391 1659 2429 valeret,
1679 2388 1726 2421 et³
1743 2389 1775 2420 iu
1793 2388 1934 2420 futurum

1232 2476 1245 2500 1
1268 2473 1364 2508 Aptius
1384 2472 1501 2505 legerem
1521 2478 1551 2496 eo
1572 2470 1647 2504 quod
1668 2470 1693 2503 (R
1721 2470 1770 2501 τ.).

1234 2519 1250 2544 2
1271 2518 1361 2544 Lectio
1382 2516 1515 2543 defectiva
1536 2514 1641 2541 videtur
1659 2517 1696 2547 (n.
1713 2515 1764 2548 τ.).

1234 2563 1250 2590 3
1270 2562 1408 2589 Coniunct.
1426 2565 1452 2589 ει
1468 2565 1541 2587 certo
1557 2560 1656 2587 certius
1680 2558 1743 2585 mihi
1764 2557 1868 2585 videtur
1888 2557 1937 2584 de-

1200 2608 1279 2636 lenda
1298 2607 1337 2642 (a.
1358 2607 1407 2643 Ti).

1916 225 1966 252 An.
1983 224 2010 249 C.
2031 224 2093 252 ¹67¹
