2279 3260
143 239 194 265 An.
208 237 238 265 C.
261 237 329 266 ¹676

170 1037 266 1057 formula
294 1036 326 1056 iu-

144 1064 232 1083 rann-uti
247 1062 326 1088 eligen-

144 1091 202 1110 llum.

171 1928 220 1949 llum
235 1930 328 1950 neci-ota·

144 1955 170 1976 rlt
185 1955 280 1981 capituli.

963 243 1104 267 CLEMENS
1127 243 1145 266 X
1169 243 1217 267 1³1³.

380 299 448 324 vui.
476 290 655 333 Rogatione
690 290 787 330 finita,
814 292 970 324 electores
995 301 1068 323 om-

336 352 394 376 nes
410 347 484 376 ante
501 343 717 386 supradictam
731 343 904 386 imaginem
922 342 1068 376 Crucifixi

337 395 455 428 saciant
480 395 707 435 iuramentum,
729 406 794 439 quo
815 406 847 429 se
866 396 1011 438 obligent
1031 395 1069 427 ad

337 448 523 491 eligendum
549 449 714 491 digniores
739 454 771 482 et
796 449 938 492 aptiores
964 458 1071 491 respe-

337 507 388 534 ctu
398 501 587 542 officiorum,
600 512 681 545 quae
692 508 929 545 proponuntur,
945 507 975 535 et
985 501 1070 545 quod

336 565 415 598 prae
440 555 542 588 oculis
567 555 734 588 habebunt
765 556 797 588 in
823 555 974 587 omnibus
1007 555 1071 587 elc-

337 606 496 640 ctionibus
520 607 675 640 maiorem
700 607 754 640 Dei
780 607 913 649 gloriam
945 612 976 639 et
999 616 1072 649 pro-

338 669 483 702 gressum
500 659 666 702 religionis
681 660 767 692 iuxta
785 665 930 693 tenorem
944 664 1072 691 nostrae

336 713 478 755 regulae.
506 712 592 745 ldem
619 723 747 756 quoquc
779 712 997 745 iuramentum
1029 711 1073 743 sa-

337 765 423 798 cient
447 767 606 799 electores
631 766 793 798 sociorum
827 770 859 798 et
883 764 1071 798 definitores

336 818 369 851 in
394 817 587 857 definitorio,
614 818 664 850 vel
688 818 721 849 in
746 818 890 860 qualibet
913 817 974 849 alia
998 826 1073 848 con-

337 872 535 914 gregatione,
561 871 692 914 quando
718 870 867 902 facienda
884 875 934 902 est
957 869 1071 901 electio

337 923 471 957 alicuius
490 923 624 966 praelati
645 924 694 956 vel
711 922 804 955 socii.
817 922 968 954 Formula
992 922 1071 954 iura-

338 977 439 1009 menti
465 976 536 1009 talis
561 981 628 1009 est:

386 1041 398 1059 α
424 1029 489 1071 Ego
513 1029 612 1061 frater
636 1027 671 1059 Ν.
701 1028 739 1060 de
764 1027 800 1059 N.
827 1027 896 1059 iuro
941 1032 973 1060 et
997 1037 1072 1069 pro-

334 1082 427 1114 mitto
451 1081 516 1113 Deo
548 1080 781 1123 Omnipotenti,
816 1080 930 1112 Beatae
955 1080 1071 1112 Mariae

336 1143 464 1176 semper
488 1131 618 1175 Virgini,
645 1138 676 1164 et
700 1132 802 1165 beatis
828 1132 973 1176 patribus
998 1142 1072 1164 nos-

336 1185 393 1218 tris
409 1184 521 1218 loanni
548 1190 580 1217 et
594 1184 702 1225 Felici,
720 1195 770 1217 me
788 1186 965 1218 electurum
984 1184 1070 1224 illos,

336 1248 418 1282 quos
443 1238 530 1270 iuxta
553 1248 658 1270 meam
683 1237 915 1270 conscientiam
945 1237 1072 1269 credam

338 1290 505 1333 digniores
538 1296 570 1322 et
594 1290 735 1333 aptiores
768 1290 890 1322 futuros
921 1300 992 1322 esse
1017 1289 1073 1322 Or-

337 1343 404 1376 dini
430 1348 552 1383 nostro,
577 1343 645 1375 eius
678 1342 851 1385 provinciis
878 1347 910 1375 et
934 1352 1074 1374 conven-

337 1396 437 1436 tibus,
454 1400 518 1428 tam
533 1395 636 1438 quoad
656 1395 837 1437 spiritualia
852 1405 947 1438 quam
966 1395 1073 1437 quoad

338 1448 531 1491 temporalia
553 1460 583 1480 7».

382 1511 423 1534 ix.
457 1500 552 1533 Facto
587 1501 777 1540 iuramento,
805 1501 1000 1544 capitulares
1024 1511 1074 1534 se-

339 1554 454 1587 dentes
480 1553 602 1595 eligant
625 1564 686 1596 per
710 1559 834 1586 secreta
858 1553 1008 1596 sum-agia
1025 1564 1074 1586 se-

339 1606 511 1639 cretarium
545 1605 677 1648 capituli
711 1606 751 1638 de
777 1606 845 1639 eius
870 1616 1018 1649 corpore,
1043 1611 1075 1639 et

340 1670 399 1702 per
422 1658 577 1692 maiorem
611 1658 836 1700 suffragiorum
861 1664 986 1702 partem
1011 1660 1074 1692 ele-

339 1717 409 1744 ctus
433 1711 701 1754 pronunciabitur
718 1722 735 1744 a
754 1711 904 1754 praeside
929 1712 1073 1755 capituli,

339 1765 373 1797 in
396 1764 487 1797 cuius
510 1774 624 1796 manus
650 1764 841 1796 secretarius
874 1766 995 1797 electus
1031 1765 1075 1797 sa-

339 1817 402 1850 ciet
431 1817 649 1849 iuramentum
674 1816 837 1848 fidelitatis
863 1822 894 1849 et
925 1817 1073 1850 servandi

339 1874 498 1902 secretum
519 1868 667 1912 sequenti
685 1869 799 1901 forma:

388 1934 401 1953 α
427 1922 493 1964 Ego
512 1921 612 1954 frater
629 1920 664 1953 N.
686 1921 757 1954 iuro
787 1926 819 1954 et
835 1922 989 1964 promitto
1007 1923 1072 1955 Deo

337 1973 568 2017 Omnipotenti,
586 1973 702 2006 Beatae
722 1973 839 2007 Mariae
860 1984 988 2017 semper
1005 1975 1073 2006 Yir-

339 2026 414 2069 gini,
440 2036 476 2058 ac
500 2025 603 2058 beatis
634 2025 779 2068 patribus
815 2026 932 2059 nostris
964 2027 1073 2060 loanni

339 2084 371 2112 et
394 2078 503 2120 Felici,
522 2089 574 2111 me
599 2078 633 2111 in
658 2078 807 2111 omnibus
832 2080 871 2111 ad
897 2090 1004 2113 meum
1027 2081 1073 2113 ot‘-

338 2131 446 2165 ficium
470 2132 692 2175 spectantibus
714 2131 901 2165 fidelitatem
920 2138 952 2165 et
968 2144 1074 2166 secre-

340 2191 406 2218 tum
422 2192 619 2218 servaturum
636 2198 666 2217 n.

383 2248 412 2271 x.
439 2237 610 2271 Confestim
635 2238 811 2282 capitulum
836 2240 935 2282 eligat
951 2251 1010 2283 per
1027 2251 1074 2273 se-

340 2295 426 2324 creta
450 2289 600 2333 suffragia
624 2295 688 2324 tres
713 2291 904 2334 capitulares
928 2292 962 2324 in
987 2304 1074 2325 scru-

341 2348 459 2376 tatores
483 2344 523 2376 ad
548 2344 761 2386 regulandum
786 2344 937 2387 suffragia
960 2345 992 2377 in
1014 2347 1073 2378 ele-

340 2395 515 2429 ctionibus.
541 2395 596 2428 Isti
627 2401 734 2437 autem
768 2397 812 2440 (si
848 2397 935 2430 aliud
971 2398 1072 2430 visum

339 2459 407 2482 non
439 2448 537 2481 suerit
569 2449 721 2491 capitulo,
756 2451 842 2493 quod
865 2461 924 2493 per
947 2456 1073 2484 secreta

340 2499 493 2543 suffragia
528 2501 777 2545 determinabit)
813 2513 944 2546 semper
978 2510 1074 2537 erunt

340 2564 471 2598 praeses
495 2554 635 2597 capituli,
662 2560 694 2587 et
718 2556 780 2589 duo
813 2556 998 2590 definitores
1015 2558 1073 2590 im-

339 2607 481 2641 mediate
516 2607 664 2641 sedentes
699 2608 739 2641 ad
774 2608 938 2643 dexteram
973 2614 1006 2644 et
1033 2611 1072 2644 ad

1112 290 1273 323 sinistram
1300 290 1401 331 illius;
1425 291 1626 333 quiquidem
1652 297 1846 325 scrutatores

1112 343 1218 376 statim
1243 343 1361 376 saciant
1385 352 1491 375 coram
1525 343 1664 386 capitulo
1689 344 1848 377 iuramen-

1090 396 1092 419 ἲ
1113 401 1177 428 tum
1195 396 1357 430 fidelitatis
1375 401 1406 429 ct
1423 396 1538 429 secreti
1558 396 1707 439 sequenti
1730 397 1843 429 forma:

1162 462 1174 480 <t
1200 450 1266 491 Ego
1292 451 1391 482 frater
1416 449 1449 481 N.
1475 450 1514 482 (le
1539 449 1575 481 N.
1603 448 1674 481 iuro
1711 455 1741 481 ct
1775 460 1846 491 pro-

1105 502 1203 539 )nittc
1228 502 1448 545 Omnipotcnti
1482 502 1557 541 Deo,
1588 502 1703 534 Beatae
1729 501 1844 533 Mariae

1114 564 1242 597 semper
1272 554 1404 597 Virgini,
1430 559 1461 586 ct
1484 553 1586 586 beatis
1618 553 1763 596 patribus
1791 563 1847 585 no-

1115 607 1189 640 stris
1224 607 1334 639 loanni
1368 613 1399 639 et
1432 607 1540 646 Felici,
1578 617 1629 639 me
1661 605 1848 638 scrutatoris

1115 660 1256 692 officium
1282 659 1420 693 fideliter
1446 660 1608 698 sucturum,
1631 663 1663 691 et
1687 662 1848 691 secretum

1115 723 1246 755 semper
1260 718 1467 751 servaturum,
1483 722 1549 745 non
1566 709 1758 744 revelando¹
1777 721 1849 753 per-

1115 775 1223 806 sonas,
1248 776 1329 808 quae
1358 764 1509 807 suffragia
1544 764 1777 807 praestiterunt
1801 763 1849 795 vel

1115 823 1276 860 negarunt
1294 819 1345 850 liic
1363 818 1412 850 vel
1431 817 1524 850 alteri
1544 830 1574 849 υ.

1157 881 1201 904 xr.
1220 871 1340 904 Deinde
1360 871 1536 914 capitulum
1552 881 1612 913 per
1629 875 1751 903 secreta
1770 880 1850 913 quo-

1116 933 1178 966 que
1202 923 1352 966 suffragia
1377 923 1475 965 eligat
1499 933 1534 955 ex
1561 923 1795 956 scrutatoribus
1815 934 1851 954 u-

1116 987 1203 1016 num,
1226 976 1279 1019 qui
1305 976 1446 1008 officium
1464 975 1557 1007 saciat
1576 975 1741 1008 secretarii
1760 986 1852 1019 prae-

1116 1030 1181 1062 cise
1206 1030 1238 1061 in
1264 1028 1442 1062 scrutiniis.
1462 1028 1499 1060 Et
1523 1029 1645 1061 electus
1672 1029 1772 1068 faciat,
1790 1034 1851 1061 sta-

1118 1082 1173 1114 tim
1210 1091 1245 1114 ac
1280 1081 1514 1124 pronunciatur
1539 1092 1555 1113 a
1587 1081 1746 1124 praeside,
1769 1082 1853 1114 iura-

1116 1139 1259 1167 mentum
1295 1133 1327 1166 in
1363 1144 1478 1166 manus
1514 1133 1625 1174 istius,
1660 1136 1696 1167 ea
1732 1135 1851 1174 forma,

1117 1197 1198 1230 quae
1223 1187 1329 1230 posita
1353 1191 1463 1219 manet
1495 1196 1582 1218 num.
1610 1196 1640 1219 ix
1664 1197 1724 1229 pro
1753 1197 1853 1219 secre-

1118 1241 1198 1273 tario
1219 1240 1366 1283 capituli.

1159 1304 1214 1326 xu.
1241 1294 1365 1326 Rursus
1391 1293 1567 1336 capitulum
1600 1293 1698 1335 eligat
1722 1303 1782 1336 per
1807 1304 1855 1326 se-

1117 1351 1205 1378 creta
1229 1345 1378 1388 suffragia
1402 1356 1503 1378 unum
1523 1356 1560 1378 ex
1584 1343 1760 1384 vocalibus,
1788 1345 1851 1388 qui,

1117 1403 1192 1440 post
1218 1399 1363 1440 regulata
1387 1397 1538 1440 suffragia
1562 1398 1595 1430 in
1621 1397 1849 1437 electionibus,

1118 1450 1249 1483 nomine
1285 1450 1388 1493 ipsius
1425 1451 1558 1494 capituli
1590 1451 1686 1484 faciet
1712 1455 1744 1483 et
1779 1461 1853 1493 pro·

1118 1502 1250 1535 nunciet
1289 1503 1482 1543 electiones,
1521 1503 1623 1535 forma
1659 1502 1854 1545 assignanda

1119 1555 1308 1598 §sequenti
1342 1560 1375 1587 et
1406 1565 1466 1597 pro
1491 1565 1574 1595 casu,
1610 1565 1672 1598 quo
1705 1553 1855 1597 suffragia

1119 1612 1314 1641 concurrant
1338 1619 1398 1650 pro
1424 1607 1531 1650 aliquo
1557 1607 1663 1640 officio
1688 1607 1721 1640 in
1746 1607 1853 1650 ipsum

1118 1662 1303 1701 electorem,
1328 1672 1385 1693 seu
1409 1660 1707 1704 pronunciatorem,
1732 1660 1855 1703 capitu-

1118 1715 1184 1747 lum
1208 1714 1308 1756 eligat
1332 1713 1468 1746 alterum
1495 1713 1548 1756 qui
1567 1713 1636 1746 eius
1659 1713 1854 1746 electionem

1118 1766 1328 1809 pronunciet;
1367 1766 1452 1808 quod
1477 1766 1503 1798 si
1529 1766 1623 1798 aliter
1653 1766 1755 1798 visum
1787 1775 1853 1798 non

1119 1820 1213 1852 suerit
1245 1819 1385 1862 capitulo
1417 1820 1527 1862 (quod
1560 1829 1618 1861 per
1642 1824 1765 1851 secreta
1789 1818 1853 1851 sus-

1118 1873 1218 1915 sragia
1274 1871 1544 1914 determinabit),
1572 1882 1701 1914 semper
1729 1872 1852 1914 primus

1118 1930 1277 1958 scrutator
1301 1926 1423 1957 elector
1441 1924 1502 1956 erit
1526 1935 1583 1957 seu
1608 1925 1852 1967 pronunciator,

1119 1984 1150 2011 et
1173 1988 1233 2021 pro
1268 1988 1343 2010 casu
1376 1977 1547 2010 electionis
1579 1987 1655 2010 suae
1691 1978 1851 2011 secundus

1119 2035 1291 2063 scrutator.

1160 2094 1228 2117 xm.
1256 2083 1374 2115 Eadem
1407 2082 1518 2122 forma,
1554 2082 1703 2125 idemque
1735 2087 1850 2120 totum,

1118 2137 1203 2179 quod
1228 2136 1329 2168 tribus
1356 2136 1499 2168 numeris
1525 2136 1792 2168 antecedentibus
1811 2136 1852 2169 di<

1118 2195 1203 2222 ctum
1220 2195 1269 2222 est
1288 2200 1366 2231 erga
1383 2194 1578 2221 scrutatores
1595 2194 1626 2221 et
1643 2188 1850 2222 secretarium

1118 2242 1265 2275 scrutinii
1290 2248 1321 2274 et
1345 2243 1502 2275 electores
1531 2241 1595 2274 sive
1620 2242 1852 2285 pronunciato-

1117 2305 1169 2327 res
1195 2294 1398 2333 electionum,
1433 2299 1578 2327 servetur
1607 2293 1739 2327 omnino
1764 2306 1848 2338 quo-

1118 2348 1318 2391 tiescumque
1354 2348 1386 2380 in
1417 2347 1607 2387 definitorio‚
1634 2349 1700 2381 sive
1731 2349 1764 2381 in
1789 2349 1852 2382 alia

1117 2411 1323 2443 quacumque
1345 2401 1601 2442 congregatione
1623 2407 1709 2434 extra
1731 2402 1780 2434 vel
1808 2401 1852 2435 in-

1118 2458 1166 2486 tra
1189 2453 1367 2495 capitulum
1391 2454 1552 2495 generale,
1567 2454 1714 2487 facienda
1731 2454 1771 2486 sit
1794 2454 1851 2488 ali-

1117 2516 1181 2549 qua
1197 2506 1314 2539 electio
1331 2505 1489 2539 canonica
1506 2506 1639 2549 praelati
1655 2507 1704 2539 vel
1721 2507 1810 2542 socii.

1153 2621 1164 2647 1
1186 2619 1257 2646 Edit.
1277 2619 1356 2648 lllain.
1379 2620 1444 2651 legit
1462 2620 1614 2648 relaxando
1631 2621 1669 2648 (R.
1690 2624 1738 2649 ΤΛ.

1745 234 1808 267 655
1854 242 1903 270 An.
1921 242 1948 269 c.
1972 243 2038 270 1674»

1895 460 1945 480 {tom
1960 462 2041 482 scruta·

1851 489 1930 508 ΙΟῘΙΙΒ.
