2279 3260
236 261 284 286 Λη,
303 259 331 286 C.
357 259 418 286 ³071

263 952 336 972 Obitus
347 953 418 977 ipsius.

469 250 532 283 0224

429 309 554 340 reddita
577 307 643 339 suit.
663 307 820 350 Cupi‹=bat
838 306 966 338 iuterim
986 305 1163 338 lanima-us

428 359 557 392 dissolvi
592 365 623 392 et
640 370 712 392 esse
737 370 808 391 cum
834 358 970 397 Christo,
992 366 1049 389 nec
1070 356 1164 388 aliter

427 423 523 456 quam
550 417 602 444 aut
627 411 818 444 sanctissimi
845 409 954 443 altaris
973 407 1163 441 sacramenti

428 465 614 508 quotidiana
639 464 831 506 sumptione,
851 466 904 494 aut
928 472 998 493 cum
1024 459 1163 492 crucitixi

428 517 568 560 imagine
584 517 754 560 colloquiis
773 527 847 548 suas
864 525 969 547 moras
986 513 1162 545 solabatur.

430 571 519 603 Feria
543 571 629 602 sexta
655 575 727 602 ante
753 568 884 607 obitum,
900 565 1054 599 referenti
1080 565 1164 597 diem

429 623 555 656 veneris
581 633 660 660 csse,
690 620 884 653 Benedictus
909 619 992 651 Deus
1018 618 1165 660 (respou-

429 677 472 708 dit
492 676 570 717 illc),
591 675 697 706 udlruc
720 676 862 715 qualitor
885 674 1059 714 supersunt
1084 669 1162 701 dies.

429 727 627 772 l⁴'i·‹=quc11te¹
645 726 773 759 caelesti
792 725 892 757 sancti
911 723 1070 756 Yincciitii
1093 723 1165 754 1³01·-

428 781 502 814 rerii
528 780 722 819 visitatione,
757 789 853 822 quem
882 789 899 810 a
928 776 1047 810 teneris
1072 776 1164 808 annis

430 836 551 866 summa
576 831 785 864 veneratione
804 836 835 863 ct
860 830 1039 863 imitatione
1057 830 1164 862 colere

430 887 606 923 stiuluerat,
630 884 848 916 recreabatur.

473 940 487 981 ξ
512 938 564 970 40.
594 938 695 970 Biduo
713 941 787 969 ante
809 937 976 968 decessum
993 946 1009 967 e
1027 935 1100 975 vita,
1118 945 1166 967 sa-

430 1003 515 1024 cram
534 991 595 1023 olei
615 989 814 1022 infirmorum
840 989 1027 1022 unctionem
1050 989 1165 1021 devote

431 1044 533 1087 petiit,
548 1050 579 1076 et
591 1042 726 1085 singulis
740 1042 939 1075 orationibus
954 1041 1164 1085 respondens,

430 1107 528 1140 seque
566 1096 684 1129 sanctis
722 1095 925 1128 orationibus
962 1100 993 1127 et
1025 1093 1162 1127 mortisi-

429 1149 564 1182 cationis
593 1148 752 1181 exercitiis
786 1147 945 1187 muniens,
974 1146 1164 1179 sanctissimi

429 1202 569 1234 crucifixi
597 1201 768 1244 imaginem
797 1200 1022 1243 frequentibus
1046 1200 1165 1232 osculis

428 1266 586 1288 venerans
611 1260 643 1287 et
668 1265 772 1294 orans,
793 1254 825 1286 in
852 1254 902 1287 die
928 1254 1009 1286 sesto
1035 1253 1064 1286 S.
1093 1253 1166 1285 Dio-

432 1308 528 1351 ny:ii‚
547 1313 581 1339 ut
607 1318 701 1350 saepe
727 1307 946 1350 praedixerat,
966 1306 1047 1339 hora
1073 1306 1165 1348 quin-

432 1362 565 1400 decima,
592 1360 734 1393 sentiens
759 1371 792 1393 se
818 1360 972 1403 paulatim
1004 1360 1162 1399 deficere,

428 1414 632 1447 assistentem
665 1425 701 1446 ex
738 1424 827 1446 more
863 1414 1080 1457 patriarcham
1106 1423 1163 1455 pro

428 1467 628 1511 impetranda
647 1467 878 1499 benedictione
896 1472 927 1499 et
944 1466 1044 1499 sancti
1066 1466 1164 1498 Evan-

427 1520 502 1563 gelii
528 1519 667 1553 lectione
693 1525 840 1562 precatus
862 1524 919 1552 est.
940 1518 1030 1557 Quod
1056 1530 1163 1551 aman-

429 1572 570 1605 tissimus
606 1572 738 1605 antistes
775 1572 938 1604 uberrime
982 1572 1186 1614 lacrymans.

427 1624 601 1668 praestitit.
622 1624 763 1667 Cumque
789 1623 1078 1657 commendationis
1099 1623 1163 1656 ani-

428 1688 499 1711 mae
525 1678 612 1710 iuxta
636 1677 684 1710 sui
701 1676 829 1709 Ordinis
851 1676 947 1708 ritum
964 1686 1078 1719 preces
1096 1687 1163 1719 per-

428 1732 637 1769 solverentur,
657 1730 696 1762 ad
722 1730 777 1763 illa
800 1729 914 1762 verba:
940 1741 952 1759 -t
971 1734 1006 1761 ut
1029 1729 1180 1762 vinculis>

428 1784 533 1816 carnis
571 1789 685 1816 exutus
723 1783 892 1826 pervenire
927 1788 1091 1816 mereatur
1123 1783 1161 1815 ad

428 1837 563 1879 gloriam
590 1836 682 1879 regni
708 1836 867 1876 caelestis,
897 1841 1081 1880 praestante
1106 1836 1163 1869 Do-

429 1890 516 1923 mino
525 1895 637 1923 nostro
647 1890 716 1922 Iesu
729 1889 857 1922 Christo
869 1902 896 1929 »‚
909 1889 1060 1933 spiritum
1071 1901 1163 1922 suum

428 1943 461 1976 in
473 1954 584 1975 manus
595 1943 697 1975 Patris
708 1943 842 1975 vinculis
859 1943 964 1975 carnis
982 1943 1163 1975 absolutum

429 1996 674 2036 commendavit,
692 2007 735 2029 vn
753 1996 825 2029 idus
841 1996 992 2037 octobris,
1009 2007 1094 2030 anno
1116 2008 1164 2030 re-

429 2056 560 2093 paratae
585 2050 694 2082 salutis
719 2060 867 2089 Manxxt,
886 2050 996 2083 aetatis
1017 2061 1093 2083 suae
1111 2061 1161 2091 Lv;

430 2113 534 2146 eoque
571 2102 727 2145 temporis
762 2108 926 2135 momento
959 2102 1023 2135 visa
1055 2108 1162 2136 estex

430 2154 498 2188 eius
537 2166 592 2188 ore
625 2156 677 2187 lux
709 2154 811 2187 instar
846 2154 981 2196 fulguris
1012 2158 1100 2188 recta
1130 2156 1163 2188 in

429 2209 535 2242 caelos
573 2208 715 2241 cribrata
755 2213 853 2240 totam
890 2209 1006 2241 cellam
1038 2209 1158 2241 illumi-

430 2271 516 2301 nare,
535 2266 567 2293 et
580 2271 676 2304 supra
694 2265 887 2293 conventum
905 2260 1013 2292 divina
1036 2261 1163 2293 claritas

430 2314 529 2347 fulsit.
558 2314 638 2351 Quin
663 2319 695 2346 et
718 2313 751 2346 in
776 2313 912 2346 ecclesia
935 2313 1058 2356 pluries
1082 2313 1164 2346 mili-

430 2368 491 2400 tiae
516 2368 664 2400 cac-lestis
690 2366 845 2399 armonici
874 2371 1049 2399 concentus
1075 2378 1093 2399 a
1117 2367 1163 2399 di-

429 2421 530 2453 versis
561 2420 659 2453 auditi
684 2425 779 2461 sunt,
807 2424 839 2452 et
862 2419 1010 2462 pluribus
1035 2419 1105 2452 aliis
1125 2420 1164 2452 si-

431 2475 500 2517 gnis
519 2474 603 2507 servi
621 2473 671 2507 sui
697 2473 832 2516 gloriam
860 2472 1067 2515 omnipotens
1082 2473 1163 2505 Deus

430 2533 537 2560 notam
563 2527 652 2567 fecit,
682 2526 799 2570 quibus
824 2525 952 2568 publica
975 2525 1087 2568 populi
1113 2535 1164 2557 ve-

468 2645 478 2673 1
501 2642 611 2669 Videtur
621 2641 763 2678 legendtnn
775 2640 863 2677 potius
878 2640 1059 2676 Frequenter
1075 2640 1112 2674 (a.
1125 2639 1163 2674 τ).

1010 258 1187 281 111“1,1,ΛΠ11“111
1213 256 1275 280 noi!
1285 257 1362 280 milii

1206 304 1331 336 iit-ratio
1368 304 1540 345 successit,
1567 305 1759 338 Ludovicum
1795 306 1938 349 undique

1206 355 1355 388 Sanctum
1381 357 1621 399 proclamantis,
1640 363 1670 390 et
1687 358 1832 390 certatim
1853 368 1941 391 coro-

1207 407 1254 439 nis
1285 419 1321 440 ac
1347 409 1476 441 rosariis
1503 420 1628 442 sacrum
1653 410 1799 453 corporis
1825 410 1941 453 pignus

1206 460 1362 503 attingere
1378 462 1542 503 tentantis,
1557 462 1810 496 misericordiam
1825 463 1912 495 enim
1926 474 1943 495 a

1206 512 1341 546 Domino
1363 524 1398 545 ae
1415 514 1521 546 divina
1539 514 1758 557 quaecumque
1783 514 1943 547 beneficia

1207 573 1239 596 se
1263 564 1451 597 obtenturos
1478 576 1589 598 onmes
1614 567 1802 609 sperabant,
1822 567 1848 599 si
1869 578 1941 600 eum

1207 618 1289 660 apud
1323 618 1461 650 divinam
1494 619 1698 651 clementiam
1725 625 1941 662 protectorem

1208 676 1238 703 et
1269 671 1457 703 advocatum
1494 671 1641 704 obtinere
1666 672 1754 714 digni
1780 673 1894 705 forent.

1250 723 1264 765 ἓ
1288 723 1341 755 41.
1361 722 1415 755 llis
1434 723 1570 756 accessit
1587 723 1741 756 Altissimi
1757 735 1832 767 erga
1849 736 1941 757 suum

1207 786 1334 807 servum
1360 775 1554 815 assistentia,
1575 776 1617 808 ita
1631 781 1666 808 ut
1682 776 1749 809 eius
1766 776 1943 819 suffragan-

1185 837 1187 862 !
1209 828 1292 860 tibus
1316 828 1438 860 meritis
1452 855 1459 867 ‚
1480 833 1511 860 et
1525 827 1645 868 vivens,
1668 833 1699 860 et
1715 833 1787 871 post
1808 829 1942 869 obitum,

1208 880 1338 924 populis
1356 880 1387 913 in
1402 881 1648 913 necessitatibus
1669 891 1727 924 per
1747 892 1847 924 opera
1863 882 1944 914 mira

1209 938 1241 965 et
1258 933 1415 976 prodigia,
1438 933 1553 976 quibus
1578 933 1646 976 ipse
1667 933 1749 966 Deus
1774 934 1806 966 in
1827 935 1945 967 sanctis

1209 985 1272 1018 suis
1296 985 1452 1019 mirabilis
1478 986 1690 1028 dignoscitur,
1722 991 1889 1029 protector
1914 993 1945 1019 et

1209 1039 1334 1071 adiutor
1353 1049 1481 1081 semper
1506 1038 1658 1071 extiterit.
1678 1038 1719 1070 Ex
1740 1039 1944 1082 processibus

1209 1091 1296 1124 enim
1310 1091 1475 1131 consectis,
1496 1097 1526 1123 et
1548 1091 1585 1123 ad
1604 1091 1720 1123 Urbem
1740 1092 1943 1132 transmissis,

1208 1155 1244 1176 ac
1269 1144 1340 1176 aliis
1376 1143 1567 1176 auctoritate
1603 1144 1779 1186 apostolica
1817 1155 1943 1177 causam

1209 1196 1456 1229 beatificationis
1481 1201 1512 1229 et
1537 1196 1792 1229 canonizationis
1813 1197 1880 1228 eius
1899 1208 1947 1229 re-

1208 1249 1430 1292 spicientibus,
1457 1249 1672 1291 Congregatio
1700 1250 1872 1282 Sacrorum
1894 1250 1946 1281 lli-

1209 1307 1295 1334 tuum
1320 1302 1445 1334 censuit
1471 1307 1617 1334 constare
1634 1328 1641 1342 ,
1676 1312 1741 1334 non
1778 1303 1881 1335 solum
1907 1303 1946 1335 de

1208 1355 1338 1387 illorum
1365 1354 1528 1387 validitate
1547 1359 1579 1387 et
1597 1355 1635 1387 de
1654 1355 1737 1387 sama
1755 1354 1945 1395 sanctitatis,

1208 1408 1312 1451 deque
1333 1407 1504 1440 virtutihus
1536 1407 1730 1450 theologicis
1752 1412 1783 1440 et
1800 1408 1947 1441 cardina-

1184 1464 1186 1474 ¹
1208 1461 1290 1493 libus
1307 1460 1339 1493 in
1357 1461 1457 1503 gradu
1470 1460 1613 1500 heroico,
1630 1471 1741 1493 verum
1760 1461 1855 1493 etiam
1876 1472 1947 1493 con-

1184 1514 1377 1547 ieludentes
1411 1513 1620 1557 probationes
1657 1513 1823 1546 continere
1861 1513 1943 1546 insi-

1207 1567 1317 1610 gnium
1342 1567 1572 1600 miraculorum
1598 1566 1742 1599 eiusdem
1761 1571 1823 1599 tam
1841 1566 1946 1600 viven-

1208 1620 1247 1653 tis
1274 1631 1370 1663 quam
1396 1620 1551 1652 defuncti.

1250 1674 1264 1717 ξ
1288 1673 1341 1706 402.
1368 1673 1445 1706 Cum
1466 1673 1550 1706 enim
1570 1678 1654 1706 esset
1674 1673 1764 1716 prior
1781 1673 1943 1713 Albaidae,

1205 1726 1389 1770 pastoribus
1413 1726 1664 1759 accendentibus
1688 1726 1810 1767 ignem,
1832 1730 1942 1759 vento-

1206 1791 1276 1815 rum
1295 1780 1322 1812 vi
1343 1780 1494 1819 irruente,
1514 1785 1545 1812 et
1566 1780 1692 1812 flamma
1710 1784 1942 1819 succrescente,

1207 1833 1268 1866 iam
1294 1833 1482 1865 ardentibus
1518 1832 1687 1865 arboribus
1719 1831 1750 1864 in
1784 1832 1886 1864 vineis
1912 1837 1944 1864 et

1208 1886 1351 1925 frutetis,
1377 1896 1527 1928 magnum
1564 1885 1767 1918 excitandum
1802 1895 1871 1917 esse
1904 1885 1943 1917 ad

1207 1939 1459 1972 destructionem
1474 1939 1581 1981 ignem
1596 1938 1777 1978 timebatur,
1796 1948 1861 1971 non
1874 1938 1944 1971 sine

1207 2003 1325 2035 magno
1351 1997 1526 2024 conventus
1559 1991 1765 2023 detrimento.
1798 1990 1945 2023 Accurrit

1207 2046 1254 2078 vir
1279 2044 1390 2085 Dei,et
1414 2044 1545 2078 elevatis
1565 2044 1665 2076 oeulis
1694 2044 1726 2076 in
1751 2044 1884 2083 caelum,
1901 2043 1944 2076 si-

1207 2109 1270 2141 gno
1307 2098 1412 2131 crucis
1446 2098 1607 2130 flammam
1638 2095 1824 2137 benedixit,
1859 2107 1942 2140 quae

1206 2151 1294 2184 illico
1322 2151 1463 2190 evanuit,
1483 2162 1518 2183 ac
1543 2150 1567 2182 si
1593 2160 1769 2193 numquam
1798 2149 1842 2181 ibi
1868 2149 1943 2182 suis-

1207 2210 1278 2244 set,
1301 2204 1434 2236 eaedem
1458 2204 1601 2243 arbores,
1629 2204 1735 2235 laesae
1760 2202 1874 2245 exigua
1891 2212 1942 2235 so-

1207 2259 1272 2290 lum
1305 2257 1389 2290 linea
1425 2256 1457 2288 in
1495 2256 1622 2298 signum
1659 2255 1804 2288 miraculi
1836 2266 1939 2299 appa*-

1206 2315 1309 2350 rente,
1334 2310 1492 2342 immunes
1511 2309 1549 2341 ab
1570 2308 1740 2341 adustione
1766 2308 1853 2341 visae
1871 2313 1944 2342 sunt

1207 2373 1386 2397 remanere.

1251 2416 1425 2449 Moncadae
1451 2415 1482 2448 in
1509 2416 1604 2448 domo
1630 2415 1760 2458 Iosephi
1786 2426 1802 2448 a
1826 2414 1943 2458 Campo

1208 2470 1314 2513 neptis
1338 2469 1479 2512 hospitis
1503 2469 1665 2512 Speranza
1690 2468 1837 2500 Assentia
1862 2467 1945 2500 dieta

1207 2524 1246 2556 ab
1271 2523 1392 2556 exitiali
1421 2525 1540 2555 struma
1564 2522 1597 2555 in
1623 2523 1706 2555 collo
1733 2521 1847 2554 afflicta
1871 2531 1944 2553 cum

1209 2577 1332 2610 foetore
1351 2576 1516 2609 horrendo
1538 2586 1574 2608 ex
1599 2575 1763 2608 ulceribus
1781 2579 1942 2613 manante,

1208 2641 1272 2663 non
1305 2630 1408 2664 solum
1441 2628 1725 2662 circumstantibus
1757 2628 1813 2661 sed
1845 2627 1944 2663 etiam

1947 257 1995 284 Λη.
2013 257 2040 284 C.
2066 258 2125 285 1671

1982 1685 2082 1706 Min-acuta
2095 1688 2135 1705 tam

1957 1712 2044 1732 meum
2074 1717 2136 1737 quau·

1961 1738 2047 1757 teruncii
2084 1740 2135 1759 relu-

1955 1767 2034 1786 runtur.
