2279 3260
238 215 288 240 An.
308 214 422 241 (1.1670

293 1997 315 2017 S.
333 1997 388 2017 Petri
404 2003 440 2017 na-

257 2026 337 2044 tuntas.

279 2416 376 2436 lun-niti·
386 2418 432 2435 nat..

261 2445 287 2463 1111
304 2447 398 2464 uirtutes.

467 206 486 237 ⁶]
1025 211 1203 235 neminum!
1228 210 1378 233 nonmt'n

435 263 466 295 iu
491 262 673 294 universam
699 261 873 293 Ecclesiam
902 259 1069 291 commoda
1095 262 1191 300 pro-'

435 316 567 353 sectura,
595 325 688 356 quam
715 313 846 354 egregio
873 312 1020 353 exemplo
1039 311 1077 341 ad
1099 320 1169 341 san-

435 367 577 399 ctitatem
601 365 767 398 ardentius
794 364 1032 407 provoealnmtff,
1058 373 1169 404 quam-

435 419 564 455 ohrem,
587 428 657 449 eum
682 416 904 449 sanctissimus
938 415 1066 456 [leoque
1099 423 1191 454 gra-¹

436 471 576 502 tissimus
602 469 648 501 vir
665 469 778 501 Petrus
805 468 842 499 de
860 468 1029 499 ,111-1111111111
1047 464 1169 506 optime

435 522 569 555 meritus
601 521 641 553 sit
665 521 703 553 de
728 519 903 552 christiana
927 517 1105 560 republica,
1133 527 1170 548 eo

436 575 523 617 quod
548 574 744 615 inculpatam
776 571 932 613 religione
962 575 992 601 et
1024 567 1170 601 doctriua

437 626 539 658 sancti
568 625 728 657 Francisei
766 623 916 656 familiam
953 622 1037 653 foetu
1069 630 1169 652 novae

438 678 538 722 prolis
554 676 730 713 adauxerit,
749 686 892 718 eamque,
908 674 968 705 iam
988 683 1044 715 per
1059 672 1172 713 llispa-

439 731 511 764 niae
529 736 560 763 et
573 730 734 762 indiarum
752 738 850 769 regua
866 727 1040 764 dilatatam,
1055 734 1112 767 per
1125 734 1172 755 se-

439 782 531 816 mitas
550 781 772 814 strictissimam
791 777 989 822 paupertatis
1006 777 1171 809 ambulare

440 836 606 873 docuerit,
632 840 663 866 et
688 833 837 866 omnibus
869 830 986 863 Christi
1023 829 1172 862 fidelibus

440 888 630 932 praebuerit
654 887 819 928 exemplar
839 883 1040 916 incredibilis
1065 881 1173 924 poeni-

442 940 559 973 tentiae
584 950 655 972 cum
680 940 802 970 summa
827 935 1009 968 innocentia
1039 935 1173 966 coniun-

442 999 527 1031 ctae,
553 992 664 1024 deesse
690 990 735 1022 illi
761 1000 825 1021 uon
852 989 969 1021 debeat
992 987 1092 1019 saneti
1120 997 1173 1018 no-

443 1044 538 1077 minis
552 1043 662 1085 gloria,
675 1049 705 1075 et
719 1042 838 1084 populo
857 1040 1032 1072 christiano
1049 1039 1173 1081 insigne

443 1098 483 1129 ab
510 1097 571 1129 hoc
595 1106 678 1128 novo
704 1095 789 1127 Petri
823 1095 909 1126 cultu
935 1094 973 1125 ad
1002 1090 1174 1124 111-111101111

444 1149 706 1182 incitamentum:
733 1146 850 1189 gratiam
867 1146 965 1188 igitur
982 1145 1097 1187 agebat
1111 1155 1177 1176 om-

445 1201 605 1245 nipotenti
628 1200 693 1233 Deo
718 1199 802 1231 idem
826 1199 974 1231 Clemens
988 1198 1173 1240 praedeees-

445 1265 517 1293 sor,
544 1253 598 1296 qui
623 1252 682 1285 sibi
708 1252 790 1284 lianc
814 1257 954 1283 ruentem
986 1250 1178 1292 inspirasset

447 1306 644 1339 decernendi
668 1314 838 1348 supremos
861 1304 1002 1335 honores
1018 1303 1093 1335 huic
1111 1302 1177 1334 viro

446 1412 596 1451 rabatur,
622 1416 654 1443 et
687 1422 703 1442 a
736 1420 798 1452 quo
822 1411 996 1442 salutarem
1021 1419 1116 1452 opem
1148 1409 1178 1440 in

447 1464 591 1496 maximis
612 1463 699 1495 hisce
725 1462 900 1495 infelicium
921 1468 1101 1504 temporum
1119 1461 1182 1494 dis-

1212 257 1428 298 voluptatibus
1453 256 1601 293 obnoxia,
1623 261 1653 287 et
1670 255 1838 288 hominurn
1860 264 1944 285 eom-

1213 309 1365 341 mercium
1393 308 1532 350 fugiens,
1559 307 1819 350 contemplandis
1848 306 1945 338 rebus

1213 360 1327 392 divinis
1349 359 1391 391 ita
1409 360 1549 399 vacabat,
1569 366 1611 399 ut,
1633 369 1740 391 amore
1758 357 1944 391 caelestium

1213 412 1376 451 incensus,
1402 411 1575 454 aliquando
1601 417 1689 444 extra
1707 421 1741 443 se
1764 414 1945 452 raperetur,

1213 463 1372 506 ideoque,
1399 464 1555 505 sapientia
1580 473 1730 496 crescens
1765 468 1797 494 et
1828 461 1946 504 gratia,

1214 526 1397 548 mensuram
1422 516 1534 548 aetatis
1559 515 1702 548 moribus
1719 514 1879 548 senilibus
1896 524 1948 546 ex-

1213 568 1359 600 cedebat.
1393 568 1540 600 Studium
1571 569 1749 600 litterarum
1783 567 1947 609 ingressus

1191 648 1192 652 ,
1213 620 1278 652 aeri
1304 620 1434 662 iugenio
1450 620 1621 661 lingentem
1643 630 1733 662 spem
1751 619 1817 651 suis
1834 629 1949 662 paren-

1214 673 1299 705 tibus
1325 678 1357 704 et
1374 672 1526 714 magistro
1545 671 1670 704 indidit.
1695 671 1774 709 Quia
1795 682 1871 704 vero
1893 681 1950 703 no-

1214 730 1300 757 verat
1324 724 1504 767 sapientem
1530 724 1689 763 futurum,
1725 723 1780 766 qui
1806 734 1877 755 cum
1902 734 1950 755 sa-

1215 777 1376 820 pientibus
1394 777 1548 819 graditur,
1561 776 1791 818 religiosorum
1807 776 1949 809 virorum

1215 829 1379 862 consortio
1394 828 1623 868 delectabatur,
1645 839 1690 867 ac,
1710 828 1837 861 divinae
1855 838 1951 871 prae-

1215 882 1325 914 sertim
1351 881 1480 913 inhians
1497 880 1687 923 sapientiae,
1706 890 1816 912 sacros
1834 879 1951 912 avidis-

1216 934 1295 966 sime
1321 934 1499 977 quaerebat
1527 933 1645 972 libros,
1679 944 1697 964 a
1727 932 1871 975 profanis
1896 932 1951 964 ab·

1217 987 1368 1019 horrens.
1395 986 1432 1018 Et
1457 986 1607 1029 quoniam
1634 986 1672 1018 ab
1691 986 1823 1018 infantia
1841 996 1950 1018 secum

1217 1045 1361 1072 creverat
1387 1038 1623 1078 misericordia,
1641 1038 1792 1071 omnibus
1817 1048 1850 1071 se
1875 1038 1952 1070 cha-

1218 1091 1322 1124 ritatis
1347 1092 1502 1134 operibus
1527 1091 1656 1123 assidue
1677 1091 1782 1123 dabat:
1808 1090 1952 1123 infirmos

1196 1138 1197 1183 J
1218 1144 1368 1186 proinde,
1396 1143 1428 1175 in
1458 1153 1586 1175 earcere
1610 1143 1749 1186 positos,
1776 1148 1808 1175 et
1831 1153 1952 1184 egenos

1219 1202 1375 1239 quantum
1411 1200 1540 1238 poterat
1564 1195 1765 1227 sublevabat.
1793 1194 1869 1227 Cum
1899 1206 1954 1227 au-

1220 1254 1282 1281 tem
1311 1249 1344 1281 in
1379 1248 1461 1280 alios
1491 1248 1562 1290 pius
1587 1253 1675 1280 esset
1699 1253 1731 1280 et
1754 1247 1951 1287 misericors,

1198 1301 1280 1343 [sibi
1307 1306 1411 1333 tamen
1440 1311 1475 1333 ex
1503 1306 1577 1332 tuuc
1600 1300 1779 1344 incipiebat
1803 1311 1875 1333 esse
1899 1310 1955 1332 au-

447 1357 641 1397 admirabili,
669 1367 765 1400 quem
791 1355 964 1399 praecipuo
985 1356 1073 1387 cultu
1086 1348 1199 1386 vene-¹

1220 1359 1340 1392 sterus3
1363 1364 1437 1385 uam
1458 1363 1523 1385 11011
1549 1354 1655 1386 solum
1679 1353 1837 1396 singulari
1858 1353 1956 1386 absti-

1221 1406 1331 1438 nentia
1353 1407 1522 1438 sensuales
1547 1406 1708 1448 appctitus
1727 1406 1882 1445 fraenare,
1897 1406 1955 1438 sed

1221 1465 1252 1491 et
1277 1458 1453 1491 levissimos
1480 1468 1698 1500 quoscumque
1727 1458 1868 1491 defectus
1901 1458 1956 1491 ssa-

447 1516 643 1555 criminibuS,
660 1515 851 1558 pracsertim
869 1520 979 1547 contra
995 1514 1180 1556 superbiam
1198 1510 1202 1549 ᾖ
1222 1511 1313 1554 gellis
1338 1511 1460 1553 asperis
1485 1516 1701 1543 consueverat
1726 1511 1868 1553 expiare.

449 1574 481 1602 et
505 1568 657 1601 ferociam
682 1567 872 1606 Turearmn,
900 1567 1106 1610 implorabat.
1143 1567 1178 1599 [t
1200 1586 1202 1617 1

1265 1564 1279 1606 S*
1302 1563 1333 1597 3.
1361 1563 1449 1595 Licet
1473 1568 1590 1603 autem,
1607 1563 1704 1596 etiam
1726 1564 1803 1596 dun]
1829 1564 1861 1596 in
1886 1574 1956 1596 sae-

1951 204 2002 231 Δη.
2019 204 2047 230 C.
2068 203 2135 231 1670

1985 577 2069 598 Studia.

2002 1569 2068 1589 lin-tuit
2089 1569 2150 1589 111111-

1961 1599 2009 1616 ·11-111
2026 1595 2136 1617 Minu-um.

448 1627 553 1654 autem
577 1620 787 1654 celeberrima
812 1620 895 1652 Petri
921 1620 1074 1652 sanctitas
1101 1619 1183 1652 testi·
1222 1618 1294 1650 eulo
1313 1621 1504 1655 versaretur,
1521 1615 1628 1648 auimo
1642 1617 1767 1648 caelum
1784 1617 1957 1656 recoleret,

449 1674 555 1707 monio
577 1674 671 1706 etiam
690 1684 748 1705 suo
766 1673 1044 1715 comprobaretur,
1066 1678 1098 1704 et
1115 1672 1181 1704 eius
1199 1662 1203 1706 ]
1223 1668 1323 1711 magis
1337 1674 1441 1700 tamen
1460 1678 1494 1700 ac
1508 1668 1608 1710 magis
1622 1668 1791 1700 abundans
1809 1668 1841 1700 in
1857 1668 1959 1701 seien-

449 1726 579 1758 eximias
599 1726 729 1758 virtutes
744 1725 900 1758 universIs
919 1724 1182 1757 christifidelibus
1223 1722 1265 1754 tiit
1290 1727 1320 1754 ct
1347 1721 1378 1753 in
1404 1720 1492 1753 0111111
1517 1731 1613 1753 sensu
1638 1721 1785 1763 probavit
1810 1721 1958 1764 potiora;

450 1779 619 1811 imitandas
651 1778 832 1817 exhiberet,
867 1788 903 1810 ae
935 1777 1020 1810 illius
1053 1778 1084 1810 iu
1118 1783 1183 1809 ter-
1224 1779 1275 1813 ct,
1302 1784 1419 1806 anuum
1445 1773 1559 1805 aetatis
1592 1773 1879 1806 sextumdecimum
1911 1774 1960 1806 in-

450 1831 493 1863 ris
518 1830 729 1863 admiratione
756 1831 884 1872 dignam
915 1836 947 1862 et
977 1830 1203 1862 laudabiliter*
1225 1838 1373 1869 gressus,
1409 1827 1441 1859 in
1473 1826 1619 1859 custodia
1646 1826 1676 1859 S.
1704 1826 1871 1867 Evangelii
1903 1837 1959 1860 seu

452 1888 644 1915 transactam
667 1883 763 1914 vitam
788 1882 975 1925 explicaret,
1001 1882 1044 1915 sic
1062 1893 1183 1926 propo·
1201 1891 1203 1907 ¹
1224 1880 1473 1912 Extremadurae
1499 1885 1601 1922 (quae
1628 1890 1713 1911 nune
1741 1879 1771 1911 S.
1799 1879 1960 1912 Gabrielis

454 1946 531 1967 nere
557 1935 765 1966 decreverat:
1203 1973 1205 1976 ᾖ
1226 1932 1391 1976 provincia
1412 1932 1543 1973 dieitur)
1571 1932 1702 1963 fratrum
1720 1931 1879 1963 Δ111110111111
1896 1931 1962 1964 Dis-

495 1988 509 2029 ᾗ
534 1987 566 2019 ⁶2.
593 1987 727 2019 Exortus
752 1987 783 2019 111
815 1989 919 2020 lucem
951 1994 1019 2020 erat
1050 1989 1183 2020 sanetis·
1203 1977 1205 1982 ¹
1226 1987 1441 2017 calceariorum
1468 1984 1614 2016 habitum
1632 1989 1663 2015 et
1680 1984 1897 2026 evangelicam
1915 1984 1961 2017 vi—

452 2040 549 2072 simus
577 2039 627 2072 hic
651 2040 698 2072 vir
721 2040 847 2072 Norbae
873 2041 1062 2080 Caesareae,
1089 2042 1182 2082 vulgo
1228 2040 1321 2072 rendi
1349 2040 1483 2071 formam
1508 2038 1660 2080 suscepit.

452 2093 652 2131 Aleantarae,
672 2092 703 2124 in
726 2092 873 2124 Baeturia
890 2093 1114 2135 Hispaniarum
1136 2104 1184 2125 ι·ι--
1271 2093 1285 2134 ξ,
1310 2092 1341 2124 si».
1368 2092 1456 2129 Quod
1478 2091 1647 2123 consilium
1668 2091 1787 2133 insigni
1809 2091 1959 2133 prodigio
1975 2092 2006 2139 ‘21³
2017 2092 2106 2139 {23:²52ss
2117 2091 2156 2137 ⁰:22

452 2146 559 2186 etone,
583 2155 667 2176 alluo
690 2144 866 2187 Reparatae
891 2145 1008 2177 Salutis
1032 2156 1182 2184 mcuxerx,
1227 2144 1417 2188 approbavit
1450 2144 1543 2176 Deus.
1577 2143 1653 2175 Cum
1686 2143 1772 2175 enim
1797 2143 1960 2176 festinanti
1973 2145 2156 2192 {fficnffifflssffl

453 2208 489 2229 ex
515 2197 704 2239 parentibus
738 2207 856 2238 genere
885 2208 921 2229 ae
950 2197 1068 2239 pietate
1094 2198 1184 2229 nohi-
1227 2199 1267 2230 ad
1292 2198 1435 2239 religiosi
1459 2196 1587 2229 Ordinis
1613 2201 1741 2238 portum
1767 2207 1890 2229 moram
1910 2198 1963 2229 ob-

453 2251 551 2288 inuis,
577 2249 673 2281 Petro
698 2248 847 2281 Garabito
872 2254 903 2281 et
927 2249 1024 2281 Maria
1054 2250 1182 2288 Villela,
1228 2251 1340 2283 iieeret
1364 2249 1474 2282 llurius
1499 2249 1614 2287 'l'ietar,
1633 2249 1686 2292 qui
1713 2255 1785 2281 tuuc
1813 2250 1963 2283 forteim-

455 2303 604 2344 itemque
629 2301 714 2334 Petri
740 2312 858 2333 nomeu
876 2328 883 2340 ,
915 2302 1001 2344 quod
1033 2302 1064 2333 111
1097 2305 1186 2334 saera
1229 2304 1340 2336 hribus
1365 2304 1578 2341 intumuerat,
1612 2313 1719 2346 neque
1755 2304 1820 2336 ulla
1846 2305 1963 2346 navigii

456 2354 575 2386 familia
608 2359 802 2396 perpetuum
839 2354 884 2386 illi
923 2355 1001 2393 fuit,
1040 2365 1132 2387 sacro
1169 2367 1185 2387 e
1230 2357 1360 2388 facultas
1387 2361 1484 2395 esset,
1511 2355 1631 2388 ell'usus
1657 2356 1689 2387 iu
1715 2366 1836 2399 preces,
1863 2358 1895 2389 111
1921 2358 1966 2389 al-

457 2407 543 2439 fonte
568 2411 764 2448 susceperat.
786 2406 831 2437 Ab
850 2406 980 2438 ineunte
999 2412 1103 2438 aetate
1122 2417 1186 2439 am-
1231 2410 1296 2439 tera
1331 2419 1365 2440 se
1398 2408 1467 2450 ripa
1501 2407 1652 2440 divinitus
1677 2408 1887 2441 coustitutum
1913 2420 1966 2441 ex-

455 2460 569 2492 bulaus
595 2458 627 2490 iu
653 2458 852 2497 innocentia,
877 2458 979 2491 vitans
1007 2459 1130 2492 lubrica
1156 2465 1185 2492 et
1231 2461 1352 2503 templo
1378 2460 1500 2503 reperit
1522 2460 1646 2492 Petrus.
1675 2460 1708 2492 111
1723 2461 1882 2494 coenobio
1902 2467 1982 2513 tam⁸

1231 2523 1361 2555 magnos
1386 2513 1416 2544 in
1443 2513 1559 2545 virtute
1586 2513 1693 2545 statim
1711 2524 1902 2556 progressus
1920 2516 1965 2547 fe-

1231 2566 1281 2605 cit,
1296 2572 1329 2598 ut
1350 2567 1442 2600 initio
1458 2568 1596 2601 tirocinii
1618 2568 1761 2602 emeritis
1776 2569 1893 2602 Christi
1911 2570 1965 2604 mi·

494 2573 503 2601 1
525 2571 594 2599 Edit.
612 2571 692 2598 Main.
711 2571 773 2608 legit
789 2572 929 2599 virtutum
946 2571 984 2607 (11.
999 2571 1045 2605 Τ).
