2279 3260
204 263 257 290 An.
277 261 303 289 C.
325 260 386 288 ¹671

437 250 500 284 2⁰30

398 308 623 352 plenitudine,
646 307 794 340 omnibus
825 313 857 339 et
891 305 1039 347 singulis,
1068 310 1129 335 tam

398 361 561 401 Romanis,
572 372 665 404 quam
675 359 942 397 Bononiensibus,
954 357 1131 390 Ferrarien-

399 413 505 454 sibus,
531 413 830 451 Avenionensibus,
862 408 1070 444 Anconitanis
1102 412 1133 440 et

400 466 654 507 Beneventanis,
679 471 923 507 ceterarumque
948 462 1129 499 civitatum,

400 519 654 562 provinciarum,
676 518 890 560 oppidorum,
920 520 1075 546 terrarum
1101 517 1133 544 et

399 573 544 604 locorum
570 579 848 614 quorumcumque
867 567 960 599 nobis
980 571 1011 598 et
1028 564 1130 597 dietae

399 624 473 657 Sodi
492 629 554 656 tam
573 623 710 656 mediate
735 632 829 664 quam
856 619 1041 652 immediate
1058 617 1133 649 sub-

400 677 556 709 iectorum
591 675 755 707 nobilibus
788 672 1010 716 praesentibus
1038 676 1066 702 et
1088 670 1133 701 su-

402 730 487 769 turis,
503 729 731 770 cuiuscumque
747 731 857 764 status,
870 725 986 767 gradus
1001 729 1029 755 et
1045 733 1132 766 prae-

401 781 595 813 eminentiae
622 786 654 812 et
678 778 840 821 dignitatis
865 777 1015 810 existant,
1037 780 1069 806 ut
1090 776 1133 806 la-

400 833 496 865 nilieii
527 838 557 864 et
582 832 676 864 serici
714 837 818 869 artes,
846 840 881 861 ac
917 827 1132 870 argentariam

400 896 454 917 sen
480 883 736 923 nummulariam,
768 892 895 914 necnon
922 885 1131 918 mercaturas,

400 937 636 979 negotiationes
655 941 686 967 et
702 933 895 967 commercia
912 941 1133 976 quaecumque

401 992 494 1028 terra,
517 989 594 1020 mari
619 989 667 1020 vel
686 987 814 1019 {lumine
831 996 989 1025 exercere,
1009 989 1134 1016 nostra-

401 1053 462 1085 que
487 1047 517 1074 et
541 1041 631 1074 Sedis
656 1040 817 1083 praefatae
851 1049 886 1071 ac
915 1039 1016 1070 almae
1041 1036 1133 1068 Urbis

400 1099 529 1127 nostrae
556 1099 586 1125 et
611 1092 857 1135 provinciarum,
879 1090 1051 1128 civitatum,
1077 1100 1134 1131 op-

401 1147 546 1190 pidorum
562 1173 569 1186 ‚
599 1151 757 1177 terrarum
784 1149 816 1176 et
843 1145 986 1176 locorum
1011 1141 1134 1185 praedi-

401 1205 525 1232 ctorum
541 1198 710 1240 vectigalia
735 1197 918 1229 conducere
934 1221 941 1234 ‚
960 1195 1132 1237 omniaque

402 1257 433 1284 et
470 1252 596 1293 singula
633 1251 664 1282 in
698 1248 883 1292 praemissis
923 1253 953 1279 et
983 1247 1068 1279 eirca
1098 1258 1133 1279 ea

401 1303 646 1347 quomodolibet
672 1300 869 1334 neccessaria
895 1306 924 1332 et
950 1304 1132 1342 opportuna

402 1358 504 1390 facere
528 1356 574 1389 et¹
596 1355 710 1398 exequi
726 1355 827 1387 libere
847 1359 879 1385 et
896 1353 981 1385 licite
1008 1352 1134 1395 possint

401 1415 432 1442 et
449 1411 575 1442 valeant
596 1407 785 1450 (dummodo
809 1412 914 1438 [anien
932 1416 1058 1437 merces
1075 1404 1133 1436 mi-

400 1461 521 1494 nuatim
547 1471 604 1503 per
628 1471 660 1492 se
690 1459 775 1502 ipsos
813 1458 945 1490 minime
976 1457 1132 1499 vendant)

401 1515 481 1547 itaut
506 1519 680 1556 propterea
714 1512 837 1543 nullum
864 1510 994 1543 omnino
1020 1520 1132 1542 eorum

401 1566 571 1605 nobilitati,
598 1564 756 1608 dignitati,
784 1563 904 1606 gradui,
931 1562 1131 1601 conditioni,

401 1620 513 1658 titulis,
540 1617 879 1662 praeeminentiaeque
906 1621 938 1649 et
962 1627 1134 1658 praeroga-

402 1673 473 1705 tivis
488 1671 723 1715 praeiudicium
740 1670 905 1709 inseratur,
922 1675 973 1701 aut
992 1668 1133 1701 illatum²

401 1735 530 1768 quoquo
550 1725 645 1757 modo
660 1724 735 1763 dici,
751 1723 885 1763 censeri,
900 1723 1069 1766 praetendi
1084 1724 1132 1755 vel

401 1778 538 1820 intelligi
564 1788 705 1820 unquam
732 1777 841 1820 possit,
860 1777 914 1808 sed
941 1776 1000 1818 ipsi
1018 1786 1131 1808 omues

402 1836 433 1863 et
456 1829 586 1872 singuli,
605 1840 782 1872 eorumque
808 1828 864 1861 filii
890 1827 1011 1871 posteri
1034 1834 1065 1860 et
1082 1828 1134 1860 de-

402 1883 595 1915 scendentes
611 1882 804 1925 quicumque
827 1881 859 1913 in
875 1881 988 1913 eodem
1002 1881 1133 1913 omnino

402 1935 577 1968 nobilitatis
610 1941 641 1968 et
676 1935 840 1977 dignitatis
874 1935 973 1976 gradu
1010 1934 1074 1966 sint
1103 1939 1135 1966 et

402 1992 614 2027 remaneant,
649 1987 744 2020 etiam
773 1988 809 2019 ad
837 1986 984 2019 ell'ectum
1023 1997 1134 2019 conse-

403 2040 521 2083 quendi
548 2039 693 2071 habitum
719 2044 750 2071 et
774 2049 900 2071 crucem
927 2039 1059 2071 fratrum
1076 2038 1134 2070 mi-

402 2093 491 2125 litum
524 2092 562 2124 de
587 2092 719 2131 Iustitia,
748 2091 916 2133 hospitalis
947 2091 979 2123 S.
1007 2091 1133 2124 loannis

403 2144 694 2187 Hierosolymitani,
710 2155 745 2176 ac
763 2144 793 2176 S.
809 2144 974 2186 Stephani,
991 2144 1135 2176 aliarum-

403 2208 465 2241 que
489 2197 675 2230 militiarum
707 2202 737 2229 et
769 2196 922 2228 Ordinum
947 2197 1134 2229 militarium

404 2262 693 2295 quorumcumque,
720 2250 813 2283 etiam
839 2250 987 2293 specifica
1006 2256 1037 2282 et
1053 2250 1135 2283 indi-

403 2306 496 2338 vidua
520 2304 683 2337 mentione
717 2310 747 2336 et
777 2304 988 2346 expressione
1022 2303 1136 2346 digno-

404 2368 482 2398 rum,
510 2368 686 2399 eorumque
714 2356 902 2399 privilegiis,
936 2356 1135 2398 praerogati-

404 2411 457 2450 vis,
480 2409 756 2452 praeeminentiis,
790 2409 982 2448 honoribus,
1012 2408 1134 2441 iuribus

404 2469 436 2496 et
453 2463 563 2505 gratiis
588 2462 711 2495 fruendi
735 2466 765 2493 et
782 2461 954 2503 gaudendi,
975 2472 1010 2493 ac
1029 2462 1134 2504 quoad

440 2544 448 2568 l
475 2542 569 2569 l’artic.
591 2544 616 2568 et
637 2541 760 2568 addimus
780 2548 811 2566 ex
831 2539 949 2566 Cherub.
967 2540 1006 2572 (n.
1027 2540 1075 2573 Τ.).

438 2586 455 2612 2
474 2586 617 2619 Perperam
637 2585 700 2612 edit.
719 2583 800 2610 Main-
821 2583 942 2611 illartcm
957 2591 1005 2617 pro
1020 2583 1135 2610 illatum

403 2629 485 2659 hahet
503 2630 539 2666 (a.
555 2629 603 2665 iu).

973 256 1152 281 BULLARIUM
1175 254 1326 279 ROMANUM

1172 302 1234 335 alia
1258 302 1364 335 omnia
1390 307 1421 335 et
1445 303 1578 345 singula,
1596 307 1656 335 tam
1675 299 1901 340 ecclesiastica,

1173 366 1266 397 quam
1291 356 1436 398 profana,
1456 356 1520 387 sive
1546 355 1733 395 saecularia,
1756 354 1794 387 ad
1821 362 1903 396 quae

1174 408 1299 440 nobiles
1325 409 1569 451 quomodolibet
1599 407 1722 440 admitti
1750 411 1782 439 et
1805 405 1905 449 recipi

1174 464 1413 492 consueverunt
1448 470 1503 491 seu
1537 465 1675 503 possunt
1710 464 1741 492 et
1766 459 1904 499 debent,

1174 522 1239 544 non
1264 522 1356 543 secus
1381 523 1417 544 ac
1447 512 1470 544 si
1490 512 1570 545 nihil
1592 512 1829 556 praedictorum
1847 521 1906 543 un-

1175 573 1269 604 quam
1294 562 1523 601 exercuissent,
1548 568 1660 596 tenore
1684 562 1903 606 praesentium

1175 614 1383 646 concedimus
1409 620 1439 646 et
1463 614 1679 657 indulgemus.

1218 667 1232 709 ἓ
1257 666 1287 699 3.
1315 667 1533 699 Decernentes
1565 667 1692 699 easdem
1719 672 1905 709 praesentes
1917 678 2099 703 mausum-‚prio-

1916 708 2044 725 servativa.

1176 718 1298 751 litteras
1324 724 1356 751 et
1380 718 1411 750 in
1437 718 1481 750 eis
1501 724 1651 751 contenta
1671 729 1904 762 quaecumque,

1176 771 1270 803 etiam
1298 781 1334 803 ex
1361 781 1399 803 eo
1435 771 1520 813 qnod
1547 771 1741 813 quicumque
1760 771 1791 803 in
1816 781 1908 814 prae-

1177 824 1280 856 missis
1301 824 1405 855 forsan
1427 823 1585 855 interesse
1608 823 1764 855 habentes
1782 834 1837 855 seu
1857 823 1909 856 ha-

1177 877 1252 909 bere
1287 875 1533 919 quomodolibet
1562 876 1813 918 praetendentes
1846 874 1908 908 illis

1177 931 1240 962 no'n
1261 929 1500 967 consenserint,
1523 938 1582 960 nec
1606 928 1644 959 ad
1670 938 1706 960 ea
1731 927 1842 967 vocati,
1868 927 1910 959 ci-

1178 982 1231 1015 tati
1246 989 1275 1015 et
1288 982 1398 1021 auditi,
1415 992 1520 1024 neque
1536 991 1659 1020 causae,
1675 986 1811 1024 propter
1831 990 1909 1024 quas

1177 1040 1365 1077 praesentes·
1390 1034 1579 1073 emanarint,
1598 1033 1795 1065 sufficienter
1812 1033 1911 1065 addu-

1177 1093 1257 1125 ctae,
1286 1086 1465 1118 verificalae
1498 1085 1745 1118 et·iustisicatae
1769 1085 1907 1125 suerint,

1177 1145 1229 1171 aut
1254 1150 1289 1171 ex
1316 1139 1376 1171 alia
1411 1149 1609 1181 quacumque
1637 1137 1839 1181 quantumvis
1865 1137 1911 1169 iu-

1177 1195 1232 1232 sta,
1260 1192 1402 1233 legitima
1428 1197 1459 1223 et
1484 1190 1680 1233 privilegiata
1707 1192 1809 1230 causa,
1828 1190 1911 1222 colo-

1177 1255 1222 1284 re,
1242 1249 1408 1287 praetextu
1433 1248 1464 1275 et
1481 1244 1593 1286 capite,
1609 1243 1703 1275 etiam
1725 1243 1756 1274 in
1773 1252 1910 1285 corpore

1177 1297 1254 1329 iuris
1280 1298 1399 1335 clauso,
1426 1297 1521 1328 etiam
1547 1295 1695 1335 enormis,
1726 1294 1912 1327 enormissi-

1177 1361 1246 1382 mae
1275 1354 1306 1382 et
1332 1349 1436 1381 totalis
1462 1348 1626 1389 laesionis,
1652 1349 1743 1380 nullo
1770 1358 1911 1390 unquam

1178 1408 1323 1445 tempore
1343 1402 1380 1433 de
1399 1401 1617 1443 subreptionis
1635 1401 1683 1433 vel
1709 1400 1910 1443 obreptionis

1177 1462 1230 1488 aut
1254 1455 1412 1487 nullitatis
1442 1454 1516 1486 vitio
1549 1465 1602 1486 seu
1636 1453 1825 1486 intentionis
1854 1464 1911 1485 no—

1177 1514 1261 1540 strae
1280 1513 1334 1540 aut
1351 1508 1503 1540 interesse
1518 1507 1705 1539 habentium
1715 1500 1910 1539 consensus(

1177 1561 1276 1594 aliove
1291 1560 1443 1603 quolibet,
1461 1560 1556 1592 etiam
1575 1560 1778 1602 quantumvis
1792 1568 1910 1601 magno

1176 1620 1207 1646 et.
1231 1613 1447 1653 substantiali,
1474 1624 1509 1645 ac
1540 1612 1764 1654 inexcogitato,
1782 1612 1911 1644 inexco-

1177 1666 1309 1709 gitabili,
1328 1665 1593 1708 individuamque
1612 1664 1849 1707 expressionem
1865 1674 1910 1697 re-

1177 1720 1326 1763 quirente
1353 1719 1476 1752 defectu
1501 1718 1618 1759 notari,
1644 1718 1838 1761 impugnari,
1865 1717 1912 1749 in-

1177 1772 1282 1815 fringi,
1309 1771 1494 1812 retraetari,
1521 1771 1551 1803 in
1577 1771 1625 1803 ius
1649 1772 1698 1803 vel
1724 1775 1911 1803 controver-

1176 1826 1255 1858 siam
1276 1824 1428 1865 revocari,
1450 1830 1503 1857 aut
1520 1825 1557 1857 ad
1579 1824 1734 1857 terminos
1752 1823 1837 1863 iuris,
1853 1833 1908 1855 seu

1176 1884 1377 1919 statutorum,
1403 1878 1694 1911 stabilimentorum
1727 1882 1758 1909 et-
1782 1876 1910 1909 ordina-

1178 1931 1301 1964 tionum
1327 1930 1561 1973 capitularium,
1586 1928 1855 1962 consuetudinum
1881 1933 1911 1960 et

1177 1995 1291 2016 usuum
1317 1994 1353 2015 ac
1381 1983 1623 2026 privilegiorum
1648 1981 1817 2024 hospitalis
1837 1980 1910 2013 atio-

1176 2047 1312 2079 rumque
1337 2035 1489 2067 Ordinum
1514 2035 1699 2067 militarium
1726 2033 1909 2066 huiusmodi

1178 2090 1297 2129 reduci,
1313 2089 1528 2121 autadversus
1542 2088 1612 2120 illas
1627 2086 1815 2130 aperitionis
1835 2086 1908 2125 oris,

1177 2141 1390 2175 restitutionis
1416 2142 1447 2172 in
1474 2141 1641 2182 integrum,
1662 2139 1787 2172 aliudve
1807 2139 1910 2182 quod-

1178 2205 1314 2237 cumque
1332 2194 1418 2233 iuris,
1437 2193 1507 2225 sacti
1525 2194 1573 2225 vel
1592 2193 1710 2235 gratiae
1732 2192 1909 2224 remedium

1178 2248 1356 2291 impetrari,
1369 2258 1424 2279 seu
1443 2247 1623 2289 impetrato,
1639 2245 1794 2277 autetiam
1810 2249 1908 2283 motu,

1179 2300 1315 2334 scientia
1345 2305 1376 2332 et
1399 2299 1568 2342 psdestatis
1593 2298 1793 2341 plenitudine
1826 2296 1911 2340 pari-

1178 2354 1235 2386 bus
1251 2363 1405 2386 concesso
1421 2353 1469 2385 vel
1495 2356 1652 2389 emanato,
1677 2350 1859 2394 quempiam
1879 2350 1910 2381 in

1178 2406 1298 2439 iudicio
1313 2406 1362 2438 vel
1380 2411 1469 2437 extra
1484 2405 1562 2437 illud
1588 2404 1631 2435 uti
1663 2414 1717 2435 seu
1744 2413 1778 2435 se
1803 2402 1909 2435 iuvare

1178 2469 1290 2501 posse,
1306 2458 1362 2490 sed
1381 2458 1465 2499 ipsas
1479 2461 1665 2499 praesentes
1690 2456 1815 2488 litteras
1831 2465 1911 2487 sem-

1178 2522 1238 2554 per
1266 2511 1374 2543 firmas
1398 2510 1520 2542 validas
1545 2517 1576 2542 et
1599 2509 1746 2542 efficaces
1772 2507 1909 2553 existege

1216 2626 1225 2651 1
1250 2624 1319 2653 Edit.
1340 2624 1416 2651 Maia.
1438 2623 1500 2659 legit
1520 2631 1655 2651 consensu
1670 2626 1708 2659 (R.
1724 2623 1773 2657 T.)-

1907 254 1958 278 An.
1981 250 2010 278 C.
2028 247 2093 278 1671
