2279 3260
491 232 554 265 τρο
1038 236 1213 259 numanum!
1242 235 1392 259 noMAMtM

533 293 619 327 circa
644 292 811 331 cadavera,
837 302 919 335 quae
945 292 976 324 in
1002 300 1113 323 eorum
1140 288 1286 322 ecclesiis
1313 289 1533 332 sepeliuntur,
1560 288 1623 322 ‘⁵208
1658 288 1674 319 b
1711 293 1742 321 et.
1766 298 1850 331 seq.;
1875 286 1938 321 300
1964 298 1981 319 a

536 353 566 380 et
591 346 630 386 b·,
652 346 765 379 fratres
792 343 923 387 praefati
942 344 972 376 in
993 343 1140 385 Hispania
1168 347 1303 384 possunt
1322 341 1437 383 eligere
1462 347 1700 375 conservatores
1719 351 1780 373 non
1805 341 1984 383 designatos

535 399 567 432 in
586 399 708 443 synodo
729 397 927 435 dioecesana,
955 395 1012 428 301
1044 395 1082 436 [13
1108 395 1241 427 fratrum
1262 393 1416 426 Minorum
1438 394 1476 426 de
1497 394 1699 427 observantia
1725 394 1869 427 ministro
1894 403 1983 436 gene-

535 453 590 487 rali
616 451 764 485 subditur
790 454 963 482 conventus
980 449 1010 481 S.
1032 449 1271 481 Bonaventurae
1294 446 1525 490 Lugdunensis,
1542 446 1606 479 3002
1623 448 1639 480 b
1655 453 1686 480 et
1705 457 1781 491 seq.;
1806 452 1985 480 controver-

537 505 601 539 siae
619 502 865 548 supprinnintnr
885 511 957 534 rum
975 501 1181 544 deputatione
1199 510 1329 532 suornm
1355 499 1554 539 officialium,
1579 499 1643 532 310
1668 510 1687 532 a
1712 506 1741 533 et
1766 510 1851 543 sequ,
1875 501 1985 532 fratres

534 557 665 602 praefati
691 555 872 599 provinciae
897 554 928 586 S.
953 554 1082 587 Antonii
1104 553 1254 585 Brasiliao
1271 552 1482 587 absolvuntur
1498 563 1512 585 a
1533 553 1688 592 censuris,
1705 558 1734 586 et
1758 553 1986 596 dispensantur

535 612 573 644 ab
598 608 844 652 irregularitate,
872 607 936 641 310
962 607 992 648 b3
1018 607 1129 639 fratres
1156 606 1286 649 praefati
1312 605 1459 638 obtinent
1494 615 1533 638 ne
1566 605 1758 649 Cappuccini
1792 611 1983 638 conventum

535 674 589 697 seu
609 662 740 695 domum
766 661 890 704 erigant
914 660 944 693 in
970 660 1041 693 loco
1066 659 1204 699 vianne,
1232 658 1294 692 347
1320 658 1337 690 b
1361 665 1390 692 et
1413 669 1496 702 seq.;
1521 659 1630 692 fratres
1655 659 1807 702 praedicti
1832 664 1862 691 et
1887 659 1985 691 refor-

535 716 610 749 mati
636 714 781 748 obtinent
806 713 920 758 passim
946 724 1003 757 per
1027 713 1163 746 aluisum
1190 713 1314 746 indulta
1339 713 1400 745 voti
1427 713 1592 756 perpetui,
1625 718 1656 745 et
1685 712 1848 756 privilegia
1881 722 1986 755 perso-

534 769 628 810 nalia,
653 778 735 812 quae
761 773 963 805 revocantur,
985 766 1124 809 exeeptis
1149 765 1350 799 confessariis
1372 765 1601 809 imperatorum
1627 771 1658 799 et
1682 775 1804 808 regum,
1828 764 1892 798 349
1916 765 1931 796 b
1956 771 1987 797 et

534 833 609 867 seq.;
642 831 746 865 neque
778 822 808 854 in
843 821 967 854 civitate
992 819 1214 860 Maioriccnsi,
1254 818 1317 852 396
1353 819 1369 851 b
1405 825 1436 852 et.
1467 829 1551 862 seq.;
1586 820 1719 852 fratrum
1752 817 1987 860 praedictorum

533 876 680 911 minister
706 875 752 907 vel
777 873 1021 907 commissarius
1048 873 1202 916 generalis
1232 877 1339 914 potest
1369 873 1490 915 erigere
1516 871 1792 905 confraternitates
1817 870 1988 914 Cliordige-

534 940 643 963 rorum
669 929 700 961 in
727 927 869 961 ecclesiis
895 927 1033 966 Ordinis,
1055 926 1086 958 in
1114 926 1191 958 locis
1218 930 1320 958 tamen
1340 925 1393 958 ubi
1419 936 1483 958 non
1501 925 1563 958 sint
1588 925 1724 958 Minores
1749 925 1988 964 Conventuales,

535 981 599 1018 413
617 993 635 1015 α
662 987 691 1014 et
716 981 751 1021 113
778 981 843 1013 414
867 990 910 1020 α.;
935 980 1048 1012 fratres
1074 979 1205 1023 praefati
1231 978 1409 1012 custodiam
1434 979 1493 1012 sub
1516 979 1647 1012 nomine
1668 977 1893 1012 Immaculatae
1909 977 1988 1011 Con-

537 1035 691 1081 ceptionis
715 1034 747 1068 in
771 1045 884 1068 novam
917 1033 1115 1077 provinciam
1142 1033 1270 1077 erigunt
1286 1043 1359 1067 cum
1377 1032 1662 1066 disinemliratione
1682 1030 1865 1076 provinciae
1882 1031 1911 1064 S.
1930 1031 1990 1064 An-

535 1090 613 1124 tonii
639 1089 852 1129 Brasiliensis,
879 1087 943 1121 585
967 1098 987 1120 a
1012 1093 1042 1121 et
1066 1098 1128 1130 seq.

449 1143 534 1179 Ordo
558 1143 819 1176 Praedicatorum
845 1152 900 1175 seu
926 1141 956 1175 S.
979 1140 1159 1181 Dominici,
1187 1139 1251 1173 164
1276 1140 1311 1180 ἰν,
1339 1140 1489 1173 fratribus
1510 1145 1536 1173 et
1557 1138 1786 1173 consororibus
1807 1138 1902 1171 etiam
1927 1143 1990 1171 ter-

536 1197 637 1230 tiariis
663 1196 757 1229 huius
782 1194 908 1229 Ordinis
934 1194 1121 1228 conceditur
1146 1199 1179 1227 ut
1206 1193 1333 1227 missam
1360 1193 1483 1226 Rosarii
1507 1193 1670 1227 audientes
1694 1192 1860 1225 obtineant
1883 1191 1989 1224 indul-

536 1249 659 1294 gentias
695 1259 774 1293 quas
806 1249 974 1282 lucrantur
999 1247 1170 1281 recitantes
1196 1253 1297 1280 totum
1322 1246 1513 1284 Romnum,
1538 1245 1636 1286 ibicis,
1661 1246 1755 1278 huius
1780 1245 1907 1278 Ordinis
1933 1244 1991 1278 fuit

538 1303 567 1337 S.
592 1303 676 1336 Rosa
701 1301 740 1335 de
765 1301 866 1341 Lima,
887 1301 957 1334 vide
981 1301 1012 1334 S,
1041 1301 1123 1333 Rosa
1148 1300 1186 1333 de
1212 1300 1318 1339 Lima3
1346 1299 1421 1332 item
1447 1299 1477 1332 S,
1496 1298 1675 1332 Ludovicus
1691 1298 1896 1338 Beni-andus,
1922 1297 1992 1330 vide

543 1356 740 1396 Ludovicus;
766 1355 838 1388 item
863 1355 897 1387 B.
927 1353 1141 1388 Gundisalvus
1166 1353 1204 1386 de
1230 1354 1411 1393 Amaranto,
1438 1351 1503 1385 32:35
1527 1352 1555 1385 b.

450 1410 535 1445 Ordo
560 1409 801 1454 Redemptionis
828 1408 1030 1452 Captivorum
1058 1407 1117 1440 sub
1143 1407 1236 1440 titulo
1260 1406 1293 1439 B.
1314 1405 1427 1439 Mariae
1451 1405 1489 1439 de
1513 1406 1677 1446 Mercede,
1696 1404 1759 1438 433
1783 1405 1816 1445 b,
1841 1403 1991 1438 fratribus

537 1462 744 1497 Discalccatis
776 1463 871 1495 huius
903 1460 1031 1494 Ordinis
1068 1460 1352 1494 communicantur
1386 1459 1551 1504 privilegia
1582 1457 1621 1492 ab
1662 1458 1791 1492 rrbano
1822 1457 1889 1490 VIII
1926 1458 1991 1490 iam

540 1527 690 1550 concessa
716 1514 963 1559 Congregationi
989 1514 1260 1548 Discalceatorum
1292 1514 1343 1547 SS.
1375 1513 1553 1555 Trinitatis,
1580 1512 1646 1546 134
1669 1523 1689 1545 a
1713 1517 1743 1546 et
1767 1522 1850 1556 ηιμ
1876 1511 1994 1545 Discal-

540 1571 619 1604 ceati
645 1575 812 1613 nequeunt
837 1569 974 1603 transire
999 1568 1037 1601 ad
1063 1568 1223 1602 Calceatos
1247 1568 1389 1601 eiusdem
1415 1567 1554 1608 Ordinis,
1573 1566 1637 1600 417
1656 1566 1691 1607 b·,
1715 1576 1775 1600 nee
1800 1565 1839 1599 ad
1864 1566 1994 1600 Carthu-

540 1624 660 1664 sianos,
687 1624 788 1665 ibicis,
813 1623 947 1656 fratrum
972 1622 1209 1666 praedictorum
1235 1621 1388 1655 ecclesiae
1412 1621 1552 1664 gaudent
1577 1619 1772 1663 indulgentia
1796 1619 1937 1664 plenaria
1961 1619 1993 1652 in

542 1677 637 1712 certis
671 1677 776 1717 festis,
804 1676 869 1710 469„
902 1676 918 1707 b
942 1682 969 1710 et
995 1687 1078 1720 seq.;
1105 1676 1217 1709 fratres
1247 1674 1402 1719 praedicti
1428 1680 1491 1708 tam
1525 1674 1659 1708 Calceati
1690 1684 1787 1717 quam
1815 1672 1993 1706 Excalceati

543 1737 676 1775 possunt
701 1730 820 1774 ubique
852 1731 1013 1763 celebrare
1038 1730 1152 1762 festum
1178 1729 1320 1762 omnium
1347 1729 1536 1762 Sanctorum
1567 1727 1693 1762 Ordinis
1716 1736 1773 1760 xm
1796 1725 1992 1766 novembris,

541 1783 604 1819 550
636 1785 669 1825 b,
705 1790 735 1818 et
759 1794 859 1818 novos
890 1789 1065 1818 conventus
1096 1783 1218 1827 erigere
1251 1783 1290 1816 de
1322 1783 1389 1816 sola
1424 1781 1668 1815 Ordinariorum
1704 1780 1856 1821 licentia,
1890 1778 1953 1812 588
1978 1779 1994 1811 b

542 1843 573 1872 et
596 1850 657 1883 seq.

456 1892 540 1926 Ordo
570 1892 808 1936 Redemptionis
833 1891 1034 1936 Captivorum
1061 1891 1120 1924 sub
1144 1891 1236 1924 titulo
1261 1890 1314 1923 SS.
1343 1889 1516 1929 Trinitatis,
1542 1888 1608 1922 388
1633 1899 1670 1929 α;
1698 1888 1843 1921 ministro
1867 1889 1915 1922 vel
1940 1898 1994 1931 ge-

541 1946 640 1980 nerali
671 1946 872 1990 procuratori
906 1945 1001 1978 datur
1032 1945 1166 1978 facultas
1202 1943 1325 1987 ubique
1356 1943 1633 1978 confraternitates
1665 1942 1713 1975 sui
1739 1941 1869 1975 Ordinis
1900 1940 1995 1974 insti-

540 1999 650 2033 tuendi
683 2005 713 2032 et
742 1999 956 2042 indulgentias
981 1997 1264 2038 communicandi,
1290 1996 1353 2030 388
1386 2007 1406 2030 a
1432 2002 1462 2031 et
1487 2007 1568 2040 seq.;
1593 1995 1743 2029 fratribus
1767 1993 1940 2039 praedictis
1964 1993 1995 2026 in

542 2053 832 2086 communicatione
850 2054 1062 2097 praefatarum
1086 2051 1358 2094 indulgentiarum
1376 2049 1608 2095 praescribitur
1623 2059 1703 2082 nova
1720 2048 1869 2089 formula,
1889 2046 1946 2080 391
1969 2047 1996 2087 b,

542 2106 692 2139 fratribus
717 2106 890 2150 praedictis
914 2116 976 2139 non
1002 2106 1074 2139 licet
1101 2107 1219 2139 habere
1244 2105 1399 2149 imagines
1423 2105 1457 2138 B.
1486 2104 1569 2138 Petri
1594 2103 1756 2136 Paschasii
1784 2113 1856 2135 cum
1885 2113 1995 2135 eorum

542 2159 655 2195 habitu
679 2160 833 2202 depictas,
858 2159 922 2192 578
947 2160 963 2191 b
988 2165 1017 2193 et
1040 2171 1122 2203 scq.;
1148 2159 1279 2192 fratrum
1304 2158 1541 2202 praedictorum
1566 2156 1834 2191 Discalceatoruin
1860 2156 1997 2198 Congre-

542 2213 679 2257 gationis
711 2214 880 2258 Hispaniae
906 2213 1148 2247 constitutiones
1172 2213 1356 2245 referuntur
1381 2217 1411 2245 et
1437 2210 1667 2254 approbantur,
1695 2209 1759 2243 613
1785 2221 1805 2243 ει
1830 2215 1860 2243 et
1884 2220 1946 2253 seq.

453 2266 538 2301 Ordo
562 2266 593 2300 S.
621 2267 794 2309 Benedicti,
823 2267 892 2299 v'dc
917 2267 1059 2300 Monaclii
1084 2267 1319 2305 Cistercienses,
1346 2264 1393 2298 vel
1419 2263 1650 2297 Cassinensium
1676 2263 1898 2307 Congregatio.

1213 2385 1235 2417 Ρ

452 2483 635 2517 pacificatio
661 2483 744 2516 inter
768 2482 970 2516 Genevenses
996 2488 1026 2516 et
1050 2482 1164 2515 ducem
1190 2481 1377 2521 Sabuudiae,
1396 2487 1560 2524 tamquam
1579 2480 1693 2514 laesiva
1720 2479 1838 2512 iurium
1865 2478 1999 2522 Aposto-

545 2537 622 2571 licae
646 2536 736 2570 Sedis
761 2542 789 2570 et
814 2536 1003 2569 cathedralis
1025 2536 1227 2576 Genevensis,
1253 2536 1453 2580 reprobatur,
1479 2534 1541 2568 518
1567 2546 1585 2567 ιι
1612 2540 1643 2567 et
1667 2544 1726 2577 seq.

457 2590 600 2625 Palutius
625 2590 799 2624 cardinalis
825 2589 980 2631 Alterius,
1007 2599 1090 2624 unus
1116 2601 1133 2623 a
1163 2588 1381 2623 cardinalibus
1405 2588 1643 2632 protectoribus
1669 2587 1792 2630 collegii
1818 2583 1996 2620 Germanici

544 2644 583 2681 de
608 2643 705 2685 Urbe,
732 2643 796 2679 543
822 2643 849 2676 b.
