2279 3260
239 272 276 296 An
309 269 338 294 C.
359 268 418 293 tt37t

297 2321 437 2341 Solitudinem

254 2351 346 2374 quaerit.

475 259 535 291 l‘M·
1010 263 1187 289 Butuntum

433 323 465 349 et
499 317 643 359 >pineam
681 315 767 348 illius
809 313 1036 357 assumpsisset
1076 321 1168 343 coro-

433 381 518 402 nam.
547 370 644 401 lluius
679 368 867 401 diadematis
902 364 1021 408 triplici
1058 364 1165 401 iactu,

433 421 466 454 in
491 423 543 454 SS.
571 421 693 453 'l‘riadis
726 418 946 457 reverentiam,
973 417 1190 447 dactnonumt

434 474 658 515 suggestiones
684 472 769 505 illico
804 472 912 512 fugare
947 470 1168 504 consueverat,

435 527 511 559 satis
536 526 689 558 instructa
716 525 794 556 tales
812 522 921 564 spinas
947 530 1011 552 non
1037 518 1169 557 violare,

435 580 491 612 sed
512 580 628 611 vallare
648 579 705 609 lias
728 586 826 608 rosas
845 573 939 605 Strati
959 572 1005 604 sui
1021 570 1168 604 duritiem

436 643 504 665 cain
532 642 602 663 esse
637 629 757 667 voluit,
783 637 864 669 quae
898 634 1044 657 somnum
1069 621 1169 663 magis

436 684 589 726 abigeret,
616 693 709 725 quam
736 679 937 717 coneiliaret;
954 677 1033 709 itaut
1050 674 1170 707 dormi-

436 743 526 768 turae
554 737 638 767 idem
664 738 749 765 essct
774 732 908 764 lectulus
941 734 972 762 et
996 729 1170 771 equuleus,

437 790 573 822 cervical
600 792 650 819 aut
678 784 844 828 iinpolitus
863 788 1003 821 truncus,
1024 786 1079 812 aut
1096 779 1172 822 lapi·
1192 787 1194 800 ¹

438 843 494 875 des
520 842 551 873 in
578 841 662 872 hunc
687 849 780 869 11511111
802 834 996 874 absconditi,
1019 832 1105 877 quod
1124 843 1173 864 eu-

437 895 502 928 bile
536 891 716 936 praeacutis
750 895 861 932 postea
897 888 1077 929 tegirilarum
1111 885 1173 917 sra-

1211 262 1361 287 nouitium

1209 321 1280 343 cum
1307 310 1455 343 altariolo
1473 310 1659 349 construxit,
1675 307 1727 342 ad'
1749 309 1906 352 illudque,
1926 319 1943 341 a

1210 364 1319 394 mensa
1334 367 1365 394 et
1383 373 1399 394 a
1420 363 1537 394 lectulo
1554 372 1701 404 surgens,
1723 366 1756 392 ut
1772 361 1811 393 ad
1829 360 1943 393 orandi

1210 415 1330 456 asylum
1365 414 1572 457 properabat.
1614 412 1823 446 Proverbium
1862 417 1942 444 erat:

1211 466 1348 498 Hortum
1363 465 1470 505 adeas,
1486 467 1514 497 si
1527 465 1681 498 Rosulam
1697 465 1836 508 quaeris.
1855 463 1943 497 Donii

1211 518 1243 549 in
1259 518 1407 550 cubiculo
1423 519 1492 550 sola
1510 517 1541 549 in
1559 517 1706 550 oratione
1722 516 1941 560 pernoctabat.

1211 569 1318 601 Exitus
1343 580 1359 602 e
1383 570 1487 609 domo,
1502 569 1616 612 poenis
1640 569 1735 602 etiam
1759 568 1831 608 sihi,
1846 569 1894 601 vel
1913 567 1945 600 in

1212 621 1293 664 pede
1319 632 1416 661 saxo,
1441 622 1489 653 vel
1515 621 1547 653 in
1572 621 1673 653 oculis
1705 620 1946 653 mordacissimo

1213 674 1324 717 pipere
1351 673 1468 714 indico,
1483 673 1621 713 inflictis,
1648 673 1774 713 vitabat,
1795 673 1948 706 tolerabi-

1214 726 1273 758 lius
1298 725 1441 758 iudicans
1465 725 1648 765 excaecari,
1675 736 1770 768 quam
1794 725 1948 758 vanitates

1214 778 1335 812 sacculi
1360 778 1564 822 prospicere.
1588 778 1649 811 Pro
1668 778 1795 811 arctiori
1808 788 1947 818 recessu,

1215 842 1278 864 non
1303 831 1372 864 sine
1397 833 1514 873 inagna
1539 831 1634 869 lucta,
1655 835 1686 862 et
1702 829 1832 873 praevio
1856 830 1951 862 mira-

1215 884 1271 916 bili
1297 888 1423 916 ostento
1450 883 1603 926 Dciparae
1630 887 1662 914 et
1685 882 1778 925 pueri
1801 882 1889 921 lesu,
1920 881 1951 913 111

438 946 586 989 gmentis,
609 949 829 985 testarumque
851 941 1021 973 fractarum
1052 938 1175 980 trique-

439 999 495 1031 tris
526 998 572 1029 sic
603 995 771 1039 implevit,
797 999 831 1025 ut
863 993 1064 1034 singularum
1099 1000 1195 1033 pars*

438 1055 624 1084 mucronata
661 1049 888 1081 obrcrtcretur
925 1044 1078 1087 corpori3
1113 1053 1174 1075 nec

439 1111 511 1137 ante
537 1114 571 1135 se
597 1103 635 1134 ad
660 1110 807 1133 somnum
833 1099 1059 1140 componebat,
1079 1106 1174 1139 quam

440 1155 524 1188 sellis
551 1155 666 1186 liaustu
692 1152 797 1183 fauces
812 1149 1028 1182 amaricasset.
1047 1147 1099 1180 Sic
1119 1147 1175 1178 sso-

440 1208 528 1240 ridus
554 1211 622 1239 erat
658 1204 756 1237 huius
786 1212 920 1245 sponsae
958 1201 1116 1238 lectulus,
1145 1203 1177 1230 et.

440 1270 560 1303 sponso
580 1258 687 1291 divino
705 1257 785 1289 adeo
803 1260 921 1297 gratus,
937 1259 972 1285 ut
989 1264 1057 1285 eain
1077 1262 1176 1295 quan-

1193 1080 1196 1105 l

441 1314 547 1355 doque
572 1316 708 1355 propter
726 1310 805 1341 haec
823 1309 917 1351 plcnc
937 1305 1116 1339 exanimem
1138 1303 1177 1335 vi·
1197 1310 1200 1380 ι

441 1365 579 1398 5111111101·
597 1372 756 1406 apparens
775 1361 959 1393 consolatus
978 1358 1083 1397 suerit,
1104 1367 1178 1399 pro·
1197 1381 1200 1397 ,

442 1418 596 1462 ponendo
634 1416 662 1448 01
699 1414 863 1447 duriorem
901 1417 932 1443 ct
956 1410 1177 1453 angustiorem
1197 1400 1201 1477 ι

442 1482 533 1503 51111111
570 1470 722 1502 lectulum
760 1466 929 1499 Calrariae.
964 1465 1019 1497 His
1054 1463 1177 1496 artibus

1215 936 1410 969 sanctissimi
1435 935 1563 968 Ros-arii
1589 935 1718 975 sacello,
1741 935 1871 967 tandem
1896 935 1953 967 ob-

1194 1027 1196 1041 1
1218 990 1313 1022 tinuit
1338 1001 1354 1021 a
1379 994 1481 1021 matre
1500 988 1532 1020 in
1550 993 1694 1020 extremo
1719 987 1806 1020 horti
1833 989 1952 1029 angulo

1194 1042 1195 1046 ’
1216 1043 1365 1075 cellulam
1389 1042 1532 1084 quinque
1550 1041 1670 1084 pedum
1690 1039 1903 1082 longitudinis
1922 1045 1954 1072 et

1217 1100 1354 1139 quatuor
1379 1093 1565 1133 latitudinis,
1591 1093 1645 1125 ubi
1670 1103 1736 1125 non
1761 1094 1865 1125 solum
1889 1104 1955 1125 ma-

1217 1159 1315 1180 nuum
1342 1146 1454 1186 labori,
1470 1146 1525 1179 scd
1544 1145 1747 1189 potissimum
1768 1145 1953 1178 collectioni

1217 1200 1349 1245 spiritus
1374 1205 1404 1233 et
1430 1199 1671 1242 contemplandi
1687 1198 1793 1231 studio
1818 1203 1955 1237 vacaret,

1220 1259 1342 1286 tantuin
1368 1253 1411 1285 ibi
1437 1253 1540 1285 solum
1561 1252 1666 1284 inesse
1684 1251 1779 1294 spatii
1800 1251 1954 1293 gaudens,

1219 1311 1372 1349 quantum
1398 1304 1457 1337 sibi
1483 1310 1514 1336 et
1539 1314 1658 1346 sponso
1675 1303 1806 1335 caelesti
1832 1302 1956 1335 suffice-

1221 1364 1278 1390 ret.
1304 1358 1337 1390 ln
1364 1358 1423 1390 hac
1449 1357 1533 1389 felici
1559 1366 1668 1389 eremo
1693 1355 1900 1388 ascensiones
1924 1355 1955 1387 in

1220 1411 1315 1444 corde
1331 1421 1387 1443 suo
1399 1409 1601 1453 disponebat,
1616 1414 1647 1441 et
1659 1419 1755 1451 supra
1769 1418 1803 1440 se
1821 1408 1956 1447 elevata,

1199 1482 1201 1517 ἶ
1221 1463 1388 1496 videbatur
1413 1461 1521 1505 potius
1547 1466 1635 1494 extra
1661 1471 1791 1504 corpus,
1814 1471 1906 1503 quain
1924 1460 1956 1492 in

1946 260 1996 286 Αη.
2017 259 2048 287 C.
2067 258 2130 287 ¹671

442 1533 589 1556 somnum
615 1531 707 1552 51111111
742 1519 823 1551 intra
859 1518 993 1550 duarum
1025 1517 1179 1548 horarum
1199 1523 1201 1561 j
1222 1526 1357 1559 corpore
1383 1516 1514 1557 degere.
1534 1514 1598 1546 Sub
1617 1513 1722 1556 specie
1747 1514 1859 1546 stellae
1884 1523 1958 1556 pro-

443 1575 606 1618 angustias
631 1572 785 1612 coercuit,
807 1576 837 1604 et
862 1570 1057 1613 quandoque
1083 1568 1179 1600 etiam
1222 1569 1313 1601 batae
1339 1567 1551 1612 perfeetionis
1576 1572 1742 1598 matronae
1768 1566 1801 1598 in
1822 1565 1890 1598 visu
1908 1576 1957 1608 ap-

442 1629 548 1667 minus
573 1627 666 1670 spatii
685 1625 869 1668 importuno
888 1622 1030 1655 exactori
1050 1631 1180 1654 conces·
1200 1620 1201 1634 ¹
1222 1621 1344 1665 paruit·‚
1371 1619 1490 1652 civitati
1506 1619 1588 1652 0111111
1608 1619 1742 1661 Regum,
1757 1618 1860 1661 qualis
1879 1617 1957 1650 dici-

444 1681 496 1713 sit.
525 1680 681 1712 Diurnum
708 1677 793 1709 enim
819 1681 1077 1717 nocturnumque
1104 1679 1181 1706 tem-

444 1744 502 1777 pus
527 1733 573 1765 sic
593 1731 815 1770 distribuebat,
834 1735 869 1761 ut
886 1739 920 1761 ex
941 1734 1076 1770 utroque
1102 1728 1181 1759 duo-

445 1787 548 1819 decim
568 1786 707 1827 integras
727 1784 822 1816 horas
840 1782 978 1815 orationi
997 1786 1181 1825 seponeret‚
1201 1799 1203 1823 3,

444 1840 522 1872 alias
542 1840 654 1871 decem
672 1837 774 1870 labori
804 1846 953 1868 manuum
980 1846 1042 1878 quo
1067 1845 1182 1877 paren-

446 1899 493 1925 tes
508 1895 709 1929 sustentaret,
723 1889 939 1931 impendebat,
950 1888 1091 1931 reliquas
1103 1888 1181 1919 duas

445 1944 533 1976 brevi
559 1943 659 1986 quieti
694 1951 874 1984 somnoque
904 1941 1091 1983 deputabat.
1119 1940 1183 1972 Ad-

447 2006 556 2028 versus
583 1995 672 2027 cuius
698 1993 830 2025 insidias
856 1994 978 2025 clavum
1002 1992 1118 2035 parieti
1140 1991 1182 2024 in-

446 2048 569 2087 fixerat,
598 2047 648 2079 cui
674 2046 871 2089 capillitium‚
897 2045 983 2088 quod
1008 2045 1046 2077 ad
1072 2051 1182 2087 tegen-

448 2102 519 2133 dam
557 2111 708 2133 coronam
741 2104 947 2139 reservarat,
981 2098 1181 2132 strictissime

447 2153 650 2197 implicabat,
685 2162 788 2194 eoque
815 2156 974 2183 tormento
999 2152 1182 2184 somnolen-

449 2207 525 2239 tiam
552 2206 676 2247 sugatis,
691 2206 730 2237 ad
756 2214 867 2247 preces
899 2203 1080 2235 recitandas
1105 2203 1182 2246 vigi-

449 2259 506 2292 lias
528 2268 713 2291 accrescere
738 2261 961 2289 consueverat.

493 2314 507 2353 ξ,
532 2312 583 2344 1³2¹.
612 2311 769 2343 AEmulata
803 2315 986 2342 sanctorum
1010 2309 1183 2342 anachore-

451 2372 555 2398 tarum
580 2374 723 2396 secessus
752 2363 804 2405 qui
829 2363 863 2394 in
887 2361 986 2394 eremi
1011 2362 1183 2394 solitudine

449 2418 610 2450 Christum
634 2416 802 2449 Dominum
834 2421 1050 2458 receperunt,
1079 2416 1183 2448 adhuc

450 2472 553 2503 infans
579 2469 739 2503 solitarios
773 2469 859 2501 domi
889 2470 1022 2510 angulos
1048 2480 1185 2512 quaere-

450 2530 514 2563 bat,
540 2524 720 2566 puellarum
745 2532 845 2563 nugas
878 2521 1023 2563 fugiens,
1057 2527 1092 2553 ut
1115 2523 1184 2555 sola

451 2587 522 2609 cum
541 2576 605 2608 Deo
631 2586 688 2607 suo
715 2574 932 2606 delitesceret.
951 2573 1184 2607 Grandiuscula

451 2639 487 2662 ex
514 2626 672 2661 umbrosis
693 2627 843 2659 arborum
861 2625 956 2658 ramis
973 2624 1182 2659 oratoriolum

1200 1671 1202 1706 ἶ
1224 1681 1274 1707 tur
1298 1674 1505 1714 Lin'1a‚suuin
1531 1672 1711 1705 debebatur
1735 1672 1840 1714 sydus,
1871 1671 1957 1714 quod

1223 1728 1262 1760 ad
1276 1727 1438 1760 Christum
1453 1725 1625 1758 Dominum
1642 1735 1750 1767 regem
1769 1735 1881 1766 regunt
1896 1724 1958 1756 dux

1224 1786 1320 1813 esset.
1346 1779 1500 1812 Divinitus
1524 1783 1733 1821 prospectum
1767 1777 1824 1809 suit
1856 1781 1891 1808 ut
1914 1776 1957 1808 ibi

1224 1827 1370 1866 residens
1396 1833 1578 1875 complures
1598 1831 1751 1864 distantes
1775 1829 1886 1862 missas
1905 1840 1959 1862 au-

1225 1888 1309 1920 diret
1332 1887 1539 1928 videretque,
1566 1895 1630 1917 non
1656 1894 1747 1916 secus
1773 1894 1809 1916 ac
1838 1882 1864 1915 si
1891 1893 1959 1915 cor—

1224 1950 1303 1982 pore
1328 1948 1482 1981 praesens
1509 1937 1629 1968 suisset.
1655 1935 1816 1968 innumeri
1838 1934 1958 1967 culices

1225 1993 1308 2025 hano
1334 1990 1592 2024 amichoreticani
1617 1989 1765 2021 cellulam
1786 1987 1958 2028 intrabant,

1225 2055 1283 2077 nec
1310 2050 1417 2076 tamen
1437 2043 1487 2074 vel
1512 2052 1594 2073 unus
1621 2041 1680 2073 suit
1708 2041 1760 2083 qui
1782 2051 1849 2072 eam
1879 2051 1959 2072 mor-

1225 2097 1317 2130 deret
1354 2101 1407 2128 aut
1443 2095 1640 2136 attingeret,
1675 2099 1741 2125 esto
1780 2092 1876 2125 ctiam
1907 2103 1959 2125 re-

1226 2150 1354 2192 ligiosas
1387 2158 1544 2191 personas
1576 2147 1764 2179 accedentes
1797 2145 1960 2178 hostiliter

1225 2203 1426 2235 invaderent.
1454 2200 1641 2233 Huiusmodi
1667 2199 1820 2232 bestiolas
1845 2199 1883 2231 ad
1904 2198 1959 2231 Dei

1226 2255 1336 2289 laudes
1361 2265 1420 2297 pro
1446 2264 1505 2286 suo
1524 2254 1655 2286 modulo
1679 2252 1898 2295 personandas
1914 2252 1960 2284 sic

1226 2308 1379 2342 incitabat
1405 2313 1436 2340 et
1460 2306 1652 2339 mirabiliter
1669 2307 1810 2348 regebat,
1828 2311 1862 2338 ut
1878 2305 1960 2338 Rosa

1225 2373 1329 2406 prope
1347 2361 1489 2403 attigisse
1508 2360 1681 2403 imperium
1695 2359 1792 2392 statui
1809 2359 1960 2391 innocen-

1227 2416 1288 2448 tiae
1306 2420 1510 2454 reservatum,
1529 2418 1560 2445 ct
1576 2413 1608 2444 in
1629 2415 1666 2445 ea
1683 2412 1857 2445 solitudine
1874 2413 1961 2445 velut

1227 2468 1257 2500 in
1276 2466 1428 2511 paradiso
1446 2465 1565 2499 morari
1591 2465 1787 2498 crederetur.
1806 2465 1839 2497 In
1864 2465 1959 2497 huius

1227 2518 1379 2562 tugurioli
1404 2528 1532 2551 recessu
1558 2528 1628 2549 cum
1655 2518 1725 2550 sola
1749 2522 1835 2557 erat,
1862 2522 1917 2550 aut
1942 2528 1959 2550 a

1226 2572 1355 2605 nemine
1380 2582 1414 2604 se
1441 2571 1606 2603 observari
1632 2571 1783 2614 putabat,
1817 2570 1958 2603 tenerius

1262 2636 1272 2661 1
1296 2633 1442 2670 Praeposit.
1464 2633 1501 2659 ad
1521 2632 1645 2660 addimus
1665 2640 1696 2659 ex
1717 2632 1832 2660 Cherub.
1854 2637 1892 2668 tn.
1909 2633 1957 2670 T.)-
